3888 5550
837 325 885 375 Did
908 325 1039 376 mitrula·
1052 345 1056 352 ·

286 417 309 458 9.
322 409 381 452 tuit.
392 408 419 449 tt
431 407 457 452 P.

591 503 672 589 quod
696 524 766 590 pars
788 504 983 569 harchiaoum
1008 514 1124 568 rorant.

593 611 664 674 irinc
686 612 802 694 primas
825 609 918 692 capiti
941 609 1014 672 duas

525 730 578 772 soro
592 735 648 778 neo
673 733 733 777 non
755 725 784 778 et
797 709 930 777 ¹totidem
955 712 1075 776 ultimas

592 829 783 884 excrementa
808 819 903 899 magis
926 826 1033 899 putant

592 943 648 986 uec
671 923 786 989 ducunt
809 941 936 986 numero
959 921 1079 1003 pedum.

591 1038 662 1092 suut
684 1027 760 1091 haec
783 1044 948 1099 carmon,
972 1026 1044 1088 item
1067 1023 1224 1098 dabunt;

591 1132 688 1196 sotum
712 1129 888 1195 Pierides
911 1138 1021 1201 manat,

529 1251 581 1298 trus
595 1237 675 1320 quod
697 1235 798 1300 reddit
821 1237 974 1317 geminum
997 1233 1116 1316 podem,

591 1342 695 1405 dicunt
718 1359 807 1423 quem
831 1339 1065 1412 choriambicum,

591 1448 660 1530 quia
684 1446 803 1526 longam
826 1446 963 1528 sequitur
986 1442 1094 1516 bruris.

592 1549 703 1614 claudit
725 1550 813 1632 longa
836 1548 959 1612 brevem
983 1549 1126 1612 aiteram:

592 1673 661 1718 nam
685 1667 752 1718 Dus
776 1652 865 1736 longa
889 1655 922 1718 dt
945 1651 1038 1716 altera

527 1775 579 1820 roro
592 1759 694 1822 iuncta
718 1767 786 1842 post
807 1758 867 1822 sibi
889 1775 1031 1822 consona.

591 1865 635 1926 sio
658 1872 777 1944 ponunt
799 1863 932 1926 medium
956 1861 1065 1944 podem

591 1971 706 2050 primas
728 1969 809 2031 iuter
832 1975 863 2029 et
886 1966 1015 2038 ultimas,

590 2089 741 2136 sarman
764 2069 940 2134 Pioridos
964 2068 1120 2132 dabunt.

591 2193 662 2255 pars
686 2177 780 2259 prima
805 2174 854 2238 irio
879 2176 958 2238 raris
981 2172 1058 2237 solet

526 2296 578 2340 aus
592 2280 761 2362 spondeum
783 2280 875 2342 modo
897 2291 1028 2348 sumere,
1072 2289 1075 2296 '

592 2385 673 2448 idom
697 2403 789 2467 saepo
812 2394 842 2447 ot
865 2383 983 2447 iambus
1007 2389 1061 2444 ast.

591 2489 649 2552 hoo
672 2488 709 2552 de
732 2487 869 2572 Septimii
892 2496 979 2570 potes

591 2593 702 2655 iuuetis
725 2611 852 2657 noscere
876 2590 1025 2660 versibus,

424 2777 427 2782 Ι
592 2695 785 2780 ‘geritque
808 2699 914 2762 intus
936 2698 974 2760 iu
996 2694 1177 2778 oppidum

526 2799 751 2864 tooauheios
774 2801 922 2881 Panope
945 2803 1113 2881 grages’.

593 2905 670 2968 aiter
692 2905 866 2969 consimiles
889 2905 980 2976 dedit,

592 3009 730 3090 ‘opimo
753 3009 910 3092 adposui
933 3027 1047 3072 senor

542 3155 545 3164 .
591 3114 715 3176 Amori
738 3131 836 3178 arma
859 3114 1059 3178 Feretrio’.

592 3217 767 3282 trochaeum
790 3237 910 3301 quoque
934 3219 977 3280 sio
1000 3215 1088 3287 locat,

518 3323 802 3404 .toat‘purpurao
826 3321 947 3403 reguli
972 3322 1110 3390 saues',

592 3427 710 3490 ‘intus
734 3425 793 3489 hic
818 3426 880 3490 uhi
903 3425 1089 3490 consitum
1115 3426 1195 3486 ost’.

591 3538 683 3610 utque
707 3539 752 3593 est
776 3529 896 3594 mobilis
920 3531 967 3592 hio
982 3528 1084 3599 iocus,

590 3635 733 3697 immotus
757 3643 858 3698 manat
881 3633 1018 3696 ultimus:

591 3755 721 3822 namquo
744 3739 792 3802 hic
815 3756 936 3820 semper
959 3737 1077 3800 iambus
1100 3745 1179 3800 ost·

525 3855 577 3902 raro
592 3843 719 3906 tendunt
740 3843 832 3906 iatius
855 3843 913 3906 hoo
935 3859 1040 3924 genus,

591 3945 665 4009 duos
688 3955 721 4009 ut
743 3945 966 4011 choriambioos

590 4049 745 4115 inciudant
768 4049 882 4114 modios
904 4053 1006 4132 pedes,

592 4163 621 4218 st
644 4157 682 4218 sit
705 4172 808 4218 versus
831 4155 868 4218 ad
891 4155 972 4220 hunc
996 4153 1128 4227 modum,

591 4277 735 4324 carmon
759 4259 931 4322 Pierides
955 4259 1194 4324 dulcisonum
1219 4258 1374 4324 dabunt.

525 4377 577 4421 rau
591 4361 704 4446 duplex
726 4361 774 4426 hic
799 4363 992 4442 choriambus
1015 4375 1070 4436 ast,

351 4623 420 4675 2610
442 4635 467 4674 et
484 4639 533 4676 om.
552 4623 589 4684 Μ,
608 4626 669 4677 add.
689 4624 812 4690 ritteyrros
880 4627 947 4676 2611
972 4626 1129 4676 irroremeuta
1147 4625 1250 4678 diarius
1272 4625 1422 4678 Victorinus
1438 4641 1466 4691 p.
1485 4627 1544 4680 119.
1565 4630 1601 4679 34

316 4709 383 4761 2613
407 4706 481 4778 haee]
506 4711 555 4761 hae
583 4711 686 4764 Morino
713 4711 862 4763 Victorinus
932 4713 999 4762 2616
1029 4711 1116 4762 dicum
1145 4727 1221 4775 quoru
1246 4710 1407 4775 §Dionnum
1432 4710 1465 4762 M
1535 4713 1604 4765 2618

281 4793 377 4847 claudit
399 4795 478 4864 lunga
502 4811 519 4854 ς
538 4795 640 4850 Claudii
663 4799 767 4864 iungam
788 4797 821 4848 M
888 4799 954 4849 2629
977 4799 1083 4864 agitque
1106 4801 1216 4849 coniecit
1238 4797 1401 4850 Schrader-ua
1419 4801 1492 4863 apud
1508 4799 1601 4852 Sonte-

281 4883 347 4932 ru'rurr
416 4881 484 4935 2630
501 4883 607 4951 Panope
625 4896 642 4942 ς
662 4883 820 4936 ΡΑΝΟΡΑΕ
840 4883 884 4936 rii-¹
903 4885 937 4950 cs.
957 4885 1038 4940 Dium.
1055 4902 1082 4951 p.
1102 4888 1162 4948 511,
1176 4887 1208 4936 18
1277 4885 1345 4937 2633
1363 4883 1555 4938 iussurum
1570 4887 1600 4952 dl
