3858 5560
585 283 588 290 Δ
654 312 658 320 “
727 283 1070 386 ’Διιεάιιιιιιιιιιιιι
1140 285 1142 294 ’

751 625 801 691 nn
823 624 1055 709 meruimus

332 743 479 810 Latinitas
494 748 566 836 quid¹
582 748 647 811 esti
671 747 848 812 observatio
863 749 1040 831 incorrupte
1057 745 1199 828 loquendi
1215 745 1384 810 seeundum
1401 743 1567 808 Romanam

246 851 389 932 linguam.
434 851 515 926 Quot
536 851 634 916 modis
656 859 775 915 constat
797 850 949 915 latinitas?
977 850 1099 915 Tribus
1146 847 1283 922 Quibusi
1306 849 1441 922 Ratione,
1466 855 1568 912 sucto-

245 957 345 1027 ritate,
384 956 615 1020 consuetudine.
665 954 794 1019 Ratione
830 955 998 1039 quatenus?
1035 952 1210 1016 Secundum
1248 954 1418 1026 technieos,
1455 951 1486 1014 ld
1524 961 1569 1015 est

108 1057 110 1062 ’
163 1053 166 1062 ’
219 1061 356 1123 seruum
379 1059 560 1124 indicares,
597 1056 675 1132 Quid
702 1057 902 1122 auctoritate?
935 1057 1077 1120 Veterum
1099 1057 1216 1120 scilicet
1239 1054 1244 1144 1
1268 1056 1441 1120 lectionum.
1475 1054 1567 1130 ‘Ouid

245 1163 484 1227 consuetudine?
521 1163 636 1227 Eorum
665 1161 843 1238 uerborum,
872 1179 951 1244 quae
973 1180 990 1222 e
1014 1160 1113 1224 medio
1136 1160 1280 1240 loquendi
1302 1179 1359 1223 usu
1382 1158 1491 1243 placita
1514 1159 1595 1223 sd·'

246 1275 427 1350 sumptaque
450 1276 532 1330 sunt
1587 1257 1592 1278 ¹

821 1455 872 1520 DE
893 1454 995 1524 VOCE

330 1579 393 1641 Vox
416 1577 491 1660 quid
514 1579 579 1642 esti
615 1585 675 1642 ner
697 1579 775 1640 ictus
798 1575 1014 1657 sensibilisque
1037 1575 1158 1649 auditu,
1194 1586 1337 1656 quantum
1365 1579 1397 1641 in
1425 1579 1491 1660 ipso
1514 1585 1568 1640 est.

129 1743 134 1754 ,
207 1682 334 1747 soVocls
356 1684 476 1764 species
497 1691 571 1765 quot
593 1682 681 1744 sunt?
709 1681 802 1746 Duae.
847 1679 930 1754 Onne
954 1681 1042 1744 sonti
1070 1679 1232 1744 Articuleio
1256 1690 1286 1743 et
1309 1681 1445 1748 contusa.
1489 1683 1567 1744 irti-

245 1785 343 1851 culnia
377 1805 455 1870 quae
491 1785 558 1848 esti
595 1784 757 1848 llominum
794 1793 910 1848 tanturn
945 1785 1044 1848 modo.
1090 1782 1174 1848 Vnde
1208 1783 1367 1848 articulata
1394 1785 1474 1848 dicte
1504 1785 1568 1848 esti

245 1889 332 1964 Quod
360 1888 488 1954 articulo
517 1888 680 1953 scribentis
709 1887 927 1972 comprehendi
960 1889 1066 1968 possit
1113 1887 1196 1962 Orroe
1229 1899 1274 1972 est
1303 1877 1448 1952 coniuent
1484 1887 1568 1963 erae

244 1993 340 2058 scribi
368 2012 429 2057 non
458 2001 574 2076 potest,
603 2001 635 2056 ut
662 2002 734 2074 puta
764 1995 865 2056 orium
895 1991 1026 2063 balatus,
1056 1991 1124 2074 equi
1152 1989 1297 2059 hinnitus,
1327 1994 1459 2070 mugitus
1482 1990 1568 2056 boris

245 2106 275 2160 et
297 2116 359 2161 non
381 2095 483 2161 nullas
505 2097 582 2161 allae
610 2105 799 2160 necessust.
844 2113 935 2159 sonos
967 2114 1089 2179 quoque
1110 2113 1217 2159 omnes
1238 2113 1327 2158 voces
1356 2093 1501 2168 dicimus,
1535 2103 1567 2159 ut

206 2201 485 2294 u‘iractasque
508 2201 551 2263 ad
575 2201 693 2264 litora
716 2197 869 2284 roces’ll

793 2359 842 2454 nl:
864 2389 1021 2454 cusmvs

331 2511 411 2589 Quid
435 2519 507 2576 sunt
528 2513 635 2576 casusi
657 2511 776 2575 Gradus
791 2510 913 2594 quidam
929 2511 1150 2576 declinationis.
1194 2511 1279 2574 Vnde
1295 2511 1386 2575 dictii
1415 2508 1489 2584 Quia
1511 2529 1568 2593 per

246 2635 298 2680 eos
320 2617 466 2700 pleraque
498 2619 621 2679 nomina
644 2635 660 2680 a
683 2619 781 2698 prima
811 2618 858 2678 sui
885 2615 1035 2696 positione
1066 2615 1175 2679 inllexo
1203 2618 1359 2679 varientur
1387 2617 1417 2679 et
1446 2615 1565 2680 cedant.

245 2721 347 2795 Quare
368 2719 568 2808 pleraqueet
590 2737 651 2783 nnn
674 2720 792 2783 omnia?
829 2719 908 2782 Sunt
940 2722 1022 2783 enim
1046 2719 1192 2803 quaedam
1216 2719 1374 2792 vocabula,
1406 2737 1483 2800 quse
1512 2737 1568 2801 per

206 2844 333 2889 annaeus
355 2824 436 2888 ilecti
460 2843 519 2888 non
543 2825 683 2907 possunt,
713 2833 746 2886 ut
767 2832 838 2906 puta
868 2842 996 2906 nequam
1031 2841 1126 2906 nugas
1148 2824 1228 2904 irugi
1252 2821 1350 2886 nihili.
1396 2821 1476 2896 Quot
1498 2830 1567 2885 sunt

232 2947 333 2992 casus
354 2926 586 2992 declinauonist
608 2928 678 2990 Sex.
718 2926 775 3001 Qui
798 2927 885 2990 sunt?
908 2927 1124 3001 Nominatirus,
1141 2930 1309 3006 genetivus,
1326 2927 1453 2998 dativus,
1477 2945 1566 2990 eccu-

244 3035 370 3104 satirus,
394 3033 554 3104 vocativus,
579 3028 736 3094 ablativus.
771 3029 830 3092 Sed
847 3033 872 3092 sl
890 3049 905 3092 o
922 3031 1059 3095 cadendo
1081 3051 1170 3095 casus
1192 3031 1266 3093 dicti
1289 3037 1368 3102 sunt,
1392 3049 1452 3114 quo
1476 3030 1567 3094 modo

245 3138 450 3200 nominativus
472 3153 561 3198 casus
583 3133 643 3198 dici
672 3141 786 3216 potest,
816 3135 867 3216 qui
901 3133 999 3197 adbuc
1028 3137 1059 3198 in
1089 3155 1144 3198 suo
1166 3133 1246 3198 'stetu
1276 3144 1323 3198 est
1350 3153 1406 3198 neo
1430 3153 1445 3198 a
1470 3137 1566 3218 prima

245 3241 395 3322 positione
418 3240 466 3302 sni
482 3237 603 3309 cecidit,
627 3257 685 3320 quo
709 3239 742 3300 iit
765 3246 837 3301 uta
861 3239 999 3319 genetivo
1022 3257 1111 3304 casus
1131 3256 1197 3301 esse
1212 3239 1361 3320 incipiant
1383 3257 1417 3302 ac
1440 3256 1496 3319 per
1510 3239 1567 3302 lroc

208 3345 305 3407 tilam
329 3344 462 3424 quinque
485 3343 565 3404 sinti
602 3340 738 3405 Dicimus
772 3359 832 3404 non
861 3340 949 3405 aliter
978 3333 1344 3425 nominativum’quoque
1374 3360 1476 3406 cesum
1506 3343 1567 3407 dici

245 3467 351 3532 posse,
380 3465 471 3530 quam
494 3454 527 3508 ut
548 3447 580 3508 in
603 3443 763 3526 gradibus,
799 3463 854 3528 per
882 3465 958 3527 quos
980 3446 1205 3518 descendimus,
1240 3443 1324 3509 illum
1348 3449 1512 3528 etiamqui
1536 3447 1567 3508 in

317 3671 331 3721 ι
350 3669 395 3721 ns
413 3654 626 3722 simultane
644 3671 727 3723 υιοιι
747 3672 810 3732 ιιι,
826 3673 859 3722 ιι
877 3671 1007 3737 aqueus
1025 3673 1117 3736 aens
1169 3672 1186 3724 s
1204 3669 1249 3722 nn
1268 3669 1359 3724 vocs
1380 3671 1462 3726 mon.
1476 3675 1568 3732 reus

317 3741 349 3791 ιι
366 3737 412 3790 ne
429 3737 573 3792 ensibus
592 3740 676 3792 oron.
695 3743 757 3800 sor,
771 3741 809 3792 es

246 3858 454 3870 ——ss

316 3935 719 3991 sustinuissemus
774 3940 792 3990 i
812 3939 954 3990 secundum
973 3939 1067 3990 artium
1086 3939 1224 3990 traditores
1244 3940 1268 3991 A
1327 3941 1343 3992 ii
1365 3939 1509 3998 lectiones

247 4005 314 4068 Quid
331 4007 541 4066 consuetudine?
566 4006 663 4059 Eorum
681 4021 748 4072 quae
766 4010 791 4059 in
810 4008 897 4059 medio
920 4008 1043 4073 loquendi
1062 4024 1112 4060 usu
1138 4009 1234 4077 plecltu
1251 4008 1443 4076 adsumptaque
1461 4021 1522 4060 sunt
1541 4011 1566 4062 A

245 4075 442 4138 consuetudine,
461 4092 529 4144 qnae
545 4077 679 4129 doctorum
697 4076 777 4129 modo
795 4076 919 4142 loquendi
936 4093 986 4128 rrsu
1005 4077 1101 4145 piacita
1117 4089 1305 4146 assumptaque
1323 4089 1386 4130 sunt
1403 4091 1419 4135 ς
1471 4080 1488 4130 9
1507 4093 1568 4130 sen-

246 4145 383 4212 sibilisque
394 4147 484 4198 sntlito
497 4147 519 4198 0
534 4146 625 4198 auditu
642 4145 775 4198 sensibilis
794 4149 819 4198 A
839 4147 971 4198 sensibilis
989 4149 1033 4212 qni
1052 4148 1156 4200 auditur
1174 4160 1191 4204 ς
1244 4148 1276 4199 ii
1295 4147 1402 4198 articula
1414 4148 1482 4198 dicte
1494 4149 1569 4200 estG

316 4215 349 4267 12
366 4229 435 4280 qnae
452 4225 493 4267 est
509 4215 621 4268 coniitsrt
639 4217 665 4268 A
683 4229 751 4279 quse
768 4214 878 4267 coniusa
896 4215 918 4268 0
978 4232 1046 4281 quae
1063 4217 1141 4268 scribi
1160 4231 1211 4268 non
1230 4217 1316 4285 possit
1334 4228 1363 4268 ut
1379 4229 1443 4284 puta
1463 4215 1566 4281 Oquae

247 4284 325 4337 scribi
344 4299 396 4346 riou
415 4296 501 4352 potest
518 4297 546 4336 ιιι
564 4295 627 4352 puta
644 4283 724 4335 ueluti
742 4283 768 4336 A
787 4299 854 4354 quse
871 4285 949 4336 scribi
967 4299 1020 4336 nou
1038 4297 1126 4352 potest
1143 4285 1223 4338 ueluti
1241 4299 1258 4342 ς
1311 4287 1443 4342 resonos
1462 4300 1566 4350 quoqne

247 4369 338 4406 onnes
357 4367 436 4404 uoaes
457 4353 569 4405 dicimus
593 4363 621 4406 ut
638 4353 785 4418 lluctusqus
805 4368 822 4403 a
843 4354 919 4406 litore
942 4369 1021 4406 croces
1038 4356 1188 4406 audiuimus
1207 4355 1228 4407 0
1250 4370 1331 4406 sonos
1355 4370 1458 4420 quoque
1477 4369 1566 4406 omnes

180 4481 182 4484 ,
246 4437 327 4475 uoces
344 4422 456 4474 dicimus
474 4434 503 4475 ιιι
524 4423 672 4488 fractasque
695 4421 858 4487 (iactusque
875 4424 920 4474 Ab
940 4422 1086 4488 imctesque
1104 4424 1167 4490 Am)
1186 4425 1220 4476 sd
1238 4424 1324 4476 littora
1342 4439 1421 4475 uoces
1440 4425 1465 4476 A
1485 4439 1566 4475 sonos

247 4507 352 4558 qnoque
370 4505 462 4543 omnes
479 4492 642 4574 uppeliarpns
661 4507 749 4558 uoces,
768 4503 796 4542 ιιι
814 4491 907 4574 lluetps
926 4494 969 4556 qui
988 4506 1004 4543 a
1022 4493 1106 4544 littore
1123 4493 1265 4576 audiuntur
1282 4505 1299 4550 ς
1328 4561 1333 4576 ι
1369 4495 1401 4574 li
1420 4490 1486 4553 Quid
1504 4505 1568 4544 sunt

246 4559 1567 4698 welittttitt‘tnini’tstttt‘idtit’sttdtdislmtl’„t,n

247 4715 332 4819 lille
353 4715 409 4820 Ριῖι
425 4715 446 4826 2
462 4697 798 4822 ‘'⁰⁸¹2i*¹ill⁰0i,t¹¹i
817 4698 892 4818 tir
906 4715 1021 4820 tntu
1044 4699 1221 4822 “idolii
1237 4699 1566 4826 llillnidiillii

248 4783 378 4902 {dudulim
397 4839 468 4889 utin
486 4837 612 4904 podibus
634 4785 701 4903 thos
720 4783 903 4888 discendinrug
920 4837 991 4889 illum
1010 4839 1087 4890 etism
1105 4785 1194 4903 qmqpp
1214 4786 1317 4890 gammo
1336 4850 1376 4890 est
1397 4840 1481 4906 gradu
1499 4839 1581 4891 dici-⁵

249 4921 306 4958 mus
324 4921 382 4957 cum
400 4905 511 4958 elicuit
529 4909 665 4974 superiore
687 4907 798 4974 planicie
821 4905 938 4973 aequalis
957 4908 1031 4960 sitO
1056 4923 1135 4972 qonm
1158 4919 1186 4959 ut
1208 4910 1234 4958 in
1253 4909 1377 4976 gradibus
1400 4923 1452 4974 qno
1475 4923 1567 4961 asceu-
