<?xml version="1.0" encoding="UTF-8"?>
<!DOCTYPE html PUBLIC "-//W3C//DTD XHTML 1.0 Transitional//EN"
    "http://www.w3.org/TR/xhtml1/DTD/xhtml1-transitional.dtd">
<html xmlns="http://www.w3.org/1999/xhtml" xml:lang="en" lang="en">
 <head>
  <title>
</title>
<meta http-equiv="Content-Type" content="text/html;charset=utf-8" />
  <meta name='ocr-system' content='tesseract 3.04.00' />
  <meta name='ocr-capabilities' content='ocr_page ocr_carea ocr_par ocr_line ocrx_word'/>
</head>
<body>
  <div class='ocr_page' id='page_1' title='image "./grammaticilatin05hagagoog_0597.png"; bbox 0 0 3866 5562; ppageno 0'>
   <div class='ocr_carea' id='block_1_1' title="bbox 252 363 1579 516">
    <p class='ocr_par' dir='ltr' id='par_1_1' title="bbox 252 363 1579 516">
     <span class='ocr_line' id='line_1_1' title="bbox 622 363 1578 432; baseline 0.004 -6"><span class='ocrx_word' id='word_1_1' title='bbox 622 375 734 428; x_wconf 82' lang='lat' dir='ltr'><strong>contu.</strong></span> <span class='ocrx_word' id='word_1_2' title='bbox 758 379 807 428; x_wconf 84' lang='lat' dir='ltr'><strong>nn</strong></span> <span class='ocrx_word' id='word_1_3' title='bbox 829 378 987 428; x_wconf 75' lang='lat' dir='ltr'><strong>nunnius</strong></span> <span class='ocrx_word' id='word_1_4' title='bbox 1011 379 1115 430; x_wconf 76' lang='lat' dir='ltr'><strong>onor.</strong></span> <span class='ocrx_word' id='word_1_5' title='bbox 1139 376 1207 425; x_wconf 81' lang='lat' dir='ltr'><strong>e-e</strong></span> <span class='ocrx_word' id='word_1_6' title='bbox 1445 426 1448 432; x_wconf 80' lang='grc'><strong>,</strong></span> <span class='ocrx_word' id='word_1_7' title='bbox 1515 363 1578 430; x_wconf 78' lang='grc'><strong>567</strong></span> 
     </span>
     <span class='ocr_line' id='line_1_2' title="bbox 252 463 1579 516; baseline 0.005 -12"><span class='ocrx_word' id='word_1_8' title='bbox 252 475 275 514; x_wconf 75' lang='lat' dir='ltr'><strong>p.</strong></span> <span class='ocrx_word' id='word_1_9' title='bbox 288 463 347 504; x_wconf 76' lang='lat' dir='ltr'><strong>run</strong></span> <span class='ocrx_word' id='word_1_10' title='bbox 362 463 386 505; x_wconf 82' lang='lat' dir='ltr'><strong>n</strong></span> <span class='ocrx_word' id='word_1_11' title='bbox 399 464 424 506; x_wconf 83' lang='lat'><strong>1².</strong></span> <span class='ocrx_word' id='word_1_12' title='bbox 1401 478 1424 516; x_wconf 74' lang='lat' dir='ltr'><strong>p.</strong></span> <span class='ocrx_word' id='word_1_13' title='bbox 1437 467 1484 508; x_wconf 84' lang='lat' dir='ltr'><strong>eea.</strong></span> <span class='ocrx_word' id='word_1_14' title='bbox 1497 467 1537 508; x_wconf 84' lang='lat' dir='ltr'><strong>seo</strong></span> <span class='ocrx_word' id='word_1_15' title='bbox 1551 467 1579 510; x_wconf 84' lang='lat' dir='ltr'><strong>u.</strong></span> 
     </span>
    </p>
   </div>
   <div class='ocr_carea' id='block_1_2' title="bbox 204 550 1618 3937">
    <p class='ocr_par' dir='ltr' id='par_1_2' title="bbox 204 550 1618 3937">
     <span class='ocr_line' id='line_1_3' title="bbox 407 550 1299 638; baseline 0.004 -26"><span class='ocrx_word' id='word_1_16' title='bbox 407 550 488 630; x_wconf 88' lang='lat' dir='ltr'><strong>quod</strong></span> <span class='ocrx_word' id='word_1_17' title='bbox 510 554 609 632; x_wconf 79' lang='lat' dir='ltr'><strong>gravis</strong></span> <span class='ocrx_word' id='word_1_18' title='bbox 632 562 662 618; x_wconf 89' lang='lat' dir='ltr'><strong>et</strong></span> <span class='ocrx_word' id='word_1_19' title='bbox 687 555 790 617; x_wconf 90' lang='lat' dir='ltr'><strong>tardus</strong></span> <span class='ocrx_word' id='word_1_20' title='bbox 814 574 864 618; x_wconf 91' lang='lat' dir='ltr'><strong>res</strong></span> <span class='ocrx_word' id='word_1_21' title='bbox 886 565 988 638; x_wconf 77' lang='lat' dir='ltr'><strong>gestes</strong></span> <span class='ocrx_word' id='word_1_22' title='bbox 1011 554 1163 618; x_wconf 88' lang='lat' dir='ltr'><strong>mentibus</strong></span> <span class='ocrx_word' id='word_1_23' title='bbox 1186 552 1299 616; x_wconf 84' lang='lat' dir='ltr'><strong>adieri:</strong></span> 
     </span>
     <span class='ocr_line' id='line_1_4' title="bbox 408 652 1369 740; baseline 0.005 -26"><span class='ocrx_word' id='word_1_24' title='bbox 408 652 563 735; x_wconf 77' lang='lat' dir='ltr'><strong>dactleeis</strong></span> <span class='ocrx_word' id='word_1_25' title='bbox 586 667 704 720; x_wconf 90' lang='lat' dir='ltr'><strong>certant</strong></span> <span class='ocrx_word' id='word_1_26' title='bbox 727 657 866 740; x_wconf 87' lang='lat' dir='ltr'><strong>pedibus,</strong></span> <span class='ocrx_word' id='word_1_27' title='bbox 889 661 958 740; x_wconf 83' lang='lat' dir='ltr'><strong>quie</strong></span> <span class='ocrx_word' id='word_1_28' title='bbox 983 660 1107 734; x_wconf 79' lang='lat' dir='ltr'><strong>currere</strong></span> <span class='ocrx_word' id='word_1_29' title='bbox 1132 665 1291 740; x_wconf 85' lang='lat' dir='ltr'><strong>possunt.¹</strong></span> <span class='ocrx_word' id='word_1_30' title='bbox 1367 723 1369 728; x_wconf 67' lang='grc'><em>,</em></span> 
     </span>
     <span class='ocr_line' id='line_1_5' title="bbox 407 755 1176 842; baseline 0.009 -26"><span class='ocrx_word' id='word_1_31' title='bbox 407 755 538 820; x_wconf 76' lang='lat' dir='ltr'><strong>dicimus</strong></span> <span class='ocrx_word' id='word_1_32' title='bbox 562 761 702 840; x_wconf 78' lang='lat' dir='ltr'><strong>egregios</strong></span> <span class='ocrx_word' id='word_1_33' title='bbox 725 760 916 842; x_wconf 81' lang='lat' dir='ltr'><strong>Theopompi</strong></span> <span class='ocrx_word' id='word_1_34' title='bbox 940 779 1024 823; x_wconf 87' lang='lat' dir='ltr'><strong>more</strong></span> <span class='ocrx_word' id='word_1_35' title='bbox 1047 759 1176 834; x_wconf 87' lang='lat' dir='ltr'><strong>labores,</strong></span> 
     </span>
     <span class='ocr_line' id='line_1_6' title="bbox 407 861 1171 940; baseline 0.004 -20"><span class='ocrx_word' id='word_1_36' title='bbox 407 869 437 922; x_wconf 90' lang='lat' dir='ltr'><strong>et</strong></span> <span class='ocrx_word' id='word_1_37' title='bbox 460 861 550 922; x_wconf 83' lang='lat' dir='ltr'><strong>vitam</strong></span> <span class='ocrx_word' id='word_1_38' title='bbox 574 863 725 940; x_wconf 80' lang='lat' dir='ltr'><strong>insignem</strong></span> <span class='ocrx_word' id='word_1_39' title='bbox 749 863 906 926; x_wconf 81' lang='lat' dir='ltr'><strong>laudamus</strong></span> <span class='ocrx_word' id='word_1_40' title='bbox 929 861 1069 926; x_wconf 83' lang='lat' dir='ltr'><strong>isocratis</strong></span> <span class='ocrx_word' id='word_1_41' title='bbox 1092 872 1171 928; x_wconf 87' lang='lat' dir='ltr'><strong>arte:</strong></span> 
     </span>
     <span class='ocr_line' id='line_1_7' title="bbox 226 961 1476 1046; baseline 0.005 -23"><span class='ocrx_word' id='word_1_42' title='bbox 226 975 248 1016; x_wconf 77' lang='lat'><strong>⁵·</strong></span> <span class='ocrx_word' id='word_1_43' title='bbox 407 961 456 1024; x_wconf 87' lang='lat' dir='ltr'><strong>hic</strong></span> <span class='ocrx_word' id='word_1_44' title='bbox 479 961 566 1025; x_wconf 83' lang='lat' dir='ltr'><strong>stilus</strong></span> <span class='ocrx_word' id='word_1_45' title='bbox 589 962 733 1034; x_wconf 87' lang='lat' dir='ltr'><strong>historiis,</strong></span> <span class='ocrx_word' id='word_1_46' title='bbox 758 964 807 1027; x_wconf 91' lang='lat' dir='ltr'><strong>hie</strong></span> <span class='ocrx_word' id='word_1_47' title='bbox 830 962 971 1028; x_wconf 80' lang='lat' dir='ltr'><strong>laudibus</strong></span> <span class='ocrx_word' id='word_1_48' title='bbox 993 967 1094 1044; x_wconf 85' lang='lat' dir='ltr'><strong>aptior</strong></span> <span class='ocrx_word' id='word_1_49' title='bbox 1117 967 1233 1028; x_wconf 84' lang='lat' dir='ltr'><strong>haeret.</strong></span> <span class='ocrx_word' id='word_1_50' title='bbox 1299 1017 1307 1032; x_wconf 91' lang='lat'><strong><em>.</em></strong></span> <span class='ocrx_word' id='word_1_51' title='bbox 1472 1037 1476 1046; x_wconf 92' lang='lat'>.</span> 
     </span>
     <span class='ocr_line' id='line_1_8' title="bbox 338 1063 1584 1150; baseline 0.006 -26"><span class='ocrx_word' id='word_1_52' title='bbox 338 1063 379 1134; x_wconf 84' lang='lat' dir='ltr'><strong>De</strong></span> <span class='ocrx_word' id='word_1_53' title='bbox 403 1063 516 1126; x_wconf 88' lang='lat' dir='ltr'><strong>ambitu</strong></span> <span class='ocrx_word' id='word_1_54' title='bbox 540 1067 601 1128; x_wconf 84' lang='lat' dir='ltr'><strong>sive</strong></span> <span class='ocrx_word' id='word_1_55' title='bbox 626 1069 765 1150; x_wconf 81' lang='lat' dir='ltr'><strong>circuitu,</strong></span> <span class='ocrx_word' id='word_1_56' title='bbox 789 1085 879 1146; x_wconf 88' lang='lat' dir='ltr'><strong>quem</strong></span> <span class='ocrx_word' id='word_1_57' title='bbox 903 1067 1010 1130; x_wconf 85' lang='lat' dir='ltr'><strong>Greeei</strong></span> <span class='ocrx_word' id='word_1_58' title='bbox 1033 1065 1198 1148; x_wconf 77' lang='grc' dir='ltr'><strong><em>περίοδον</em></strong></span> <span class='ocrx_word' id='word_1_59' title='bbox 1221 1069 1338 1144; x_wconf 89' lang='lat' dir='ltr'><strong>dieunt,</strong></span> <span class='ocrx_word' id='word_1_60' title='bbox 1362 1072 1417 1144; x_wconf 89' lang='lat' dir='ltr'><strong>sie,</strong></span> <span class='ocrx_word' id='word_1_61' title='bbox 1577 1073 1584 1084; x_wconf 87' lang='grc'><em>“</em></span> 
     </span>
     <span class='ocr_line' id='line_1_9' title="bbox 406 1157 1184 1257; baseline 0.008 -29"><span class='ocrx_word' id='word_1_62' title='bbox 406 1166 514 1234; x_wconf 85' lang='lat' dir='ltr'><strong>Dicere</strong></span> <span class='ocrx_word' id='word_1_63' title='bbox 537 1167 621 1232; x_wconf 83' lang='lat' dir='ltr'><strong>hluse</strong></span> <span class='ocrx_word' id='word_1_64' title='bbox 643 1157 810 1257; x_wconf 44' lang='lat' dir='ltr'><strong>iubetp&#39;me</strong></span> <span class='ocrx_word' id='word_1_65' title='bbox 833 1171 934 1234; x_wconf 89' lang='lat' dir='ltr'><strong>dicere</strong></span> <span class='ocrx_word' id='word_1_66' title='bbox 957 1171 1046 1234; x_wconf 87' lang='lat' dir='ltr'><strong>iussit</strong></span> <span class='ocrx_word' id='word_1_67' title='bbox 1067 1170 1184 1250; x_wconf 81' lang='lat' dir='ltr'><strong>Apollo,</strong></span> 
     </span>
     <span class='ocr_line' id='line_1_10' title="bbox 408 1272 1271 1358; baseline 0.006 -26"><span class='ocrx_word' id='word_1_68' title='bbox 408 1272 570 1336; x_wconf 83' lang='lat' dir='ltr'><strong>circuitum</strong></span> <span class='ocrx_word' id='word_1_69' title='bbox 593 1281 697 1336; x_wconf 89' lang='lat' dir='ltr'><strong>orator</strong></span> <span class='ocrx_word' id='word_1_70' title='bbox 718 1283 793 1357; x_wconf 87' lang='lat' dir='ltr'><strong>quot</strong></span> <span class='ocrx_word' id='word_1_71' title='bbox 814 1273 961 1337; x_wconf 88' lang='lat' dir='ltr'><strong>membris</strong></span> <span class='ocrx_word' id='word_1_72' title='bbox 984 1272 1113 1336; x_wconf 89' lang='lat' dir='ltr'><strong>reddere</strong></span> <span class='ocrx_word' id='word_1_73' title='bbox 1137 1272 1271 1358; x_wconf 70' lang='lat' dir='ltr'><strong>debelti!</strong></span> 
     </span>
     <span class='ocr_line' id='line_1_11' title="bbox 407 1375 1280 1448; baseline 0.007 -15"><span class='ocrx_word' id='word_1_74' title='bbox 407 1391 468 1446; x_wconf 84' lang='lat' dir='ltr'><strong>ros,</strong></span> <span class='ocrx_word' id='word_1_75' title='bbox 493 1375 609 1438; x_wconf 79' lang='lat' dir='ltr'>Phoebi</span> <span class='ocrx_word' id='word_1_76' title='bbox 633 1380 769 1448; x_wconf 87' lang='lat' dir='ltr'><strong>eomites.</strong></span> <span class='ocrx_word' id='word_1_77' title='bbox 794 1379 905 1442; x_wconf 81' lang='lat' dir='ltr'><strong>animis</strong></span> <span class='ocrx_word' id='word_1_78' title='bbox 927 1376 1002 1438; x_wconf 87' lang='lat' dir='ltr'><strong>haee</strong></span> <span class='ocrx_word' id='word_1_79' title='bbox 1026 1376 1147 1438; x_wconf 85' lang='lat' dir='ltr'><strong>condite</strong></span> <span class='ocrx_word' id='word_1_80' title='bbox 1172 1379 1280 1440; x_wconf 84' lang='lat' dir='ltr'><strong>vestris</strong></span> 
     </span>
     <span class='ocr_line' id='line_1_12' title="bbox 212 1478 1252 1562; baseline 0.01 -30"><span class='ocrx_word' id='word_1_81' title='bbox 212 1491 261 1532; x_wconf 85' lang='grc' dir='ltr'><strong>ιο·</strong></span> <span class='ocrx_word' id='word_1_82' title='bbox 408 1485 438 1537; x_wconf 91' lang='lat' dir='ltr'><strong>et</strong></span> <span class='ocrx_word' id='word_1_83' title='bbox 460 1495 625 1541; x_wconf 81' lang='lat' dir='ltr'><strong>memorem</strong></span> <span class='ocrx_word' id='word_1_84' title='bbox 650 1479 748 1543; x_wconf 87' lang='lat' dir='ltr'><strong>doctis</strong></span> <span class='ocrx_word' id='word_1_85' title='bbox 770 1482 942 1562; x_wconf 85' lang='lat' dir='ltr'><strong>componite</strong></span> <span class='ocrx_word' id='word_1_86' title='bbox 966 1478 1122 1542; x_wconf 88' lang='lat' dir='ltr'><strong>mentibus</strong></span> <span class='ocrx_word' id='word_1_87' title='bbox 1146 1489 1252 1542; x_wconf 88' lang='lat' dir='ltr'><strong>artem.</strong></span> 
     </span>
     <span class='ocr_line' id='line_1_13' title="bbox 403 1567 1331 1652; baseline 0.005 -12"><span class='ocrx_word' id='word_1_88' title='bbox 403 1598 471 1641; x_wconf 87' lang='lat' dir='ltr'><strong>uon</strong></span> <span class='ocrx_word' id='word_1_89' title='bbox 487 1599 581 1644; x_wconf 92' lang='lat' dir='ltr'><strong>unnm</strong></span> <span class='ocrx_word' id='word_1_90' title='bbox 605 1590 711 1646; x_wconf 89' lang='lat' dir='ltr'><strong>natura</strong></span> <span class='ocrx_word' id='word_1_91' title='bbox 735 1583 819 1646; x_wconf 90' lang='lat' dir='ltr'><strong>dedit</strong></span> <span class='ocrx_word' id='word_1_92' title='bbox 842 1601 896 1646; x_wconf 90' lang='lat' dir='ltr'><strong>nos</strong></span> <span class='ocrx_word' id='word_1_93' title='bbox 918 1585 1000 1646; x_wconf 88' lang='lat' dir='ltr'><strong>lerre</strong></span> <span class='ocrx_word' id='word_1_94' title='bbox 1023 1581 1169 1652; x_wconf 81' lang='lat' dir='ltr'><strong>laborem,</strong></span> <span class='ocrx_word' id='word_1_95' title='bbox 1323 1567 1331 1576; x_wconf 54' lang='lat'><strong>⁹</strong></span> 
     </span>
     <span class='ocr_line' id='line_1_14' title="bbox 405 1681 1221 1769; baseline 0.005 -25"><span class='ocrx_word' id='word_1_96' title='bbox 405 1681 524 1764; x_wconf 80' lang='lat' dir='ltr'><strong>legibus</strong></span> <span class='ocrx_word' id='word_1_97' title='bbox 546 1684 673 1748; x_wconf 79' lang='lat' dir='ltr'><strong>alternis</strong></span> <span class='ocrx_word' id='word_1_98' title='bbox 695 1705 772 1769; x_wconf 81' lang='lat' dir='ltr'><strong>quae</strong></span> <span class='ocrx_word' id='word_1_99' title='bbox 796 1686 938 1769; x_wconf 84' lang='lat' dir='ltr'><strong>pulchras</strong></span> <span class='ocrx_word' id='word_1_100' title='bbox 961 1689 1103 1748; x_wconf 89' lang='lat' dir='ltr'><strong>iunxerat</strong></span> <span class='ocrx_word' id='word_1_101' title='bbox 1125 1695 1221 1754; x_wconf 83' lang='lat' dir='ltr'><strong>artes:</strong></span> 
     </span>
     <span class='ocr_line' id='line_1_15' title="bbox 405 1787 1219 1870; baseline 0.001 -21"><span class='ocrx_word' id='word_1_102' title='bbox 405 1794 548 1867; x_wconf 89' lang='lat' dir='ltr'><strong>quattuor</strong></span> <span class='ocrx_word' id='word_1_103' title='bbox 571 1807 587 1850; x_wconf 92' lang='lat' dir='ltr'><strong>e</strong></span> <span class='ocrx_word' id='word_1_104' title='bbox 612 1790 758 1853; x_wconf 90' lang='lat' dir='ltr'><strong>membris</strong></span> <span class='ocrx_word' id='word_1_105' title='bbox 779 1790 902 1870; x_wconf 91' lang='lat' dir='ltr'><strong>plenum</strong></span> <span class='ocrx_word' id='word_1_106' title='bbox 926 1789 1059 1852; x_wconf 80' lang='lat' dir='ltr'><strong>formare</strong></span> <span class='ocrx_word' id='word_1_107' title='bbox 1082 1787 1219 1852; x_wconf 88' lang='lat' dir='ltr'><strong>videmus</strong></span> 
     </span>
     <span class='ocr_line' id='line_1_16' title="bbox 259 1889 1183 1974; baseline 0.005 -25"><span class='ocrx_word' id='word_1_108' title='bbox 259 1969 262 1974; x_wconf 20' lang='grc' dir='ltr'>Ι</span> <span class='ocrx_word' id='word_1_109' title='bbox 404 1889 528 1954; x_wconf 79' lang='lat' dir='ltr'><strong>rhetora</strong></span> <span class='ocrx_word' id='word_1_110' title='bbox 553 1894 730 1966; x_wconf 64' lang='lat' dir='ltr'><strong>circuitum</strong></span> <span class='ocrx_word' id='word_1_111' title='bbox 754 1894 797 1955; x_wconf 85' lang='lat' dir='ltr'><strong>sio</strong></span> <span class='ocrx_word' id='word_1_112' title='bbox 820 1891 952 1956; x_wconf 80' lang='lat' dir='ltr'><strong>ambitus</strong></span> <span class='ocrx_word' id='word_1_113' title='bbox 975 1891 1026 1954; x_wconf 90' lang='lat' dir='ltr'><strong>illo</strong></span> <span class='ocrx_word' id='word_1_114' title='bbox 1050 1901 1183 1954; x_wconf 85' lang='lat' dir='ltr'><strong>voratur.</strong></span> 
     </span>
     <span class='ocr_line' id='line_1_17' title="bbox 210 1995 1314 2077; baseline 0.006 -25"><span class='ocrx_word' id='word_1_115' title='bbox 210 2003 236 2045; x_wconf 79' lang='lat' dir='ltr'><strong>to</strong></span> <span class='ocrx_word' id='word_1_116' title='bbox 405 2001 549 2071; x_wconf 77' lang='lat' dir='ltr'><strong>quattuor</strong></span> <span class='ocrx_word' id='word_1_117' title='bbox 572 1995 757 2060; x_wconf 79' lang='lat' dir='ltr'><strong>hexametris</strong></span> <span class='ocrx_word' id='word_1_118' title='bbox 779 1996 861 2058; x_wconf 89' lang='lat' dir='ltr'><strong>hune</strong></span> <span class='ocrx_word' id='word_1_119' title='bbox 885 1995 1020 2058; x_wconf 84' lang='lat' dir='ltr'><strong>versibus</strong></span> <span class='ocrx_word' id='word_1_120' title='bbox 1042 1995 1152 2076; x_wconf 80' lang='lat' dir='ltr'><strong>aspicis</strong></span> <span class='ocrx_word' id='word_1_121' title='bbox 1176 2014 1314 2077; x_wconf 83' lang='lat' dir='ltr'><strong>aequum.</strong></span> 
     </span>
     <span class='ocr_line' id='line_1_18' title="bbox 335 2093 1081 2178; baseline 0.004 -23"><span class='ocrx_word' id='word_1_122' title='bbox 335 2093 378 2156; x_wconf 88' lang='lat' dir='ltr'><strong>De</strong></span> <span class='ocrx_word' id='word_1_123' title='bbox 401 2112 513 2174; x_wconf 78' lang='lat' dir='ltr'><strong>genere</strong></span> <span class='ocrx_word' id='word_1_124' title='bbox 537 2097 679 2167; x_wconf 83' lang='lat' dir='ltr'><strong>iudiciali.</strong></span> <span class='ocrx_word' id='word_1_125' title='bbox 703 2094 782 2178; x_wconf 77' lang='grc' dir='ltr'><strong>περὶ</strong></span> <span class='ocrx_word' id='word_1_126' title='bbox 805 2097 869 2161; x_wconf 79' lang='grc' dir='ltr'><strong>τοῦ</strong></span> <span class='ocrx_word' id='word_1_127' title='bbox 890 2096 1081 2162; x_wconf 76' lang='grc' dir='ltr'><strong><em>δικανικοῦ.</em></strong></span> 
     </span>
     <span class='ocr_line' id='line_1_19' title="bbox 405 2185 1161 2284; baseline 0.004 -24"><span class='ocrx_word' id='word_1_128' title='bbox 405 2197 528 2262; x_wconf 86' lang='lat' dir='ltr'><strong>iudiciis</strong></span> <span class='ocrx_word' id='word_1_129' title='bbox 551 2185 665 2284; x_wconf 84' lang='lat' dir='ltr'><strong>paeana</strong></span> <span class='ocrx_word' id='word_1_130' title='bbox 689 2203 783 2264; x_wconf 88' lang='lat' dir='ltr'><strong>reiert</strong></span> <span class='ocrx_word' id='word_1_131' title='bbox 806 2202 862 2264; x_wconf 89' lang='lat' dir='ltr'><strong>tibi</strong></span> <span class='ocrx_word' id='word_1_132' title='bbox 884 2201 999 2265; x_wconf 85' lang='lat' dir='ltr'><strong>&#39;Tullius</strong></span> <span class='ocrx_word' id='word_1_133' title='bbox 1021 2209 1134 2282; x_wconf 92' lang='lat' dir='ltr'><strong>aptum.</strong></span> <span class='ocrx_word' id='word_1_134' title='bbox 1155 2197 1161 2283; x_wconf 88' lang='grc' dir='ltr'>Ι</span> 
     </span>
     <span class='ocr_line' id='line_1_20' title="bbox 245 2297 1268 2385; baseline 0.006 -27"><span class='ocrx_word' id='word_1_135' title='bbox 245 2331 251 2358; x_wconf 83' lang='lat' dir='ltr'><strong>t</strong></span> <span class='ocrx_word' id='word_1_136' title='bbox 337 2299 380 2362; x_wconf 88' lang='lat' dir='ltr'><strong>De</strong></span> <span class='ocrx_word' id='word_1_137' title='bbox 403 2319 516 2381; x_wconf 83' lang='lat' dir='ltr'><strong>genere</strong></span> <span class='ocrx_word' id='word_1_138' title='bbox 539 2303 746 2377; x_wconf 82' lang='lat' dir='ltr'><strong>deliberativo,</strong></span> <span class='ocrx_word' id='word_1_139' title='bbox 770 2303 936 2384; x_wconf 76' lang='grc' dir='ltr'><strong><em>περὶτοῦ</em></strong></span> <span class='ocrx_word' id='word_1_140' title='bbox 959 2297 1268 2385; x_wconf 77' lang='grc' dir='ltr'><strong><em>σομβοὺλευτικοῦ.</em></strong></span> 
     </span>
     <span class='ocr_line' id='line_1_21' title="bbox 404 2405 1196 2487; baseline -0.001 -19"><span class='ocrx_word' id='word_1_141' title='bbox 404 2405 507 2487; x_wconf 84' lang='lat' dir='ltr'><strong>Siquis</strong></span> <span class='ocrx_word' id='word_1_142' title='bbox 530 2425 595 2470; x_wconf 88' lang='lat' dir='ltr'><strong>rem</strong></span> <span class='ocrx_word' id='word_1_143' title='bbox 619 2407 738 2472; x_wconf 87' lang='lat' dir='ltr'><strong>dubiam</strong></span> <span class='ocrx_word' id='word_1_144' title='bbox 762 2407 920 2479; x_wconf 85' lang='lat' dir='ltr'><strong>deliberet,</strong></span> <span class='ocrx_word' id='word_1_145' title='bbox 944 2417 1041 2470; x_wconf 85' lang='lat' dir='ltr'><strong>armat</strong></span> <span class='ocrx_word' id='word_1_146' title='bbox 1063 2405 1196 2469; x_wconf 90' lang='lat' dir='ltr'><strong>iambus:</strong></span> 
     </span>
     <span class='ocr_line' id='line_1_22' title="bbox 208 2491 1223 2592; baseline 0 -22"><span class='ocrx_word' id='word_1_147' title='bbox 208 2518 236 2560; x_wconf 83' lang='lat'><strong>²⁰</strong></span> <span class='ocrx_word' id='word_1_148' title='bbox 405 2507 540 2591; x_wconf 75' lang='lat' dir='ltr'><strong>dactylus</strong></span> <span class='ocrx_word' id='word_1_149' title='bbox 556 2491 610 2573; x_wconf 85' lang='lat' dir='ltr'><strong>his</strong></span> <span class='ocrx_word' id='word_1_150' title='bbox 633 2513 732 2574; x_wconf 87' lang='lat' dir='ltr'><strong>causis</strong></span> <span class='ocrx_word' id='word_1_151' title='bbox 755 2509 810 2574; x_wconf 93' lang='lat' dir='ltr'><strong>tibi</strong></span> <span class='ocrx_word' id='word_1_152' title='bbox 833 2511 945 2574; x_wconf 87' lang='lat' dir='ltr'><strong>dieitur</strong></span> <span class='ocrx_word' id='word_1_153' title='bbox 968 2520 1056 2592; x_wconf 87' lang='lat' dir='ltr'><strong>aptus</strong></span> <span class='ocrx_word' id='word_1_154' title='bbox 1080 2511 1223 2591; x_wconf 86' lang='lat' dir='ltr'><strong>utrisque.</strong></span> 
     </span>
     <span class='ocr_line' id='line_1_23' title="bbox 337 2609 1228 2695; baseline 0.002 -25"><span class='ocrx_word' id='word_1_155' title='bbox 337 2609 378 2672; x_wconf 83' lang='lat' dir='ltr'><strong>lie</strong></span> <span class='ocrx_word' id='word_1_156' title='bbox 400 2610 610 2694; x_wconf 79' lang='lat' dir='ltr'><strong>Theophrasto</strong></span> <span class='ocrx_word' id='word_1_157' title='bbox 633 2615 713 2678; x_wconf 89' lang='lat' dir='ltr'><strong>idem</strong></span> <span class='ocrx_word' id='word_1_158' title='bbox 738 2613 862 2678; x_wconf 83' lang='lat' dir='ltr'><strong>liusmus</strong></span> <span class='ocrx_word' id='word_1_159' title='bbox 886 2623 983 2676; x_wconf 90' lang='lat' dir='ltr'><strong>metro</strong></span> <span class='ocrx_word' id='word_1_160' title='bbox 1006 2611 1152 2695; x_wconf 89' lang='lat' dir='ltr'><strong>sapphico</strong></span> <span class='ocrx_word' id='word_1_161' title='bbox 1175 2613 1228 2682; x_wconf 90' lang='lat' dir='ltr'><strong>sie,</strong></span> 
     </span>
     <span class='ocr_line' id='line_1_24' title="bbox 380 2714 1082 2799; baseline 0.001 -23"><span class='ocrx_word' id='word_1_162' title='bbox 380 2714 554 2778; x_wconf 78' lang='lat' dir='ltr'><strong>&#39;Rhetoras</strong></span> <span class='ocrx_word' id='word_1_163' title='bbox 577 2715 722 2798; x_wconf 87' lang='lat' dir='ltr'><strong>pulchros</strong></span> <span class='ocrx_word' id='word_1_164' title='bbox 745 2717 972 2799; x_wconf 84' lang='lat' dir='ltr'><strong>Theophrastus</strong></span> <span class='ocrx_word' id='word_1_165' title='bbox 994 2726 1082 2778; x_wconf 89' lang='lat' dir='ltr'><strong>ornat</strong></span> 
     </span>
     <span class='ocr_line' id='line_1_25' title="bbox 403 2817 1050 2902; baseline 0.002 -23"><span class='ocrx_word' id='word_1_166' title='bbox 403 2817 542 2882; x_wconf 81' lang='lat' dir='ltr'><strong>membra</strong></span> <span class='ocrx_word' id='word_1_167' title='bbox 563 2818 751 2900; x_wconf 79' lang='lat' dir='ltr'><strong>dispergens</strong></span> <span class='ocrx_word' id='word_1_168' title='bbox 764 2820 843 2884; x_wconf 90' lang='lat' dir='ltr'><strong>bona</strong></span> <span class='ocrx_word' id='word_1_169' title='bbox 866 2818 1050 2902; x_wconf 83' lang='lat' dir='ltr'><strong>dithyrambi</strong></span> 
     </span>
     <span class='ocr_line' id='line_1_26' title="bbox 404 2918 979 3006; baseline 0.009 -25"><span class='ocrx_word' id='word_1_170' title='bbox 404 2918 469 2983; x_wconf 83' lang='lat' dir='ltr'><strong>lusa</strong></span> <span class='ocrx_word' id='word_1_171' title='bbox 493 2941 549 3004; x_wconf 91' lang='lat' dir='ltr'><strong>per</strong></span> <span class='ocrx_word' id='word_1_172' title='bbox 571 2934 689 3004; x_wconf 82' lang='lat' dir='ltr'><strong>partes:</strong></span> <span class='ocrx_word' id='word_1_173' title='bbox 715 2933 897 3006; x_wconf 78' lang='lat' dir='ltr'><strong>anapaestus</strong></span> <span class='ocrx_word' id='word_1_174' title='bbox 921 2927 979 2986; x_wconf 87' lang='lat' dir='ltr'><strong>ista</strong></span> 
     </span>
     <span class='ocr_line' id='line_1_27' title="bbox 660 3027 901 3093; baseline 0.025 -5"><span class='ocrx_word' id='word_1_175' title='bbox 660 3027 750 3089; x_wconf 86' lang='lat' dir='ltr'><strong>floret</strong></span> <span class='ocrx_word' id='word_1_176' title='bbox 772 3028 802 3088; x_wconf 91' lang='lat' dir='ltr'><strong>in</strong></span> <span class='ocrx_word' id='word_1_177' title='bbox 826 3037 901 3093; x_wconf 89' lang='lat' dir='ltr'><strong>arte.</strong></span> 
     </span>
     <span class='ocr_line' id='line_1_28' title="bbox 316 3125 1008 3212; baseline 0 -23"><span class='ocrx_word' id='word_1_178' title='bbox 316 3157 322 3169; x_wconf 80' lang='lat'>=</span> <span class='ocrx_word' id='word_1_179' title='bbox 401 3125 524 3207; x_wconf 84' lang='lat' dir='ltr'><strong>longior</strong></span> <span class='ocrx_word' id='word_1_180' title='bbox 545 3128 634 3192; x_wconf 84' lang='lat' dir='ltr'><strong>ssuxit</strong></span> <span class='ocrx_word' id='word_1_181' title='bbox 656 3147 800 3194; x_wconf 90' lang='lat' dir='ltr'><strong>numerus</strong></span> <span class='ocrx_word' id='word_1_182' title='bbox 824 3143 878 3212; x_wconf 89' lang='lat' dir='ltr'><strong>per</strong></span> <span class='ocrx_word' id='word_1_183' title='bbox 902 3138 1008 3204; x_wconf 87' lang='lat' dir='ltr'><strong>artem,</strong></span> 
     </span>
     <span class='ocr_line' id='line_1_29' title="bbox 402 3231 1008 3314; baseline 0.003 -22"><span class='ocrx_word' id='word_1_184' title='bbox 402 3247 492 3308; x_wconf 86' lang='lat' dir='ltr'><strong>quem</strong></span> <span class='ocrx_word' id='word_1_185' title='bbox 516 3232 601 3295; x_wconf 85' lang='lat' dir='ltr'><strong>dedit</strong></span> <span class='ocrx_word' id='word_1_186' title='bbox 622 3231 712 3314; x_wconf 85' lang='lat' dir='ltr'><strong>nobis¹</strong></span> <span class='ocrx_word' id='word_1_187' title='bbox 735 3242 917 3313; x_wconf 88' lang='lat' dir='ltr'><strong>anapaestus</strong></span> <span class='ocrx_word' id='word_1_188' title='bbox 940 3231 1008 3294; x_wconf 85' lang='lat' dir='ltr'><strong>ilie:</strong></span> 
     </span>
     <span class='ocr_line' id='line_1_30' title="bbox 404 3333 1010 3418; baseline 0.008 -25"><span class='ocrx_word' id='word_1_189' title='bbox 404 3333 476 3396; x_wconf 88' lang='lat' dir='ltr'><strong>hinc</strong></span> <span class='ocrx_word' id='word_1_190' title='bbox 499 3333 715 3416; x_wconf 82' lang='lat' dir='ltr'><strong>pedes&#39;oleros</strong></span> <span class='ocrx_word' id='word_1_191' title='bbox 738 3334 804 3398; x_wconf 86' lang='lat' dir='ltr'><strong>loca</strong></span> <span class='ocrx_word' id='word_1_192' title='bbox 827 3335 1010 3418; x_wconf 76' lang='lat' dir='ltr'><strong>dithyrambi</strong></span> 
     </span>
     <span class='ocr_line' id='line_1_31' title="bbox 661 3438 936 3520; baseline -0.004 -21"><span class='ocrx_word' id='word_1_193' title='bbox 661 3438 800 3501; x_wconf 89' lang='lat' dir='ltr'><strong>rhetores</strong></span> <span class='ocrx_word' id='word_1_194' title='bbox 822 3446 936 3520; x_wconf 90' lang='lat' dir='ltr'><strong>aptant.</strong></span> 
     </span>
     <span class='ocr_line' id='line_1_32' title="bbox 204 3539 1568 3630; baseline 0 -27"><span class='ocrx_word' id='word_1_195' title='bbox 204 3541 245 3582; x_wconf 81' lang='lat'><strong>³⁰·</strong></span> <span class='ocrx_word' id='word_1_196' title='bbox 333 3541 438 3603; x_wconf 85' lang='lat' dir='ltr'><strong>Cicero</strong></span> <span class='ocrx_word' id='word_1_197' title='bbox 461 3539 499 3601; x_wconf 89' lang='lat' dir='ltr'><strong>de</strong></span> <span class='ocrx_word' id='word_1_198' title='bbox 522 3543 656 3604; x_wconf 87' lang='lat' dir='ltr'><strong>numeris</strong></span> <span class='ocrx_word' id='word_1_199' title='bbox 680 3544 824 3604; x_wconf 86' lang='lat' dir='ltr'><strong>oratoriis</strong></span> <span class='ocrx_word' id='word_1_200' title='bbox 847 3539 1001 3626; x_wconf 70' lang='lat' dir='ltr'><strong>dedicit,</strong></span> <span class='ocrx_word' id='word_1_201' title='bbox 1034 3539 1160 3603; x_wconf 90' lang='lat' dir='ltr'><strong>‘insistit</strong></span> <span class='ocrx_word' id='word_1_202' title='bbox 1182 3550 1283 3603; x_wconf 89' lang='lat' dir='ltr'><strong>autem</strong></span> <span class='ocrx_word' id='word_1_203' title='bbox 1313 3539 1441 3630; x_wconf 83' lang='lat' dir='ltr'><strong>ambitus</strong></span> <span class='ocrx_word' id='word_1_204' title='bbox 1470 3539 1568 3603; x_wconf 90' lang='lat' dir='ltr'><strong>modis</strong></span> 
     </span>
     <span class='ocr_line' id='line_1_33' title="bbox 245 3640 1567 3726; baseline 0.002 -24"><span class='ocrx_word' id='word_1_205' title='bbox 245 3640 400 3722; x_wconf 80' lang='lat' dir='ltr'><strong>pluribus,</strong></span> <span class='ocrx_word' id='word_1_206' title='bbox 424 3642 574 3726; x_wconf 86' lang='lat' dir='ltr'><strong>equibus</strong></span> <span class='ocrx_word' id='word_1_207' title='bbox 599 3661 691 3707; x_wconf 89' lang='lat' dir='ltr'><strong>unum</strong></span> <span class='ocrx_word' id='word_1_208' title='bbox 716 3655 762 3707; x_wconf 88' lang='lat' dir='ltr'><strong>est</strong></span> <span class='ocrx_word' id='word_1_209' title='bbox 784 3653 888 3708; x_wconf 87' lang='lat' dir='ltr'><strong>secuta</strong></span> <span class='ocrx_word' id='word_1_210' title='bbox 910 3647 981 3707; x_wconf 83' lang='lat' dir='ltr'><strong>dsia</strong></span> <span class='ocrx_word' id='word_1_211' title='bbox 1006 3645 1149 3714; x_wconf 84' lang='lat' dir='ltr'><strong>maxime,</strong></span> <span class='ocrx_word' id='word_1_212' title='bbox 1173 3645 1225 3726; x_wconf 87' lang='lat' dir='ltr'><strong>qui</strong></span> <span class='ocrx_word' id='word_1_213' title='bbox 1248 3642 1411 3707; x_wconf 82' lang='lat' dir='ltr'><strong>dichoreus</strong></span> <span class='ocrx_word' id='word_1_214' title='bbox 1435 3655 1567 3713; x_wconf 81' lang='lat' dir='ltr'><strong>voratur,</strong></span> 
     </span>
     <span class='ocr_line' id='line_1_34' title="bbox 245 3744 1567 3834; baseline 0.002 -28"><span class='ocrx_word' id='word_1_215' title='bbox 245 3763 315 3806; x_wconf 90' lang='lat' dir='ltr'><strong>cum</strong></span> <span class='ocrx_word' id='word_1_216' title='bbox 339 3745 397 3808; x_wconf 92' lang='lat' dir='ltr'><strong>duo</strong></span> <span class='ocrx_word' id='word_1_217' title='bbox 420 3751 548 3810; x_wconf 83' lang='lat' dir='ltr'><strong>extremi</strong></span> <span class='ocrx_word' id='word_1_218' title='bbox 572 3749 676 3810; x_wconf 83' lang='lat' dir='ltr'><strong>chorei</strong></span> <span class='ocrx_word' id='word_1_219' title='bbox 699 3756 780 3819; x_wconf 87' lang='lat' dir='ltr'><strong>sunt,</strong></span> <span class='ocrx_word' id='word_1_220' title='bbox 804 3748 832 3809; x_wconf 93' lang='lat' dir='ltr'><strong>id</strong></span> <span class='ocrx_word' id='word_1_221' title='bbox 858 3756 905 3809; x_wconf 87' lang='lat' dir='ltr'><strong>est</strong></span> <span class='ocrx_word' id='word_1_222' title='bbox 927 3767 943 3808; x_wconf 92' lang='lat' dir='ltr'><strong>e</strong></span> <span class='ocrx_word' id='word_1_223' title='bbox 966 3746 1092 3827; x_wconf 85' lang='lat' dir='ltr'><strong>singulis</strong></span> <span class='ocrx_word' id='word_1_224' title='bbox 1115 3745 1212 3828; x_wconf 82' lang='lat' dir='ltr'><strong>longis</strong></span> <span class='ocrx_word' id='word_1_225' title='bbox 1236 3755 1266 3809; x_wconf 88' lang='lat' dir='ltr'><strong>et</strong></span> <span class='ocrx_word' id='word_1_226' title='bbox 1283 3744 1442 3834; x_wconf 88' lang='lat' dir='ltr'><strong>brevibus:</strong></span> <span class='ocrx_word' id='word_1_227' title='bbox 1467 3747 1567 3827; x_wconf 88' lang='lat' dir='ltr'><strong>expia·</strong></span> 
     </span>
     <span class='ocr_line' id='line_1_35' title="bbox 246 3847 1618 3937; baseline 0.002 -28"><span class='ocrx_word' id='word_1_228' title='bbox 246 3848 378 3910; x_wconf 90' lang='lat' dir='ltr'><strong>nandum</strong></span> <span class='ocrx_word' id='word_1_229' title='bbox 403 3860 450 3912; x_wconf 88' lang='lat' dir='ltr'><strong>est</strong></span> <span class='ocrx_word' id='word_1_230' title='bbox 472 3852 568 3921; x_wconf 86' lang='lat' dir='ltr'><strong>enim,</strong></span> <span class='ocrx_word' id='word_1_231' title='bbox 599 3851 679 3932; x_wconf 83' lang='lat' dir='ltr'><strong>qtrod</strong></span> <span class='ocrx_word' id='word_1_232' title='bbox 708 3851 768 3913; x_wconf 91' lang='lat' dir='ltr'><strong>iam</strong></span> <span class='ocrx_word' id='word_1_233' title='bbox 798 3850 836 3912; x_wconf 93' lang='lat' dir='ltr'><strong>ab</strong></span> <span class='ocrx_word' id='word_1_234' title='bbox 866 3851 932 3912; x_wconf 92' lang='lat' dir='ltr'><strong>aliis</strong></span> <span class='ocrx_word' id='word_1_235' title='bbox 956 3851 1052 3912; x_wconf 88' lang='lat' dir='ltr'><strong>eidem</strong></span> <span class='ocrx_word' id='word_1_236' title='bbox 1083 3849 1176 3930; x_wconf 92' lang='lat' dir='ltr'><strong>pedes</strong></span> <span class='ocrx_word' id='word_1_237' title='bbox 1199 3849 1267 3911; x_wconf 89' lang='lat' dir='ltr'><strong>aliis</strong></span> <span class='ocrx_word' id='word_1_238' title='bbox 1293 3847 1447 3912; x_wconf 88' lang='lat' dir='ltr'><strong>vocabulis</strong></span> <span class='ocrx_word' id='word_1_239' title='bbox 1470 3851 1567 3912; x_wconf 83' lang='lat' dir='ltr'><strong>nonn-</strong></span> <span class='ocrx_word' id='word_1_240' title='bbox 1614 3929 1618 3937; x_wconf 92' lang='lat'><em>.</em></span> 
     </span>
    </p>
   </div>
   <div class='ocr_carea' id='block_1_3' title="bbox 245 3969 451 3978">
    <p class='ocr_par' dir='ltr' id='par_1_3' title="bbox 245 3969 451 3978">
     <span class='ocr_line' id='line_1_36' title="bbox 245 3969 451 3978; baseline 0.005 -2"><span class='ocrx_word' id='word_1_241' title='bbox 245 3969 357 3976; x_wconf 72' lang='lat' dir='ltr'>n—-—-.</span> <span class='ocrx_word' id='word_1_242' title='bbox 369 3971 403 3976; x_wconf 84' lang='grc'><strong><em>....</em></strong></span> <span class='ocrx_word' id='word_1_243' title='bbox 413 3969 451 3978; x_wconf 79' lang='grc' dir='ltr'><strong>-.ι</strong></span> 
     </span>
    </p>
   </div>
   <div class='ocr_carea' id='block_1_4' title="bbox 314 4012 1079 4099">
    <p class='ocr_par' dir='ltr' id='par_1_4' title="bbox 314 4012 1079 4099">
     <span class='ocr_line' id='line_1_37' title="bbox 314 4012 1079 4099; baseline -0.001 -8"><span class='ocrx_word' id='word_1_244' title='bbox 314 4040 348 4091; x_wconf 84' lang='grc'><strong>30</strong></span> <span class='ocrx_word' id='word_1_245' title='bbox 366 4037 455 4097; x_wconf 79' lang='lat' dir='ltr'><strong>Gioero</strong></span> <span class='ocrx_word' id='word_1_246' title='bbox 474 4039 507 4090; x_wconf 86' lang='lat' dir='ltr'><strong>de</strong></span> <span class='ocrx_word' id='word_1_247' title='bbox 525 4012 642 4093; x_wconf 75' lang='lat' dir='ltr'><strong>numeris</strong></span> <span class='ocrx_word' id='word_1_248' title='bbox 661 4038 781 4091; x_wconf 84' lang='lat' dir='ltr'><strong>oratoriis</strong></span> <span class='ocrx_word' id='word_1_249' title='bbox 803 4041 853 4091; x_wconf 85' lang='lat' dir='ltr'><strong>Cir.</strong></span> <span class='ocrx_word' id='word_1_250' title='bbox 873 4037 946 4090; x_wconf 81' lang='lat' dir='ltr'><strong>Orat.</strong></span> <span class='ocrx_word' id='word_1_251' title='bbox 966 4042 1007 4099; x_wconf 73' lang='lat' dir='ltr'><strong>or,</strong></span> <span class='ocrx_word' id='word_1_252' title='bbox 1028 4041 1079 4090; x_wconf 83' lang='grc'><strong>212</strong></span> 
     </span>
    </p>
   </div>
   <div class='ocr_carea' id='block_1_5' title="bbox 231 4211 1565 4958">
    <p class='ocr_par' dir='ltr' id='par_1_5' title="bbox 243 4211 1565 4621">
     <span class='ocr_line' id='line_1_38' title="bbox 313 4211 1565 4278; baseline -0.002 -16"><span class='ocrx_word' id='word_1_253' title='bbox 313 4212 329 4262; x_wconf 90' lang='grc'><strong><em>2</em></strong></span> <span class='ocrx_word' id='word_1_254' title='bbox 346 4211 409 4276; x_wconf 88' lang='lat' dir='ltr'><strong>quie</strong></span> <span class='ocrx_word' id='word_1_255' title='bbox 428 4213 452 4264; x_wconf 80' lang='grc' dir='ltr'><em>Α</em></span> <span class='ocrx_word' id='word_1_256' title='bbox 471 4213 516 4275; x_wconf 85' lang='lat' dir='ltr'><strong>qui</strong></span> <span class='ocrx_word' id='word_1_257' title='bbox 528 4211 573 4269; x_wconf 83' lang='grc' dir='ltr'><strong>Βς</strong></span> <span class='ocrx_word' id='word_1_258' title='bbox 591 4214 653 4276; x_wconf 84' lang='lat' dir='ltr'><strong>quie</strong></span> <span class='ocrx_word' id='word_1_259' title='bbox 670 4219 697 4264; x_wconf 88' lang='lat' dir='ltr'><strong>et</strong></span> <span class='ocrx_word' id='word_1_260' title='bbox 708 4213 912 4278; x_wconf 81' lang='lat' dir='ltr'><strong>superscriptum</strong></span> <span class='ocrx_word' id='word_1_261' title='bbox 930 4213 975 4276; x_wconf 88' lang='lat' dir='ltr'><strong>qni</strong></span> <span class='ocrx_word' id='word_1_262' title='bbox 988 4213 1074 4265; x_wconf 80' lang='lat' dir='ltr'><strong>rodere</strong></span> <span class='ocrx_word' id='word_1_263' title='bbox 1087 4211 1275 4264; x_wconf 78' lang='lat' dir='ltr'><strong>Einsiedlensia</strong></span> <span class='ocrx_word' id='word_1_264' title='bbox 1294 4211 1384 4264; x_wconf 82' lang='lat' dir='ltr'><strong>Orellii</strong></span> <span class='ocrx_word' id='word_1_265' title='bbox 1452 4211 1469 4260; x_wconf 82' lang='grc'>6</span> <span class='ocrx_word' id='word_1_266' title='bbox 1487 4225 1565 4273; x_wconf 87' lang='lat' dir='ltr'><strong>quem</strong></span> 
     </span>
     <span class='ocr_line' id='line_1_39' title="bbox 243 4291 1565 4364; baseline -0.001 -17"><span class='ocrx_word' id='word_1_267' title='bbox 243 4295 287 4353; x_wconf 83' lang='grc' dir='ltr'><strong>Βς</strong></span> <span class='ocrx_word' id='word_1_268' title='bbox 305 4312 384 4361; x_wconf 88' lang='lat' dir='ltr'><strong>quem</strong></span> <span class='ocrx_word' id='word_1_269' title='bbox 404 4300 429 4349; x_wconf 85' lang='grc' dir='ltr'><em>Α</em></span> <span class='ocrx_word' id='word_1_270' title='bbox 448 4299 514 4350; x_wconf 77' lang='lat' dir='ltr'><strong>Aac.</strong></span> <span class='ocrx_word' id='word_1_271' title='bbox 554 4335 555 4338; x_wconf 66' lang='lat'>,</span> <span class='ocrx_word' id='word_1_272' title='bbox 587 4291 723 4364; x_wconf 80' lang='lat' dir='ltr'><strong>TDieere]</strong></span> <span class='ocrx_word' id='word_1_273' title='bbox 745 4297 796 4352; x_wconf 79' lang='lat' dir='ltr'><strong>Cic.</strong></span> <span class='ocrx_word' id='word_1_274' title='bbox 817 4297 890 4349; x_wconf 81' lang='lat' dir='ltr'><strong>Orat.</strong></span> <span class='ocrx_word' id='word_1_275' title='bbox 912 4301 952 4358; x_wconf 81' lang='grc'><strong>66,</strong></span> <span class='ocrx_word' id='word_1_276' title='bbox 972 4301 1025 4350; x_wconf 90' lang='grc'><strong>222</strong></span> <span class='ocrx_word' id='word_1_277' title='bbox 1096 4301 1128 4350; x_wconf 92' lang='grc'><strong>10</strong></span> <span class='ocrx_word' id='word_1_278' title='bbox 1146 4311 1310 4354; x_wconf 70' lang='grc' dir='ltr'><strong>ιοοοιοτοος</strong></span> <span class='ocrx_word' id='word_1_279' title='bbox 1391 4299 1423 4348; x_wconf 83' lang='grc'><strong>15</strong></span> <span class='ocrx_word' id='word_1_280' title='bbox 1442 4307 1565 4360; x_wconf 78' lang='lat' dir='ltr'><strong>qrrettuor</strong></span> 
     </span>
     <span class='ocr_line' id='line_1_40' title="bbox 244 4362 1565 4449; baseline -0.001 -15"><span class='ocrx_word' id='word_1_281' title='bbox 244 4385 382 4434; x_wconf 74' lang='lat' dir='ltr'><strong>exametris</strong></span> <span class='ocrx_word' id='word_1_282' title='bbox 403 4382 456 4432; x_wconf 84' lang='lat' dir='ltr'><strong>AB</strong></span> <span class='ocrx_word' id='word_1_283' title='bbox 479 4395 601 4447; x_wconf 86' lang='lat' dir='ltr'><strong>qunttuor</strong></span> <span class='ocrx_word' id='word_1_284' title='bbox 623 4399 657 4434; x_wconf 85' lang='lat' dir='ltr'><strong>ex</strong></span> <span class='ocrx_word' id='word_1_285' title='bbox 674 4385 761 4436; x_wconf 85' lang='lat' dir='ltr'><strong>metris</strong></span> <span class='ocrx_word' id='word_1_286' title='bbox 782 4395 810 4438; x_wconf 74' lang='grc' dir='ltr'><strong>ςε</strong></span> <span class='ocrx_word' id='word_1_287' title='bbox 834 4386 870 4449; x_wconf 71' lang='lat' dir='ltr'><strong>es.</strong></span> <span class='ocrx_word' id='word_1_288' title='bbox 888 4385 942 4440; x_wconf 84' lang='lat' dir='ltr'><strong>Cic.</strong></span> <span class='ocrx_word' id='word_1_289' title='bbox 962 4362 1034 4435; x_wconf 59' lang='lat' dir='ltr'><strong>Orat.</strong></span> <span class='ocrx_word' id='word_1_290' title='bbox 1054 4387 1101 4448; x_wconf 75' lang='lat' dir='ltr'><strong>tio,</strong></span> <span class='ocrx_word' id='word_1_291' title='bbox 1122 4387 1180 4435; x_wconf 86' lang='lat'><strong><em>·222</em></strong></span> <span class='ocrx_word' id='word_1_292' title='bbox 1203 4400 1216 4434; x_wconf 89' lang='lat' dir='ltr'><strong>e</strong></span> <span class='ocrx_word' id='word_1_293' title='bbox 1241 4396 1363 4448; x_wconf 79' lang='lat' dir='ltr'><strong>quattuor</strong></span> <span class='ocrx_word' id='word_1_294' title='bbox 1386 4383 1466 4448; x_wconf 78' lang='lat' dir='ltr'><strong>igitur</strong></span> <span class='ocrx_word' id='word_1_295' title='bbox 1489 4384 1565 4444; x_wconf 80' lang='lat' dir='ltr'><strong>quasi</strong></span> 
     </span>
     <span class='ocr_line' id='line_1_41' title="bbox 243 4465 1564 4542; baseline 0.003 -24"><span class='ocrx_word' id='word_1_296' title='bbox 243 4467 454 4520; x_wconf 85' lang='lat' dir='ltr'><strong>hexametrorum</strong></span> <span class='ocrx_word' id='word_1_297' title='bbox 472 4469 555 4519; x_wconf 81' lang='lat' dir='ltr'><strong>instar</strong></span> <span class='ocrx_word' id='word_1_298' title='bbox 572 4485 694 4542; x_wconf 78' lang='lat' dir='ltr'><strong>versuum</strong></span> <span class='ocrx_word' id='word_1_299' title='bbox 713 4472 784 4534; x_wconf 90' lang='lat' dir='ltr'><strong>quod</strong></span> <span class='ocrx_word' id='word_1_300' title='bbox 802 4473 844 4531; x_wconf 85' lang='lat' dir='ltr'><strong>sit,</strong></span> <span class='ocrx_word' id='word_1_301' title='bbox 863 4482 967 4521; x_wconf 81' lang='lat' dir='ltr'><strong>constet</strong></span> <span class='ocrx_word' id='word_1_302' title='bbox 985 4471 1037 4522; x_wconf 88' lang='lat' dir='ltr'><strong>lere</strong></span> <span class='ocrx_word' id='word_1_303' title='bbox 1055 4470 1131 4539; x_wconf 85' lang='lat' dir='ltr'><strong>pleno</strong></span> <span class='ocrx_word' id='word_1_304' title='bbox 1150 4470 1350 4537; x_wconf 73' lang='lat' dir='ltr'><strong>contiprehensio</strong></span> <span class='ocrx_word' id='word_1_305' title='bbox 1434 4469 1465 4518; x_wconf 88' lang='grc'><strong>16</strong></span> <span class='ocrx_word' id='word_1_306' title='bbox 1481 4465 1564 4522; x_wconf 89' lang='grc' dir='ltr'>ΠΕΡΙ</span> 
     </span>
     <span class='ocr_line' id='line_1_42' title="bbox 244 4547 1564 4621; baseline -0.001 -16"><span class='ocrx_word' id='word_1_307' title='bbox 244 4547 523 4614; x_wconf 73' lang='grc' dir='ltr'>ΤΟΥΔΕΚὸΝΙΚΟΝ</span> <span class='ocrx_word' id='word_1_308' title='bbox 543 4554 569 4606; x_wconf 87' lang='grc' dir='ltr'><em>Β</em></span> <span class='ocrx_word' id='word_1_309' title='bbox 586 4548 872 4612; x_wconf 71' lang='grc' dir='ltr'>ΠΕΡΙΔΕΚὰΝΙΚΟΥ</span> <span class='ocrx_word' id='word_1_310' title='bbox 891 4557 916 4606; x_wconf 85' lang='lat' dir='ltr'><em>A</em></span> <span class='ocrx_word' id='word_1_311' title='bbox 987 4558 1020 4606; x_wconf 88' lang='grc'><strong>22</strong></span> <span class='ocrx_word' id='word_1_312' title='bbox 1039 4552 1182 4621; x_wconf 84' lang='lat' dir='ltr'><strong>Rhetores]</strong></span> <span class='ocrx_word' id='word_1_313' title='bbox 1197 4555 1250 4610; x_wconf 85' lang='lat' dir='ltr'><strong>Cie.</strong></span> <span class='ocrx_word' id='word_1_314' title='bbox 1263 4557 1295 4606; x_wconf 81' lang='lat' dir='ltr'><strong>de</strong></span> <span class='ocrx_word' id='word_1_315' title='bbox 1308 4563 1376 4607; x_wconf 85' lang='lat' dir='ltr'><strong>orat.</strong></span> <span class='ocrx_word' id='word_1_316' title='bbox 1393 4555 1426 4605; x_wconf 93' lang='lat' dir='ltr'><strong>II</strong></span> <span class='ocrx_word' id='word_1_317' title='bbox 1431 4555 1444 4606; x_wconf 92' lang='lat' dir='ltr'><em>I</em></span> <span class='ocrx_word' id='word_1_318' title='bbox 1458 4557 1498 4612; x_wconf 72' lang='grc'><strong>28,</strong></span> <span class='ocrx_word' id='word_1_319' title='bbox 1514 4556 1564 4605; x_wconf 79' lang='lat' dir='ltr'><strong>til</strong></span> 
     </span>
    </p>

    <p class='ocr_par' dir='ltr' id='par_1_6' title="bbox 298 4628 1564 4708">
     <span class='ocr_line' id='line_1_43' title="bbox 298 4628 1564 4708; baseline -0.002 -17"><span class='ocrx_word' id='word_1_320' title='bbox 298 4641 419 4707; x_wconf 84' lang='lat' dir='ltr'><strong>pulehrus</strong></span> <span class='ocrx_word' id='word_1_321' title='bbox 439 4643 464 4692; x_wconf 85' lang='grc' dir='ltr'><em>Α</em></span> <span class='ocrx_word' id='word_1_322' title='bbox 531 4641 714 4708; x_wconf 82' lang='lat' dir='ltr'><strong>theophrastos</strong></span> <span class='ocrx_word' id='word_1_323' title='bbox 734 4628 819 4694; x_wconf 73' lang='lat' dir='ltr'><strong>roden</strong></span> <span class='ocrx_word' id='word_1_324' title='bbox 831 4643 1020 4694; x_wconf 77' lang='lat' dir='ltr'><strong>Einsiedleasie</strong></span> <span class='ocrx_word' id='word_1_325' title='bbox 1033 4641 1122 4693; x_wconf 84' lang='lat' dir='ltr'><strong>Orellii</strong></span> <span class='ocrx_word' id='word_1_326' title='bbox 1139 4648 1164 4692; x_wconf 85' lang='lat' dir='ltr'><strong>et</strong></span> <span class='ocrx_word' id='word_1_327' title='bbox 1180 4641 1296 4704; x_wconf 81' lang='lat' dir='ltr'><strong>sortasse</strong></span> <span class='ocrx_word' id='word_1_328' title='bbox 1310 4642 1333 4690; x_wconf 85' lang='grc' dir='ltr'><em>Α</em></span> <span class='ocrx_word' id='word_1_329' title='bbox 1355 4639 1519 4705; x_wconf 87' lang='lat' dir='ltr'><strong>teophrastos</strong></span> <span class='ocrx_word' id='word_1_330' title='bbox 1539 4638 1564 4688; x_wconf 83' lang='lat' dir='ltr'><em>B</em></span> 
     </span>
    </p>

    <p class='ocr_par' dir='ltr' id='par_1_7' title="bbox 231 4725 1565 4958">
     <span class='ocr_line' id='line_1_44' title="bbox 296 4725 1565 4791; baseline -0.001 -14"><span class='ocrx_word' id='word_1_331' title='bbox 296 4729 329 4778; x_wconf 80' lang='grc'><strong><em>23</em></strong></span> <span class='ocrx_word' id='word_1_332' title='bbox 348 4727 463 4778; x_wconf 87' lang='lat' dir='ltr'><strong>membre</strong></span> <span class='ocrx_word' id='word_1_333' title='bbox 480 4726 525 4783; x_wconf 73' lang='lat' dir='ltr'><strong>Bs</strong></span> <span class='ocrx_word' id='word_1_334' title='bbox 543 4729 661 4778; x_wconf 79' lang='lat' dir='ltr'><strong>metreA</strong></span> <span class='ocrx_word' id='word_1_335' title='bbox 734 4727 939 4784; x_wconf 66' lang='lat' dir='ltr'><strong>ditbirnmbiBe</strong></span> <span class='ocrx_word' id='word_1_336' title='bbox 958 4727 1160 4778; x_wconf 79' lang='lat' dir='ltr'><strong>dithirembisA</strong></span> <span class='ocrx_word' id='word_1_337' title='bbox 1230 4727 1264 4777; x_wconf 78' lang='lat'><strong>24</strong></span> <span class='ocrx_word' id='word_1_338' title='bbox 1282 4741 1329 4791; x_wconf 89' lang='lat' dir='ltr'><strong>per</strong></span> <span class='ocrx_word' id='word_1_339' title='bbox 1347 4737 1433 4790; x_wconf 82' lang='lat' dir='ltr'><strong>portes</strong></span> <span class='ocrx_word' id='word_1_340' title='bbox 1446 4725 1565 4791; x_wconf 84' lang='lat' dir='ltr'><strong>Capper·</strong></span> 
     </span>
     <span class='ocr_line' id='line_1_45' title="bbox 231 4812 1564 4880; baseline -0.001 -17"><span class='ocrx_word' id='word_1_341' title='bbox 231 4815 382 4865; x_wconf 33' lang='lat' dir='ltr'><strong>*renuerint</strong></span> <span class='ocrx_word' id='word_1_342' title='bbox 400 4829 447 4880; x_wconf 85' lang='lat' dir='ltr'><strong>per</strong></span> <span class='ocrx_word' id='word_1_343' title='bbox 465 4812 624 4869; x_wconf 58' lang='lat' dir='ltr'><strong>antestitis</strong></span> <span class='ocrx_word' id='word_1_344' title='bbox 694 4815 745 4864; x_wconf 83' lang='lat' dir='ltr'><strong>isto</strong></span> <span class='ocrx_word' id='word_1_345' title='bbox 764 4816 826 4866; x_wconf 79' lang='lat' dir='ltr'><strong>Aac.</strong></span> <span class='ocrx_word' id='word_1_346' title='bbox 845 4813 946 4865; x_wconf 76' lang='lat' dir='ltr'><strong>itaAB</strong></span> <span class='ocrx_word' id='word_1_347' title='bbox 965 4814 1068 4870; x_wconf 64' lang='lat' dir='ltr'><strong>interne</strong></span> <span class='ocrx_word' id='word_1_348' title='bbox 1137 4814 1171 4863; x_wconf 88' lang='grc'><strong><em>26</em></strong></span> <span class='ocrx_word' id='word_1_349' title='bbox 1191 4827 1236 4878; x_wconf 86' lang='lat' dir='ltr'><strong>per</strong></span> <span class='ocrx_word' id='word_1_350' title='bbox 1254 4820 1335 4862; x_wconf 80' lang='lat' dir='ltr'><strong>artem</strong></span> <span class='ocrx_word' id='word_1_351' title='bbox 1349 4812 1412 4866; x_wconf 75' lang='grc' dir='ltr'><strong>ΑΜ.</strong></span> <span class='ocrx_word' id='word_1_352' title='bbox 1430 4826 1476 4878; x_wconf 87' lang='lat' dir='ltr'><strong>per</strong></span> <span class='ocrx_word' id='word_1_353' title='bbox 1494 4821 1564 4862; x_wconf 80' lang='lat' dir='ltr'><strong>nrtes</strong></span> 
     </span>
     <span class='ocr_line' id='line_1_46' title="bbox 246 4897 1374 4958; baseline 0 -10"><span class='ocrx_word' id='word_1_354' title='bbox 246 4897 297 4948; x_wconf 81' lang='lat' dir='ltr'><strong>AB</strong></span> <span class='ocrx_word' id='word_1_355' title='bbox 321 4897 384 4950; x_wconf 76' lang='lat' dir='ltr'><strong>Vera.</strong></span> <span class='ocrx_word' id='word_1_356' title='bbox 456 4903 487 4951; x_wconf 88' lang='grc'><strong>31</strong></span> <span class='ocrx_word' id='word_1_357' title='bbox 509 4900 623 4950; x_wconf 79' lang='lat' dir='ltr'><strong>oreximn</strong></span> <span class='ocrx_word' id='word_1_358' title='bbox 642 4899 667 4950; x_wconf 85' lang='lat' dir='ltr'><em>B</em></span> <span class='ocrx_word' id='word_1_359' title='bbox 737 4903 770 4952; x_wconf 84' lang='grc'><strong><em>32</em></strong></span> <span class='ocrx_word' id='word_1_360' title='bbox 789 4901 841 4952; x_wconf 89' lang='lat' dir='ltr'><strong>duo</strong></span> <span class='ocrx_word' id='word_1_361' title='bbox 861 4899 948 4951; x_wconf 82' lang='lat' dir='ltr'><strong>eborei</strong></span> <span class='ocrx_word' id='word_1_362' title='bbox 966 4900 1074 4952; x_wconf 84' lang='lat' dir='ltr'><strong>extremi</strong></span> <span class='ocrx_word' id='word_1_363' title='bbox 1093 4913 1189 4958; x_wconf 64' lang='lat' dir='ltr'><strong>struis*</strong></span> <span class='ocrx_word' id='word_1_364' title='bbox 1258 4897 1329 4948; x_wconf 79' lang='lat' dir='ltr'><strong>chori</strong></span> <span class='ocrx_word' id='word_1_365' title='bbox 1348 4897 1374 4948; x_wconf 89' lang='lat' dir='ltr'><em>B</em></span> 
     </span>
    </p>
   </div>
   <div class='ocr_carea' id='block_1_6' title="bbox 0 0 1938 5562">
    <p class='ocr_par' dir='ltr' id='par_1_8' title="bbox 0 0 1938 5562">
     <span class='ocr_line' id='line_1_47' title="bbox 0 0 1938 5562; baseline 0 0"><span class='ocrx_word' id='word_1_366' title='bbox 0 0 1938 5562; x_wconf 95' lang='lat' dir='ltr'><strong> </strong></span> 
     </span>
    </p>
   </div>
  </div>
 </body>
</html>
