3858 5560
671 355 786 408 ,10100
805 356 1082 410 rourtmsrraur
1100 356 1170 410 aes
1515 355 1580 422 249

257 557 377 612 struma
406 550 484 610 sedit
511 551 633 630 nonies,
664 567 741 630 quae
774 559 874 612 tamen
905 551 1095 612 coniecturae
1120 549 1214 614 tribui
1236 527 1377 632 possein
1406 552 1436 612 10
1461 548 1579 612 duobus

260 651 409 715 Vaticanis
430 651 537 716 lacuna
562 655 601 716 ito
626 661 768 735 corrupta
791 665 861 716 sunt
885 653 985 725 rerba,
1009 657 1097 717 cuius
1118 657 1291 734 exemplum
1313 657 1390 716 sellu
1419 658 1449 716 ire
1477 657 1582 718 curuli

257 764 376 819 struma
398 757 477 818 sedit
497 760 608 820 nonius
633 767 663 820 ct
690 760 773 820 illum
795 766 944 820 scozoata
971 757 1577 824 01010111010010101101011101111.

259 863 292 922 in
314 862 425 922 ceteris
441 857 654 942 Neapolitanus
677 860 770 924 codex
794 880 862 923 cum
886 861 1004 924 duobus
1028 859 1177 924 Vaticanis
1200 871 1239 934 et,
1262 863 1410 946 siquando
1434 860 1477 924 illi
1499 864 1578 924 inter

259 983 291 1026 se
323 962 516 1043 dissentiunt,
546 982 616 1026 cum
644 963 785 1026 Vaticano
812 961 898 1026 3402
926 968 965 1026 ita
996 968 1163 1048 consentit,
1194 975 1227 1030 ut
1255 969 1285 1030 iu
1315 965 1427 1030 eodem·
1450 985 1579 1030 numero

259 1066 416 1130 habendus
439 1069 486 1132 sit.
528 1086 564 1129 ex
588 1067 706 1129 duobus
728 1066 935 1131 Arnbrosieuis
958 1067 1034 1130 alter
1056 1069 1080 1132 D
1107 1067 1144 1132 l'l
1168 1071 1222 1132 iol.
1248 1079 1308 1134 tam
1331 1079 1470 1134 accurate
1493 1066 1577 1152 prin·

260 1172 333 1253 cipis
363 1170 505 1234 editionis
533 1170 693 1234 lectionem
717 1171 820 1243 relcrt,
851 1181 884 1232 ut
910 1190 970 1233 aon
994 1171 1129 1236 dubitem
1158 1175 1230 1255 quin
1260 1193 1295 1236 er
1325 1173 1380 1236 laec
1409 1173 1579 1256 descriptus

259 1276 312 1344 sit:
336 1273 412 1337 alter
434 1275 459 1337 li
481 1271 546 1338 498
568 1276 622 1338 inl.
647 1275 775 1338 dirersis
790 1274 929 1338 manibus
946 1277 1079 1358 scriptus
1094 1277 1183 1340 alium
1208 1278 1237 1338 in
1262 1275 1329 1340 aliis
1353 1277 1488 1358 partibus
1511 1279 1577 1340 lon·

259 1387 319 1440 tem
348 1387 469 1440 secutus
499 1388 555 1442 est.
600 1395 669 1441 nam
699 1379 730 1440 in
760 1379 928 1460 fragmento
957 1379 1068 1461 prioris
1097 1379 1183 1450 libri,
1217 1384 1317 1444 omnio
1345 1399 1392 1442 me
1413 1389 1512 1444 metro
1539 1415 1573 1426 -

255 1482 473 1560 serenitatibus,
499 1483 524 1544 is
539 1501 659 1566 quoque
673 1501 799 1565 prorsus
822 1503 889 1546 cnm
913 1485 1053 1565 principe
1077 1483 1207 1546 editione
1230 1486 1398 1556 consentit;
1421 1486 1451 1547 in
1475 1493 1576 1568 poste·

259 1587 339 1661 riore
367 1589 409 1649 ita
438 1605 506 1649 curn
529 1587 679 1650 Vaticanis
709 1587 789 1659 lacit,
819 1597 851 1651 ut
880 1587 953 1650 nihil
977 1589 1056 1658 nori,
1087 1587 1167 1670 quod
1197 1588 1326 1678 alicuius
1355 1591 1500 1652 momenti
1528 1591 1576 1658 sit,

258 1689 293 1750 arl
317 1687 438 1753 illorum
461 1689 550 1753 iidem
574 1689 700 1754 adierat.
764 1705 771 1728 ¹

343 1793 446 1874 ltaque
469 1793 506 1856 ad
529 1793 747 1858 restituendam
771 1793 883 1858 codicis
906 1795 1065 1860 bobiensis
1088 1780 1281 1877 scripturam,
1311 1795 1347 1857 ad
1371 1816 1460 1879 quun
1482 1795 1576 1860 solam

258 1897 365 1959 lrorum
389 1895 537 1961 librorum
560 1901 700 1961 recensio
730 1899 884 1980 dirigenda
909 1902 974 1973 luit,
1005 1921 1039 1964 es
1063 1903 1101 1963 iis
1125 1901 1229 1982 copiis,
1259 1919 1336 1982 quae
1360 1900 1432 1962 milri
1456 1909 1577 1984 paratae

258 2011 352 2072 erant,
376 2001 553 2064 lidissimum
577 2003 684 2066 ducem
710 2021 743 2066 se
766 2003 905 2084 praebuit
927 2005 1021 2068 codex
1044 2005 1204 2067 Vaticanus
1226 2001 1312 2068 3102
1336 2003 1390 2086 (Α).
1436 2003 1471 2065 od
1497 2003 1577 2066 launo

259 2105 288 2166 10
311 2103 427 2169 duobus
450 2106 658 2170 Fortunatiani
686 2105 771 2170 libris
794 2110 845 2189 qui
868 2107 1011 2171 dicuntur
1039 2107 1202 2172 accedebat
1225 2107 1386 2172 Vaticanus
1408 2103 1493 2171 5216
1521 2107 1575 2186 (il),

258 2209 307 2270 cni
329 2209 495 2272 secandum
524 2209 623 2274 locum
652 2210 845 2276 tribuendum
870 2213 980 2294 putari,
1011 2233 1070 2277 non
1094 2213 1192 2276 solum
1222 2211 1301 2295 quod
1330 2213 1396 2276 eius
1425 2213 1576 2292 scriptura

258 2330 365 2392 partun
393 2325 534 2377 accurate
563 2333 578 2378 a
603 2314 773 2379 Gaislordio
802 2317 934 2379 iudicata
959 2325 1013 2387 est,
1045 2315 1098 2378 sed
1128 2319 1218 2380 etiam
1243 2315 1323 2399 quod
1353 2318 1449 2397 ipsum
1474 2314 1575 2395 negle-

258 2420 378 2496 gentius
405 2437 495 2499 quem
526 2417 654 2482 alterum
682 2421 827 2502 scripturn
857 2440 923 2484 esse
953 2419 1100 2482 videbam.
1148 2419 1277 2483 eundem
1307 2422 1337 2482 iu
1366 2421 1464 2500 prima
1491 2427 1576 2500 parte

259 2537 363 2582 eorum
387 2538 464 2600 quae
487 2520 585 2585 arllruc
601 2523 698 2586 Caesii
715 2523 800 2588 Bassi
823 2527 945 2587 nontine
968 2525 1113 2606 inscripta
1136 2521 1312 2587 terebantur
1329 2523 1481 2586 Brurrnlus
1505 2541 1576 2584 eon-

260 2622 376 2685 tulerat.
422 2644 516 2706 quere
545 2628 574 2687 iu
604 2626 650 2688 lris
673 2645 793 2710 quoque
824 2628 870 2691 bis
893 2631 959 2692 eius
981 2630 1161 2710 scripturam
1186 2630 1430 2695 commemoravi,
1461 2625 1513 2688 sod
1537 2627 1576 2688 ila

260 2728 496 2792 consentientem
529 2727 640 2792 librum
669 2749 736 2793 cum
766 2731 859 2795 altero
880 2735 992 2804 inveni,
1022 2734 1106 2795 0110
1136 2730 1259 2815 reliquis
1287 2750 1323 2794 eo
1352 2729 1441 2793 lacile
1471 2749 1576 2794 carere

259 2849 389 2912 possem.
435 2835 466 2894 in
496 2836 648 2914 excerptis
671 2837 876 2914 grammaticis
905 2839 985 2898 inter
1013 2836 1089 2898 duos
1113 2837 1322 2898 fortunatiani
1352 2833 1446 2896 libros
1469 2833 1576 2916 positis

260 2935 393 2998 codicem
418 2938 439 2998 Α
464 2945 719 3018 praeter-pauca,
749 2959 826 3022 (puae
855 2941 919 3022 ipse
947 2939 1020 3002 olim
1049 2960 1083 3002 es
1114 2958 1149 3000 eo
1173 2939 1405 3020 descripseram,
1436 2936 1574 3000 collatum

259 3057 318 3101 non
341 3037 434 3102 habui
453 3059 559 3122 neque,
584 3041 655 3104 dum
671 3060 747 3122 opus
763 3045 928 3123 perficitur,
951 3047 1030 3108 sicut
1052 3061 1254 3126 speraveram,
1279 3039 1469 3104 collationem
1494 3039 1576 3102 codi-

259 3143 301 3204 cis
325 3145 457 3206 nancisci
478 3152 626 3226 poteram.
662 3164 754 3228 quam
778 3149 807 3208 in
831 3150 934 3229 priore
958 3157 1043 3228 parte
1066 3147 1188 3210 illorum
1213 3153 1425 3227 excerptorum
1449 3143 1576 3208 alterurn
1604 3204 1607 3212 .

259 3247 444 3318 Vaticanum,
469 3251 556 3310 cuius
577 3251 758 3328 scripturam
775 3250 961 3313 Gaislordius
985 3257 1186 3334 expresserat,
1209 3250 1266 3313 lroc
1289 3257 1411 3312 auctore
1434 3246 1575 3318 adlribui;

259 3351 289 3410 in
312 3350 482 3441 fragmento
508 3349 663 3416 [locationi
683 3354 880 3416 ι0010011000
898 3355 1000 3419 codice
1025 3375 1040 3417 a
1067 3353 1236 3418 [letlelseno
1260 3372 1328 3422 cum
1352 3353 1491 3434 principe
1515 3351 1575 3414 edl-

260 3455 339 3515 tione
362 3453 472 3517 collato
497 3455 538 3534 (C)
564 3475 635 3519 usus
658 3476 734 3520 sum.
781 3458 911 3540 donique
933 3468 1054 3539 praeter
1077 3477 1168 3520 marro
1191 3460 1323 3539 scriptos
1346 3454 1441 3518 libros
1465 3456 1576 3535 princi·

259 3576 326 3636 pem
357 3558 521 3621 editionem
546 3559 595 3638 (ς),
626 3562 713 3622 10101
742 3546 858 3643 copiam
889 3582 923 3624 es
947 3562 1118 3624 blonaconsi
1149 3560 1330 3623 bibliotheca
1360 3559 1434 3621 milri
1463 3560 1577 3622 lecerat

260 3660 411 3733 llalmius,
447 3661 580 3726 adhibui.
627 3665 711 3726 entus
740 3665 882 3728 editionis
911 3667 1056 3729 lectiones
1084 3667 1114 3727 in
1145 3665 1286 3728 omnibus
1315 3682 1392 3745 quae
1424 3655 1482 3724 lroc
1509 3661 1576 3724 loco

259 3762 340 3826 edidi
364 3784 402 3826 ne
426 3763 472 3828 lais
494 3768 627 3849 quidem,
652 3768 681 3830 in
706 3768 815 3850 quibus
831 3769 943 3831 nullam
961 3769 1049 3830 lrdem
1066 3769 1166 3840 habet,
1190 3769 1414 3850 praetermissis
1436 3776 1575 3828 accurate

259 3868 387 3931 indicari
417 3878 456 3939 et,
487 3872 590 3952 siquae
620 3889 713 3933 vacuo
742 3874 838 3955 spatio
867 3871 972 3935 relicto
1001 3875 1032 3935 in
1061 3871 1109 3933 illa
1139 3873 1249 3934 omissa
1279 3879 1374 3940 erant,
1407 3873 1575 3940 asteriscos,

258 3971 337 4053 quod
362 3971 488 4035 lacunae
517 3975 660 4036 irulicinur
685 3995 751 4036 esso
781 3975 867 4046 volui,
896 3978 1073 4056 interposui,
1105 3986 1136 4038 ut
1157 3974 1397 4055 intellegeretur,
1428 3973 1575 4054 quemad

259 4073 381 4138 modom
404 4074 479 4138 baec
502 4075 572 4138 olim
603 4078 631 4137 io
657 4077 743 4140 editis
767 4077 990 4161 exemplaribus
1019 4059 1160 4162 expressa
1184 4081 1318 4142 luissent.
1366 4077 1418 4139 sod
1442 4079 1473 4138 in
1497 4075 1576 4138 Vati·

259 4181 340 4241 cauis
356 4179 523 4251 codicibus,
548 4183 678 4244 maxime
702 4183 733 4244 10
756 4161 807 4254 00,Ι
827 4184 863 4244 dc
888 4201 948 4263 quo
965 4183 1132 4246 Guislordio
1155 4182 1229 4244 fides
1247 4181 1383 4244 babenda
1408 4189 1482 4251 erat,
1507 4198 1574 4240 cum

259 4292 338 4345 esset
361 4281 413 4346 ubi
436 4283 567 4346 dubitari
591 4296 702 4366 posset,
734 4304 804 4348 nom
828 4289 976 4369 scriptura
1005 4297 1087 4350 recte
1111 4287 1241 4349 indicata
1266 4295 1354 4356 esset,
1382 4284 1460 4346 hanc
1483 4286 1574 4346 ratio-

259 4405 327 4448 nem
357 4397 479 4450 secutus
508 4407 587 4458 surra,
618 4390 703 4450 0110
728 4388 936 4461 iislocis„de
965 4391 1074 4470 (peribus
1104 4392 1124 4452 ii
1153 4392 1203 4471 qui
1234 4388 1353 4450 codices
1379 4389 1577 4468 inspexerunt

260 4489 330 4552 nilril
355 4501 545 4566 monuerant,
576 4493 743 4572 anteposita
772 4503 840 4556 nota
865 4496 1010 4575 principis
1040 4494 1182 4556 editionis
1210 4502 1279 4556 ante
1308 4500 1393 4554 notas
1425 4492 1574 4562 codicum,

259 4599 314 4666 §.l
340 4594 385 4656 rel
409 4613 428 4666 ς
446 4595 476 4663 Β,
501 4595 727 4658 dissentientem
751 4597 789 4658 ab
813 4598 893 4660 edito
913 4595 1078 4676 exemplari
1100 4598 1279 4676 scripturam
1297 4614 1332 4656 es
1350 4597 1576 4676 manuscriptis

260 4696 343 4762 libris
366 4718 428 4761 noo
452 4697 612 4762 irulicataur
637 4719 702 4762 esse
725 4701 942 4779 significareun
968 4717 1061 4779 pauca
1085 4702 1183 4767 etiarn.
1208 4700 1238 4760 in
1263 4698 1373 4778 quibus
1389 4718 1475 4761 error
1492 4699 1574 4760 Gais-

261 4800 349 4864 lordii
366 4803 541 4866 manifestus
558 4813 631 4875 erut,
655 4806 784 4866 correxi.
819 4822 1000 4884 qrramquarn
1024 4815 1124 4865 autern
1148 4803 1184 4864 ad
1208 4801 1330 4884 plenum
1355 4811 1384 4864 el
1406 4805 1575 4884 perlectum

261 4917 436 4985 apparatum
462 4907 669 4969 instruendum
695 4925 754 4968 nou
785 4907 865 4971 nulle
890 4907 993 4968 deesse
1018 4908 1047 4967 10
1072 4905 1117 4968 lris
1140 4905 1227 4969 libris
1250 4908 1441 4990 nrusirneque,
1461 4907 1575 4990 b'eapo·
