3858 5560
347 375 352 394 ,
390 321 452 390 188
896 315 898 326 ’
952 326 1147 383 vroronrnr

415 437 437 480 p.
451 425 590 474 natusne.
1523 434 1683 491 primiti..

475 515 678 580 Grammatico
700 517 774 601 quid
798 519 862 583 esti
884 518 1019 583 Scientia
1043 519 1266 600 interpretandi
1294 529 1399 605 poetas
1426 531 1517 605 atque
1545 525 1708 591 historicos

291 681 294 693 ,
389 627 420 682 et
442 607 526 683 recte
549 620 705 684 scribendi
728 620 929 706 loquendique
952 625 1041 687 ratio.
1086 624 1165 687 dicta
1189 635 1290 688 autern
1313 618 1381 689 clud
1395 625 1465 690 cciv
1487 623 1707 712 γραμμάτων,

389 719 434 803 [id
447 729 495 786 est
505 709 543 786 ab
556 723 604 786 his
617 722 752 808 litteris].
770 726 854 788 Vnde
871 728 1006 810 incipere
1022 726 1133 792 debetl
1149 727 1276 802 Quidam
1294 727 1413 814 [etiam]
1427 749 1444 792 a
1457 750 1529 794 soce
1545 741 1708 814 coeperunt

297 897 303 910 ,ὓ
387 824 438 888 alii
461 845 477 889 a
500 823 621 900 litteris,
645 826 696 891 alii
718 849 734 892 a
758 829 890 912 syllabis,
914 829 965 892 alii
988 851 1004 895 a
1028 830 1157 904 casibus,
1182 851 1237 896 nos
1259 840 1361 896 antem
1383 853 1400 896 a
1423 833 1607 899 delinitione.
1651 832 1707 908 Qui

388 937 488 992 tamen
510 940 679 1018 coeperunt
700 931 826 997 meliust
849 933 959 1016 Vtique
982 937 1034 1018 qui
1058 953 1074 1000 a
1098 935 1275 1000 defiuitione
1298 933 1344 1000 rel
1367 935 1528 1002 alitteris.
1558 957 1629 1002 nam
1651 955 1731 1002 roxa

171 1067 174 1074 .
264 1015 271 1028 “
305 1077 308 1082 -
388 1029 535 1098 natnmlis
557 1043 603 1098 est
624 1043 654 1099 et
675 1037 741 1100 sina
764 1040 958 1116 grammatica
975 1041 1144 1104 communis
1158 1042 1247 1104 etiam
1264 1059 1332 1104 cum
1348 1040 1507 1124 imperitis.
1525 1039 1537 1126 ΙΙ
1553 1043 1707 1106 Gramma·

244 1121 249 1132 ’
388 1138 465 1200 ticae
488 1147 588 1202 autem
612 1139 712 1204 cilicia
735 1149 809 1224 quot
831 1143 919 1206 suutl
955 1141 1112 1216 Quattuor.
1157 1143 1241 1217 Quae
1276 1145 1363 1208 souti
1396 1143 1514 1218 Lectio,
1543 1148 1706 1217 enarratio,
1747 1192 1755 1211 .

388 1239 575 1315 emendatio,
609 1243 767 1308 iudicium.
814 1245 916 1309 Lectio
939 1247 1012 1330 quid
1037 1249 1101 1311 esti
1138 1247 1313 1312 Secundum
1346 1257 1489 1312 accontus
1511 1257 1542 1312 et
1563 1267 1705 1312 sensuum

387 1339 598 1410 necessitatem
622 1350 744 1430 propria
767 1351 981 1430 pronuntiatio.
1026 1351 1187 1416 Enarratio
1210 1351 1282 1432 quid
1306 1353 1370 1416 esti
1403 1352 1576 1416 Secundum
1600 1363 1705 1434 poetae

386 1449 570 1513 voluntatem
594 1453 855 1537 uniuscuiusque
884 1454 1098 1536 descriptionis
1120 1455 1304 1537 explanatio.
1349 1455 1526 1520 Emendatio
1549 1457 1621 1539 quid
1645 1458 1742 1520 estin

280 1627 282 1632 ,
386 1551 533 1624 Errorum
556 1556 636 1638 apud
661 1553 665 1640 Ι
690 1566 793 1638 poetas
820 1566 851 1621 et
878 1559 1092 1640 figmentorum
1115 1559 1326 1642 reprehensio.
1372 1560 1519 1625 indicium
1543 1560 1615 1644 quid
1639 1561 1705 1624 esti

387 1653 468 1720 Bene
492 1657 645 1722 dictorum
668 1660 887 1743 comprobatio.
1109 1657 1112 1664 “

913 1885 962 1951 ΒΕ
985 1885 1178 1952 ΕΕΕΤΙΟΝΕ
1250 1928 1254 1936 -

471 2037 576 2102 Partes
598 2037 738 2104 lectionis
753 2051 828 2124 quot
842 2042 930 2105 suntl
953 2031 1112 2115 Quattuor.
1157 2042 1238 2117 Quae
1251 2043 1341 2107 sunt?
1364 2041 1530 2118 Acccntns,
1546 2045 1701 2118 discretio,

385 2143 601 2223 pronuntiatio,
626 2143 797 2208 modulatio.
844 2147 994 2210 docentus
1023 2145 1096 2230 quid
1126 2148 1190 2211 estl
1224 2147 1318 2211 Vnius
1346 2149 1492 2230 cuiusque
1515 2147 1647 2232 syllabae
1661 2151 1700 2212 'iu
1716 2163 1746 2212 n'

384 2261 459 2306 suno
482 2246 700 2326 pronuntiandi
723 2246 870 2331 qualitas?
893 2249 1042 2313 Discretio
1058 2250 1129 2334 qnid
1146 2252 1208 2314 estl
1232 2250 1435 2315 Confusarum
1451 2253 1702 2333 significationum

384 2345 530 2428 perplana
553 2351 743 2428 significatio.
789 2353 999 2417 Pronuntiano
1023 2353 1093 2434 quid
1113 2355 1187 2418 esti
1222 2355 1411 2437 Scriptorum
1441 2356 1609 2420 secundum
1633 2374 1702 2439 per·
1765 2439 1771 2444 η

383 2467 475 2515 sonas
497 2455 721 2520 accommodata
744 2457 939 2521 distinctione
955 2457 1136 2529 similitudo,
1162 2467 1194 2520 ut
1216 2466 1288 2540 puta
1305 2477 1373 2520 cum
1389 2465 1439 2521 aut
1454 2461 1538 2522 senis
1555 2469 1702 2541 tempera·
1811 2507 1815 2516 ,

293 2610 298 2618 ,
384 2563 518 2620 mentum
542 2565 594 2620 aut
616 2559 734 2622 iuvenis
757 2563 938 2642 protervitas
967 2551 1018 2625 au't
1046 2561 1176 2625 feminae
1207 2561 1367 2624 infirmitas
1390 2571 1441 2624 aut
1462 2561 1592 2644 qualitas
1615 2565 1703 2626 unius

383 2659 530 2739 cuiusque
554 2679 701 2743 personae
724 2663 911 2728 ostendenda
935 2671 1034 2727 estet
1056 2683 1156 2736 mores
1179 2667 1268 2729 unius
1291 2665 1436 2749 cuiusque
1458 2664 1580 2730 babitus
1603 2668 1702 2749 expri-
1716 2687 1740 2730 ao

383 2760 496 2826 mendi.
540 2763 704 2830 blodulatio
727 2767 799 2852 quid
824 2767 887 2831 esti
920 2768 1091 2832 Continuati
1113 2771 1262 2832 sernmnis
1284 2771 1317 2833 in
1345 2770 1558 2834 iucundiorem
1582 2769 1703 2834 dicendi

382 2867 534 2930 rationem
571 2869 737 2934 artificialis
772 2870 868 2935 lienus
907 2875 938 2935 in
976 2871 1187 2936 delectabilem
1226 2873 1345 2936 auditus
1377 2875 1505 2938 lormam
1539 2892 1703 2939 conversus

383 2970 553 3052 asperitatis
576 2973 710 3038 vitandae
734 2976 838 3056 gratia.

882 3199 931 3264 DE
954 3199 1203 3266 DEFlNlTIONE

451 3323 609 3416 'Definitio
632 3353 704 3434 quid
729 3355 792 3418 est?
825 3354 929 3419 Oratio
957 3353 1089 3440 [breuis]
1120 3374 1198 3438 quae
1221 3357 1251 3421 id
1275 3357 1313 3420 de
1335 3377 1394 3441 quo
1417 3360 1575 3440 quaeritur
1598 3366 1740 3442 aperteas

383 3455 534 3551 describit
555 3465 584 3520 et
608 3457 800 3532 determinat,
824 3468 858 3521 ut
880 3467 950 3542 puta
973 3462 999 3522 si
1022 3479 1157 3543 quaeras
1174 3478 1191 3522 a
1210 3479 1267 3532 me.
1292 3451 1364 3545 quid
1387 3464 1427 3526 sit
1450 3461 1551 3540 borno,
1575 3479 1701 3543 respon·

347 3649 356 3663 .
383 3555 462 3621 debo
485 3558 542 3624 tibi
565 3561 688 3626 ‘animal
711 3561 856 3627 rationale
880 3572 910 3625 et
931 3561 1059 3626 mortale
1081 3565 1160 3652 risus
1182 3567 1300 3648 capax’.

382 3703 589 3718 Ἥ

401 3823 403 3830 ›
451 3791 673 3845 bGrsmmaticae
691 3793 778 3846 cilicis
796 3797 878 3848 biom.
898 3798 958 3855 426,
971 3798 1006 3847 24
1088 3799 1121 3848 le
1138 3795 1265 3850 Discretio
1285 3797 1369 3852 Dicas.
1389 3800 1450 3858 434,
1464 3803 1501 3854 23
1590 3799 1621 3852 17
1639 3799 1702 3853 Pro·

382 3861 754 3923 cundatiolliom.did,18
839 3864 1276 3928 atuodutauobtomaas,1o
1363 3869 1397 3919 et
1420 3867 1463 3919 ΒΕ
1481 3866 1699 3921 vertumnus.

383 3931 484 3984 Cbarr's.
503 3934 595 3997 diml
612 3933 696 3986 Dicta.
716 3936 777 3996 420,
791 3937 826 3986 24

450 4141 467 4191 3
485 4139 518 4190 sb
529 4137 571 4190 his
585 4139 675 4190 litteris
695 4139 716 4192 G
726 4151 744 4197 ς
760 4154 777 4190 a
794 4140 884 4192 litteris
903 4141 928 4192 A
981 4141 1087 4206 quidam
1107 4157 1163 4192 eam
1181 4159 1198 4194 a
1217 4159 1281 4194 uoce
1298 4153 1440 4210 coeperunt
1457 4156 1474 4200 ς
1492 4143 1601 4208 quidam
1613 4159 1700 4212 gram·

382 4209 474 4259 metica
492 4207 522 4273 (l.
540 4207 715 4276 grammatici)
733 4225 749 4260 a
766 4225 831 4262 uoce
849 4221 991 4278 coeperunt
1008 4213 1033 4262 A
1095 4213 1112 4263 4
1130 4226 1179 4264 nos
1197 4223 1283 4265 autern
1302 4229 1317 4265 a
1335 4213 1473 4274 divisione,
1492 4213 1539 4277 qui
1556 4223 1628 4264 tanto
1646 4228 1699 4264 me·

381 4275 432 4329 lius
452 4276 542 4342 ntique
559 4277 709 4345 incipimus,
728 4293 805 4342 quam
824 4279 868 4346 qui
886 4293 903 4330 s
920 4278 1080 4341 delinitione,
1099 4281 1138 4332 uel
1158 4281 1283 4334 alitteris
1302 4283 1450 4350 incipimus.
1470 4296 1529 4333 rrum
1543 4295 1632 4338 rroxs
1763 4331 1782 4344 ,,

380 4347 397 4399 8
416 4345 557 4398 secundum
576 4357 697 4398 accentus
715 4361 740 4398 et
758 4362 881 4399 sensuram
896 4348 1074 4400 necessitatem
1087 4352 1195 4418 propris
1213 4353 1355 4404 enuntiatio
1375 4351 1399 4402 A
1418 4351 1560 4402 secuudum
1579 4363 1698 4402 accentus

381 4415 415 4467 sd
432 4431 557 4468 sensuum
576 4417 755 4467 necessitatem
774 4418 881 4484 propria
900 4419 1076 4485 pronuntiatio
1095 4419 1276 4472 G-secnudom
1295 4429 1415 4472 accentus
1433 4421 1466 4470 od
1485 4435 1591 4470 sensnm
1612 4435 1700 4471 neces-

381 4486 536 4550 sitatemque
554 4486 732 4553 pronuntiatio
750 4499 768 4542 ς
833 4489 864 4539 10
882 4487 1066 4554 descriptionis
1085 4489 1111 4540 A
1130 4489 1294 4541 discretionis
1315 4489 1363 4546 Ge
1429 4490 1460 4540 li
1478 4489 1635 4556 scriptorum
1653 4505 1701 4558 per

379 4568 509 4621 personas
526 4555 709 4607 accomodatas
728 4553 893 4607 distinctione
911 4556 1054 4609 similitudo
1073 4570 1091 4614 ς
1161 4560 1193 4610 18
1212 4573 1268 4609 curn
1288 4569 1333 4608 aut
1349 4557 1420 4608 senis
1440 4558 1495 4615 Ae
1513 4572 1571 4610 cum
1589 4559 1660 4610 senia
1680 4559 1703 4611 0

452 4625 484 4676 te
502 4635 546 4674 aut
564 4624 676 4688 qualitas
694 4625 880 4690 cuiuscumque
892 4640 1020 4693 personae
1034 4627 1220 4695 distinguenda
1238 4639 1278 4679 est
1297 4627 1320 4678 A
1373 4628 1408 4678 20
1426 4637 1451 4677 et
1469 4641 1555 4679 mores
1573 4628 1699 4692 cuiusque

379 4691 484 4744 habitus
507 4693 670 4761 exprimendi
693 4697 717 4746 A
746 4705 772 4744 et
793 4709 878 4746 mores
900 4697 1106 4762 uniuscuiusque
1129 4697 1231 4748 habitus
1253 4695 1417 4764 exprimendi
1439 4706 1535 4753 sante
1561 4697 1594 4748 sd
1613 4711 1699 4749 mores

381 4762 586 4826 uniuscuiusque
605 4764 640 4814 rei
659 4761 762 4814 habitus
780 4765 942 4831 exprimendi
960 4765 982 4817 G
1038 4765 1072 4816 22
1091 4765 1231 4818 artillcialis
1251 4767 1334 4816 liexue
1354 4765 1379 4815 in
1398 4764 1574 4816 delectabilem
1593 4765 1618 4816 A
1637 4767 1700 4818 acti·

353 4828 464 4902 ¹licrrlis
483 4830 568 4882 llexns
586 4841 611 4883 et
629 4833 655 4882 in
673 4833 887 4886 ditecnbilemc
954 4835 988 4886 23
1007 4835 1112 4887 uitande
1129 4851 1201 4890 corr.
1219 4834 1299 4886 -mo
1361 4835 1395 4886 25
1413 4833 1498 4886 brevis
1517 4851 1565 4887 oss.
1580 4835 1636 4892 Ae

380 4898 415 4950 26
432 4909 460 4950 ut
477 4909 541 4968 puts
558 4900 638 4952 ueluti
655 4901 679 4953 si
696 4903 722 4954 A
