3906 5564
628 336 711 390 amr.
730 335 843 390 cusu.
868 337 939 390 ern.
959 337 1017 392 1111
1037 339 1060 403 1,
1079 340 1198 392 oo-et
1515 337 1577 404 149

278 451 301 496 p.
314 438 375 482 25⁰⁸.
390 439 416 481 bi
429 437 453 484 P.
1403 453 1424 498 p.
1439 443 1484 484 tet.
1498 442 1511 484 ii
1524 439 1550 488 G.

252 547 359 594 versus
381 547 451 612 pars
473 527 574 592 iambo
598 529 772 612 adsignetur
794 527 1002 612 superfluente
1023 517 1153 614 syllal'r'a,
1178 530 1258 612 quod
1282 539 1329 594 est
1342 508 1485 612 'adaeque
1501 551 1575 614 pen·

253 633 459 698 themimeres.
504 634 580 698 haec
609 635 701 715 igitur
735 633 865 698 duorum
883 652 1035 699 ‘remuum
1069 636 1233 718 principia,
1268 653 1345 718 quae
1374 635 1517 718 copulata
1544 637 1576 698 in

253 737 342 801 unius
365 757 469 802 versus
493 737 620 804 lormam
644 745 806 808 venerunt,
838 755 894 800 suo
918 755 1038 821 quoque
1061 746 1159 802 metro
1186 737 1331 822 compleri
1354 747 1499 822 poterunt
1522 739 1575 812 sic,

538 849 641 906 castae
663 837 810 912 Pierides,
834 857 955 922 precor,
979 841 1131 926 adspirate
1156 845 1291 916 canenti,

225 952 282 1009 aet
302 945 336 1009 lit
357 946 486 1019 herous;
519 947 592 1011 item
845 948 847 954 ’

581 1067 667 1114 meae
691 1048 839 1112 Camenm
862 1047 1006 1112 caelitum
1030 1057 1124 1114 testor
1147 1069 1243 1132 genus

250 1151 408 1218 iambicus.
452 1153 524 1218 item

601 1275 749 1322 acarmcn
772 1255 906 1321 Pierides
929 1265 1052 1322 struunt
1075 1267 1197 1322 sorores

251 1363 289 1426 ita
313 1353 531 1445 complebitur,

213 1483 239 1527 ao
511 1483 634 1531 carmen
658 1464 795 1530 Pierides
817 1475 955 1548 pangunt
977 1465 1175 1530 memorabile
1199 1467 1316 1540 Musae,

250 1569 359 1634 dehinc

587 1680 707 1736 shount
727 1693 849 1738 sorores
871 1674 989 1738 Atticae
1012 1673 1112 1738 dirum
1135 1675 1230 1740 nolas.

335 1775 418 1841 ilaec
440 1777 499 1840 crit
521 1775 559 1840 de
582 1775 842 1860 hendecasyllabis
864 1779 961 1861 prima
990 1779 1108 1860 species
1131 1787 1161 1842 et
1183 1780 1301 1844 divisio.
1347 1779 1479 1846 secunda
1503 1799 1573 1846 vero

251 1881 375 1964 recipit,
406 1889 440 1945 ut
467 1882 624 1962 superior,
653 1881 820 1962 spondeum
849 1891 879 1944 ct
908 1881 1056 1966 dactylum
1086 1901 1147 1947 non
1182 1883 1315 1948 admisso
1343 1883 1512 1965 semipede,
1541 1892 1575 1948 ut

214 2002 356 2066 usupra,
385 2002 446 2067 quo
470 1979 638 2067 completur
661 1983 917 2067 penthemimeres
940 1993 1037 2059 tome,
1067 1985 1178 2051 dehinc
1208 1996 1271 2052 tres
1294 1988 1466 2079 trochaeos,
1497 1997 1573 2054 tam·

251 2105 341 2168 quam

618 2193 714 2256 siccas
737 2190 839 2257 ducite
861 2193 1021 2258 machinae
1043 2196 1172 2258 carinas.
1200 2192 1205 2277 1

251 2315 320 2360 nam
342 2299 369 2360 si
392 2297 510 2361 duobus
526 2297 628 2361 herois
650 2304 794 2380 quattuor
808 2295 902 2381 pedes
917 2301 1095 2379 coniungas,
1121 2299 1179 2362 erit
1202 2317 1306 2364 versus
1329 2300 1504 2364 hexameter
1520 2301 1571 2373 sic,

499 2403 597 2464 siccas
619 2399 722 2466 ducite
745 2403 807 2464 iam
830 2400 908 2464 laeto
932 2411 1001 2466 cum
1026 2405 1161 2466 carmine
1185 2421 1319 2486 puppes;

214 2503 370 2589 sorciiqua
395 2523 469 2588 pars
498 2503 657 2569 extribus
680 2505 846 2577 trochaeis,
877 2505 1052 2570 ‘machinae
1075 2507 1215 2578 carinas’,
1244 2527 1300 2572 suo
1323 2516 1437 2580 metro,
1468 2507 1496 2570 id
1524 2516 1573 2571 est

251 2607 461 2693 ithyphallico,
485 2608 586 2674 stabit.
628 2606 729 2694 ilemh
1150 2669 1153 2678 ,

575 2720 711 2796 pangunt
733 2714 868 2778 carmina
890 2715 949 2778 iam
972 2731 1083 2779 norem
1105 2731 1248 2778 sorores:

253 2819 430 2882 hexameter
453 2813 657 2900 complebitur
680 2819 739 2891 sic,

470 2929 608 3005 pangunt
629 2923 765 2986 carmina
788 2925 975 3003 tergeminae
999 2921 1193 2986 memoranda
1217 2941 1352 2996 sorores;

214 3025 388 3092 acresident
410 3033 473 3090 tres
496 3025 647 3096 trochaei,
671 3025 743 3090 ‘iam
767 3045 874 3090 norem
898 3018 1059 3090 sorores’.¹

335 3129 442 3194 Tertia
464 3139 564 3194 autern
587 3129 683 3193 diviso
707 3128 799 3192 iatius
821 3139 919 3213 patet,
943 3133 1030 3196 cuius
1053 3130 1224 3212 exemplum

587 3231 687 3298 sulcos
710 3241 782 3298 tuuc
805 3242 947 3317 retegunt
969 3253 1075 3299 comae
1097 3235 1235 3306 ilueutes,

251 3341 323 3402 item

547 3440 764 3506 iamdudum
787 3441 861 3505 tibi
885 3442 1084 3506 disserens
1108 3441 1273 3524 probavi

215 3565 320 3610 anam
343 3549 371 3610 si
394 3545 531 3610 retrahas
553 3545 723 3620 ‘fluentes’,
747 3554 884 3610 remanet

465 3635 468 3640 ’
663 3649 764 3714 sulcos
787 3659 859 3715 tunc
881 3660 1022 3731 retegunt
1044 3669 1159 3724 comae,

253 3753 331 3836 quod
354 3762 400 3818 est
422 3763 569 3828 metrum,
593 3763 626 3818 ut
648 3757 840 3836 grammatici
864 3764 980 3832 uocant,
1006 3754 1259 3828 choriambicum,
1291 3762 1326 3818 ut
1347 3759 1470 3831 musici,
1502 3756 1580 3822 beo·

253 3859 391 3922 cbiacum
412 3859 477 3922 sire
499 3860 729 3923 anacreontium
752 3857 936 3942 syliabarum
953 3867 1031 3922 octo.
1079 3869 1109 3921 ct
1131 3861 1161 3921 io
1185 3860 1243 3922 hoc
1267 3869 1325 3922 tam
1342 3861 1457 3942 primae
1480 3882 1570 3944 qoam

254 3961 373 4027 ultimae
396 3962 479 4027 'duae
508 3960 640 4046 syllabae
669 3964 857 4027 incrementa
881 3964 978 4043 magis
1001 3981 1089 4045 quam
1108 3965 1213 4026 'textui
1236 3961 1347 4044 pedum
1371 3967 1569 4038 necessariae,

216 4075 285 4130 out
305 4075 421 4150 putant,
445 4065 606 4140 habentur,
632 4083 709 4146 quae
725 4075 795 4130 sunt
810 4067 876 4137 irae,
900 4064 1144 4151 initiol‘suicos’,
1168 4067 1198 4130 iu
1218 4064 1322 4130 ultimo
1348 4071 1494 4138 ‘comaa’;
1518 4088 1570 4132 su-

318 4285 456 4337 Scarmco
474 4300 502 4351 p.
522 4284 610 4348 iim
680 4280 714 4334 ab
731 4281 818 4333 Tertia
836 4291 922 4334 summ
939 4283 1036 4334 divisio
1054 4307 1089 4322 -
1107 4285 1195 4346 ibon
1213 4282 1293 4352 longa
1309 4300 1337 4351 p.
1359 4286 1415 4344 118,
1430 4287 1463 4336 io

319 4477 495 4542 spotmerunt
514 4471 604 4530 Aac
665 4473 815 4538 lifericus
833 4472 982 4524 hexameter
999 4475 1035 4524 ita
1053 4473 1223 4542 complebitur
1281 4475 1312 4525 ta
1330 4472 1414 4524 dirum
1434 4486 1451 4530 ς
1474 4473 1571 4526 Teren·

253 4545 417 4596 domim
434 4542 527 4594 ductam
549 4541 609 4593 AB
663 4543 695 4594 is
713 4541 745 4593 de
757 4545 961 4610 superscriptum
973 4549 1012 4594 esi
1024 4545 1050 4594 ia
1070 4545 1094 4594 A
1149 4545 1181 4595 18
1199 4538 1332 4611 criminor]
1353 4553 1460 4606 qrrertos
1481 4545 1504 4594 A
1516 4543 1571 4601 Βς

318 4614 353 4664 20
371 4625 433 4680 pers
452 4623 478 4662 ct
495 4611 576 4662 tribus
595 4609 660 4664 AB
678 4623 739 4678 pars
758 4627 772 4661 e
789 4611 872 4663 tribus
896 4625 913 4670 ς
973 4613 1007 4664 23
1025 4611 1176 4664 hexametro
1195 4613 1220 4664 A
1233 4611 1288 4667 Βς
1351 4613 1385 4664 25
1404 4611 1526 4664 resedent
1544 4615 1570 4666 A

252 4689 369 4760 reseddut
386 4705 413 4759 B
430 4705 581 4758 resederunt
598 4719 616 4764 ς
685 4706 718 4758 27
738 4704 846 4764 herentes
865 4719 882 4764 ς
907 4707 1030 4758 dedentes
1051 4707 1114 4758 AB
1132 4707 1238 4759 latentes
1256 4721 1338 4772 supra
1355 4723 1381 4773 p.
1396 4709 1454 4768 tic,
1468 4711 1501 4758 io

251 4778 284 4830 29
306 4771 468 4844 iamdudum]
495 4775 601 4828 Terent.
619 4776 710 4828 Μαιιν.
728 4778 798 4828 aori
886 4779 918 4829 30
938 4775 1045 4827 liuentes
1065 4789 1081 4833 ς
1101 4777 1224 4828 ilauences
1245 4775 1308 4827 AB
1395 4779 1427 4828 31
1447 4777 1534 4830 sulcos
1553 4791 1570 4834 ς

253 4845 338 4898 sulcus
356 4847 381 4899 A
394 4844 421 4897 B
502 4847 535 4899 32
555 4844 820 4902 obmutescatis
885 4849 934 4899 ⁴33
953 4848 1146 4897 anacreontium
1165 4845 1219 4904 ςΒ
1242 4847 1451 4897 enneaconticum
1471 4850 1495 4899 A

253 4916 285 4967 at
302 4917 459 4968 incremento
478 4915 504 4968 A
517 4915 543 4966 B
555 4929 584 4973 c:
604 4917 640 4981 cs.
663 4915 766 4968 Terent.
786 4917 855 4967 2611
874 4925 1036 4968 excrementa
1053 4917 1138 4984 magis
1158 4909 1250 4984 put'aut
1318 4917 1388 4966 texui
1409 4915 1434 4967 B
