3904 5556
632 340 713 392 ann.
732 339 843 393 usam.
856 341 932 393 ura.
951 343 965 394 1
982 346 1006 406 ι,
1025 345 1136 396 sa-sa
1506 341 1545 406 17

250 437 423 494 pilatim·
1370 443 1519 497 prema.

224 527 394 612 disputatio.
415 526 520 601 nohis,
550 549 626 612 quae
654 533 686 596 in
710 530 775 594 aliis
799 533 919 612 quidem
950 533 1133 606 ambisset,
1164 534 1195 596 in
1222 550 1312 614 supra
1338 531 1423 595 dietis
1447 542 1546 598 atttern

224 651 283 696 uon
313 643 372 704 ast.
402 635 591 698 commodius
621 635 713 698 oredo
743 643 863 698 aeturus
891 636 983 700 luisse
1013 645 1152 720 receptae
1182 637 1368 701 auctoritatis
1396 638 1490 710 riros,
1521 637 1546 698 si

223 737 300 800 hane
329 739 427 819 patius
458 737 624 803 redderent
644 742 807 810 rationem,
838 758 877 802 ne
907 740 983 803 vluae
1007 751 1109 824 partes
1139 742 1300 812 orationis,
1326 758 1402 822 quae
1426 742 1546 804 iunctae

224 859 311 905 voees
341 842 544 915 ueniundum,
574 845 712 924 integrae
735 843 911 908 scribantur
940 843 1046 926 †tam
1071 844 1088 906 vl
1113 844 1185 908 inde
1215 862 1303 926 quam
1330 863 1349 908 n
1373 843 1453 907 unde
1475 844 1547 918 inde

196 953 252 1006 tei
275 944 394 1018 nmilia,
419 949 508 1010 eliam
526 948 605 1028 quod
629 949 660 1012 in
684 949 721 1011 iis
744 946 879 1018 vocibus,
905 967 981 1031 quae
998 947 1133 1010 ultimam
1153 947 1265 1012 hahent
1289 967 1328 1020 m,
1354 949 1378 1012 si
1402 955 1546 1032 sequatur

223 1069 252 1121 n,
275 1059 409 1114 mutatur
431 1069 461 1114 m
487 1053 517 1115 in
542 1071 570 1124 n,
594 1063 628 1116 ot
650 1070 719 1116 eum
743 1051 932 1116 *Hannibal
956 1049 1119 1134 lliernpsal.
1570 1039 1574 1046 ’

306 1152 368 1216 lam
404 1154 484 1218 aliud
514 1165 559 1218 est
588 1157 669 1228 sciit,
699 1155 779 1218 aliud
809 1157 909 1219 seivit:
946 1156 1026 1218 scire
1056 1155 1135 1218 enim
1165 1156 1236 1219 iacit
1263 1157 1410 1227 sciscere,
1440 1155 1470 1217 id
1500 1164 1546 1218 est

221 1255 326 1321 iubere
349 1258 509 1341 praehere.

307 1360 374 1426 Nou
397 1365 496 1426 omnia
519 1363 647 1426 rotunda
673 1373 735 1426 rata
759 1375 843 1435 sunt.
868 1383 936 1427 aum
954 1363 995 1428 sl
1018 1371 1048 1426 ei
1070 1383 1085 1425 r
1109 1365 1256 1444 geminari
1271 1362 1380 1436 solent,
1405 1367 1544 1444 quotiens

186 1481 210 1520 ιιι
222 1467 297 1528 ratio
321 1485 382 1530 nou
405 1477 556 1548 repugnat
578 1468 696 1530 aurium
720 1485 811 1538 sono,
844 1477 877 1531 ut
898 1472 929 1533 in
954 1466 1051 1536 nullo.
1076 1471 1107 1531 in
1131 1485 1228 1530 verre.
1265 1467 1397 1531 camelus
1419 1487 1491 1531 vero
1515 1479 1545 1532 et

222 1568 338 1650 loquela
370 1578 399 1633 et
429 1569 552 1650 querela
588 1578 619 1632 et
646 1570 768 1635 suadela
798 1580 828 1634 et
863 1570 954 1635 tulela
985 1589 1046 1634 uno
1074 1569 1083 1632 l
1111 1570 1272 1635 scribenda
1302 1579 1388 1644 sunt,
1423 1581 1456 1635 ut
1484 1591 1545 1636 una

221 1683 344 1737 ramat
368 1679 468 1737 uaros.

304 1777 527 1859 orthographia
558 1777 743 1842 Graecorum
779 1799 815 1842 er
845 1789 932 1863 parte
962 1781 1090 1844 maxima
1120 1781 1150 1842 in
1179 1781 1239 1843 iota
1267 1776 1368 1842 littera
1398 1781 1543 1842 consistit.

223 1899 288 1946 uam
312 1889 343 1945 ot
364 1900 422 1964 pro
447 1881 529 1946 hrevi
553 1891 583 1946 et
604 1901 661 1964 pro
684 1884 789 1965 longa.
813 1909 830 1946 ι
855 1882 937 1948 vetut
956 1877 1079 1947 Ἰάσων
1101 1892 1131 1946 et
1152 1877 1290 1955 Ἀονία,
1314 1889 1344 1946 et
1365 1884 1396 1946 in
1419 1883 1543 1966 quihus·

186 1985 288 2050 odam
312 1979 421 2050 mediis
444 1987 649 2068 interponitur
672 1987 783 2066 verbis,
808 1997 840 2050 ut
860 1981 994 2070 Ἅιδης,
1025 1995 1055 2050 et
1077 1989 1108 2050 in
1138 1988 1297 2058 artrenis.
1329 1995 1361 2050 ut
1391 1979 1486 2070 εὔχηι
1515 1997 1545 2050 et

221 2087 382 2177 superins,
408 2101 438 2154 et
453 2091 560 2154 dativis
581 2089 703 2154 casibus
726 2091 909 2172 adiungitur,
938 2093 1075 2173 quamvis
1097 2109 1158 2154 uon
1181 2091 1368 2162 enuntiatum
1393 2099 1424 2154 et
1439 2091 1543 2156 eadem

220 2191 354 2256 suhieota
379 2212 395 2256 a
417 2192 535 2256 litterae
560 2192 632 2256 iacit
656 2195 775 2276 longam
798 2193 943 2277 syllohom
968 2213 1014 2274 ss,
1044 2193 1123 2277 quod
1153 2205 1240 2258 autea
1264 2191 1441 2258 servabatur
1464 2193 1542 2276 apud

221 2315 274 2358 nos
296 2314 429 2377 quoque.
475 2317 543 2362 narn
573 2307 604 2360 et
626 2316 683 2378 pro
707 2298 791 2361 hreni
815 2305 845 2361 et
874 2317 930 2380 pro
946 2294 960 2382 ΙΙ
977 2296 1065 2378 longa
1089 2316 1169 2360 nunc
1199 2298 1289 2360 etiarn
1314 2294 1404 2368 nalem
1437 2297 1544 2360 dativis

221 2409 319 2464 sutem
343 2401 466 2466 casibus
481 2401 561 2484 apud
584 2419 639 2466 uos
661 2405 743 2466 iuxta
760 2400 985 2483 apponebatur,
1011 2409 1043 2463 ut
1065 2409 1153 2463 antea
1178 2399 1262 2464 vohis
1278 2400 1389 2464 dixisse
1406 2403 1541 2471 memini,

184 2517 288 2568 ”oum
318 2505 462 2586 ‘populoi
490 2505 657 2570 liomanoi’
687 2525 743 2588 pro
774 2504 903 2591 fpopulo
932 2503 1085 2568 Rornano’
1123 2503 1227 2567 solitos
1261 2506 1378 2584 priores
1407 2504 1543 2568 scrihere

221 2608 424 2673 ostenderem.
469 2629 538 2674 cum
568 2628 640 2672 vero
668 2609 772 2672 eadent
804 2612 814 2672 i
838 2629 854 2671 e
878 2605 996 2672 litterae
1025 2610 1125 2671 iuncta
1150 2618 1243 2680 esset,
1274 2627 1334 2672 non
1358 2607 1456 2672 solum
1486 2627 1541 2692 pro

221 2712 307 2794 longa
330 2713 444 2796 syllaba
469 2713 688 2796 accipiebatur,
719 2712 772 2776 sed
803 2715 1020 2776 nominativum
1050 2711 1198 2795 pluralem
1228 2717 1268 2777 iia
1291 2715 1403 2795 scripta
1428 2713 1542 2794 signin·

221 2815 320 2888 cahat,
355 2829 390 2881 ut
423 2819 531 2882 amirei
563 2817 654 2882 hanel
682 2818 781 2882 doetei
810 2819 956 2882 llomanei
992 2828 1021 2880 et
1043 2818 1160 2880 similia.
1207 2827 1238 2880 at
1268 2819 1294 2880 si
1325 2837 1380 2899 per
1408 2815 1504 2880 solurn
1534 2819 1544 2880 i

221 2923 331 3002 scripta
361 2930 456 2992 esset,
488 2921 593 2986 uadem
623 2925 796 3002 genetivum
825 2921 1011 3002 singularem
1040 2920 1186 2993 laulehat,
1217 2929 1250 2983 ut
1278 2919 1367 2984 huius
1396 2921 1484 2983 amiel
1514 2930 1545 2984 ot

183 3035 330 3090 boetem.
377 3025 508 3107 denique
532 3029 712 3108 omnesqui
737 3025 774 3088 de
798 3023 1014 3106 orthographia
1041 3066 1044 3106 ,
1070 3026 1260 3108 scripserunt
1283 3025 1320 3087 de
1344 3023 1425 3088 nulla
1445 3026 1542 3107 serip-

221 3137 372 3192 iuratam
396 3129 447 3191 diu
471 3147 559 3210 quam
585 3128 637 3190 diu
662 3129 699 3191 de
723 3127 778 3192 lma
802 3136 1072 3208 praerumpere
1096 3145 1151 3210 per
1172 3130 1182 3188 i
1203 3127 1541 3210 litteram'singularem

286 3372 328 3424 91
348 3385 372 3423 ει
390 3387 404 3421 ι·
421 3371 547 3437 geminari
567 3370 652 3421 solent
674 3369 730 3421 Vel.
751 3371 834 3437 honp.
855 3371 928 3422 2238
952 3369 1017 3436 Gap.
1036 3371 1107 3421 2211
1134 3369 1193 3424 Ter.
1212 3369 1305 3421 Seuer.
1324 3371 1395 3421 2210
1424 3369 1541 3423 Cassiod.

220 3443 288 3492 2200
362 3443 393 3493 13
412 3439 606 3506 Orthogrnphin
625 3439 781 3490 Graecarum
798 3457 827 3505 p.
846 3443 887 3503 11,
909 3442 952 3494 13.
977 3442 1054 3500 213
1124 3441 1159 3491 25
1177 3439 1290 3502 denique
1309 3453 1399 3490 omues
1420 3438 1543 3500 Quina!

221 3514 249 3570 7,
265 3513 297 3560 15
328 3511 386 3564 Vei.
405 3509 493 3575 Lonp.
513 3511 583 3560 2220
614 3507 673 3560 Ter.
693 3507 785 3563 seam.
805 3511 885 3563 2255.
904 3511 973 3558 2201
1002 3508 1103 3562 Charis.
1123 3511 1202 3572 05,7
1228 3507 1347 3560 Cassiod.
1366 3511 1438 3561 2284

244 3649 253 3658 ιι
302 3650 304 3654 ¹
313 3647 423 3658 —un—-u

305 3739 318 3786 1
349 3735 435 3784 uerbis
465 3743 489 3784 et
512 3733 538 3784 ln
566 3732 723 3799 surpradietis
748 3731 806 3782 AB
830 3732 924 3791 uerbis,
952 3734 977 3782 in
1008 3733 1165 3800 supradictis
1192 3744 1244 3787 ως
1330 3735 1347 3784 4
1374 3733 1540 3784 tnnr.d.inde

219 3803 419 3867 qusm.n.unde
437 3803 463 3854 A
475 3815 526 3858 ως
550 3817 600 3852 rann
620 3801 714 3853 deinde
738 3816 815 3866 <param
835 3816 887 3852 non
912 3801 979 3852 unde
997 3799 1031 3853 B.
1056 3802 1173 3865 fortusse
1193 3801 1261 3852 unde
1280 3813 1330 3852 tarn
1350 3801 1367 3852 d
1385 3803 1411 3851 in
1431 3818 1444 3851 o
1462 3817 1540 3866 quam

220 3888 245 3923 m
262 3874 288 3924 in
307 3888 323 3923 u
342 3883 466 3935 mutatur,
489 3883 516 3922 ut
533 3871 683 3923 tantundem
704 3883 728 3921 et
746 3869 840 3921 similia
858 3874 898 3921 ael
915 3869 1016 3922 brevius
1036 3883 1063 3922 ιιι
1081 3885 1203 3934 tanquam
1224 3871 1373 3922 tavrtundem
1393 3881 1418 3922 et
1436 3871 1539 3922 similia.
1587 3893 1594 3907 ·

219 3943 307 3994 eadent
323 3943 427 3994 ratione
444 3956 514 4000 usus,
537 3956 569 3992 ne
587 3941 653 3992 duas
669 3947 764 4006 partes
781 3941 909 3992 orationis
926 3943 1069 4005 separatis
1084 3943 1190 4006 tierent,
1215 3941 1352 4006 quiequam
1372 3948 1398 3990 el
1415 3941 1539 4007 quicquid

218 4027 267 4077 per
283 4025 307 4075 o,
324 4027 376 4063 non
391 4027 444 4076 per
461 4011 478 4060 d
495 4008 635 4061 scribenda
652 4025 710 4062 esse
727 4015 865 4076 praecepit
881 4007 1032 4061 Victorinus
1048 4026 1076 4075 p.
1097 4013 1140 4070 13,
1154 4011 1197 4063 21.
1222 4009 1371 4061 tantundem
1389 4017 1501 4061 mutatae
1514 4025 1538 4059 nv

218 4081 321 4132 litterae
333 4082 360 4130 in
373 4096 389 4130 n
402 4081 544 4145 exemplum
560 4080 648 4145 posuit
662 4077 814 4130 Priscianaar
826 4079 844 4128 l.
856 4077 874 4129 1
884 4093 914 4144 p.
927 4080 969 4138 20,
984 4080 1017 4128 17
1022 4096 1031 4128 .·
1049 4079 1084 4143 rs.
1098 4077 1184 4133 Prisc.
1198 4081 1214 4134 l.
1228 4073 1295 4130 XII
1305 4095 1333 4144 p.
1347 4079 1406 4130 580.
1420 4077 1538 4130 Cassiod.

216 4165 245 4215 p.
263 4151 343 4201 2285.
362 4151 436 4200 asu
507 4146 611 4212 hqnod
630 4147 656 4197 in
675 4141 721 4216 iis]
741 4161 807 4212 quae
826 4149 851 4197 in
871 4147 911 4196 ltls
930 4145 956 4198 B
1025 4147 1158 4198 sursum
1176 4150 1214 4199 ad
1228 4148 1463 4215 pronuntiationem
1481 4161 1540 4198 oum

216 4220 420 4284 praepositionis
437 4223 561 4284 sequente
584 4231 600 4267 n
619 4218 644 4267 in
664 4227 713 4266 arra
732 4223 845 4268 mutatae
867 4224 998 4282 spectare,
1023 4215 1151 4267 Hannibal
1175 4215 1308 4284 lliempsal
1332 4223 1414 4267 autent
1437 4233 1451 4267 e
1474 4233 1540 4269 noso

218 4289 366 4355 quaestore
389 4289 422 4340 de
445 4289 625 4354 adspiratione
648 4286 741 4337 relicta
764 4300 821 4338 esse
843 4287 962 4338 videntur
1040 4287 1055 4336 7
1079 4285 1132 4336 lam
1156 4285 1227 4336 allud
1249 4311 1284 4323 -
1307 4285 1394 4335 iubere
1417 4285 1540 4350 praebere

219 4355 307 4420 (sor-ih
330 4355 520 4425 praescribere)
542 4357 569 4406 in
591 4357 700 4406 insanae
722 4357 833 4420 spatium
856 4373 872 4406 a
894 4357 1009 4421 margine
1031 4355 1104 4406 illata
1123 4371 1179 4406 esse
1202 4356 1312 4408 coniecit
1336 4353 1442 4420 Selladp
1457 4371 1487 4420 p.
1508 4358 1540 4406 10

284 4426 431 4479 9rvrtnnda
452 4427 485 4477 A.
514 4425 609 4478 deinde
630 4431 691 4490 posi
712 4435 768 4474 rata
792 4433 853 4474 suut
871 4439 928 4474 eum
952 4424 1078 4490 quaedam
1102 4425 1233 4476 excidisse
1255 4425 1318 4474 vidit
1337 4421 1442 4489 Sedady
1457 4439 1486 4490 p.
1507 4425 1540 4474 10

285 4497 316 4547 11
341 4495 444 4559 loquela
461 4493 488 4544 B
500 4493 535 4556 a*
547 4507 599 4550 ως
616 4492 689 4557 loqui
707 4491 746 4544 ela
766 4495 790 4544 Α
886 4495 917 4544 12
940 4487 1026 4561 uarat]
1050 4505 1125 4544 norat
1143 4507 1159 4550 ς
1250 4495 1282 4544 14
1304 4507 1352 4558 pro
1373 4491 1451 4571 longa
1470 4494 1541 4544 uelut

218 4564 288 4615 isson
312 4578 339 4617 et
359 4565 438 4616 sonia
458 4561 526 4628 ΑΒ.
554 4563 672 4626 smtasse
695 4577 742 4629 pro
766 4559 845 4628 longa
869 4574 894 4612 et
919 4576 965 4630 pro
990 4564 1142 4614 eorvsooanti
1167 4563 1278 4629 ponitur.
1301 4559 1371 4610 velut
1390 4549 1491 4613 'laona
1516 4573 1540 4612 et

212 4619 306 4686 ’iuria
382 4635 415 4686 15
440 4644 466 4683 ιιι
483 4623 607 4688 htheet
627 4629 791 4696 (sihi-letli)
810 4632 835 4680 in
855 4632 977 4682 extremis
997 4643 1024 4682 nt
1041 4629 1084 4685 ΕΤ
1087 4629 1132 4686 ΕΥ
1133 4627 1191 4685 ΧΗΙ
1210 4625 1368 4684 ΠΟΡΕΥΗΙ
1388 4625 1538 4694 (ΠΟΡΥΗΙ

217 4701 255 4766 B)
277 4715 301 4754 et
321 4701 380 4755 AB
404 4713 432 4753 ιιι
451 4699 529 4766 ovida,
553 4714 579 4754 et
600 4705 625 4752 in
646 4701 780 4764 extremis,
804 4711 832 4750 ιιι
855 4693 939 4768 eripis
957 4692 1092 4768 noparr'rp,
1117 4713 1142 4752 et
1158 4713 1210 4756 ως
1304 4701 1335 4750 ra
1358 4699 1393 4762 qh
1414 4697 1481 4764 (orvnr
1502 4699 1540 4764 B)

218 4769 391 4824 denuntietur
409 4769 468 4822 AB
490 4771 553 4835 quia
571 4789 589 4839 η
609 4771 755 4823 envrntietnr
777 4786 799 4819 ω
822 4785 902 4834 quum
926 4787 943 4836 η
963 4771 1109 4822 enuntietur
1127 4783 1144 4826 ς
1216 4771 1247 4820 it
1271 4763 1354 4834 quod]
1375 4783 1427 4836 qap
1445 4768 1471 4819 B

217 4840 251 4892 20
267 4842 370 4910 populoi
390 4841 511 4893 romanoi
535 4855 582 4908 pro
606 4840 704 4909 populo
723 4852 831 4890 rontano
855 4839 907 4890 Ba
930 4839 987 4891 Val.
1009 4839 1118 4907 populoi
1137 4853 1246 4890 romano
1266 4839 1290 4888 Α
1315 4835 1424 4904 papuloi
1444 4837 1539 4888 itoma-

218 4912 260 4961 noi
276 4925 321 4978 pro
339 4910 440 4979 populo
459 4922 512 4966 ως

267 5011 559 5046 summasunmna
1002 5003 1003 5006 ’
1315 4997 1330 5044 2
