<?xml version="1.0" encoding="UTF-8"?>
<!DOCTYPE html PUBLIC "-//W3C//DTD XHTML 1.0 Transitional//EN"
    "http://www.w3.org/TR/xhtml1/DTD/xhtml1-transitional.dtd">
<html xmlns="http://www.w3.org/1999/xhtml" xml:lang="en" lang="en">
 <head>
  <title>
</title>
<meta http-equiv="Content-Type" content="text/html;charset=utf-8" />
  <meta name='ocr-system' content='tesseract 3.04.00' />
  <meta name='ocr-capabilities' content='ocr_page ocr_carea ocr_par ocr_line ocrx_word'/>
</head>
<body>
  <div class='ocr_page' id='page_1' title='image "./grammaticilatin05hagagoog_0119.png"; bbox 0 0 3906 5564; ppageno 0'>
   <div class='ocr_carea' id='block_1_1' title="bbox 256 351 1556 527">
    <p class='ocr_par' dir='ltr' id='par_1_1' title="bbox 256 351 1556 527">
     <span class='ocr_line' id='line_1_1' title="bbox 256 351 1556 442; baseline -0.002 -19"><span class='ocrx_word' id='word_1_1' title='bbox 256 436 263 442; x_wconf 29' lang='lat'><strong>¹</strong></span> <span class='ocrx_word' id='word_1_2' title='bbox 611 369 912 427; x_wconf 67' lang='lat' dir='ltr'><strong>anatomicam.</strong></span> <span class='ocrx_word' id='word_1_3' title='bbox 934 371 960 422; x_wconf 90' lang='grc' dir='ltr'><strong>ιι</strong></span> <span class='ocrx_word' id='word_1_4' title='bbox 985 373 1008 428; x_wconf 86' lang='grc' dir='ltr'><strong>ι,</strong></span> <span class='ocrx_word' id='word_1_5' title='bbox 1028 371 1043 420; x_wconf 84' lang='lat' dir='ltr'><strong>a</strong></span> <span class='ocrx_word' id='word_1_6' title='bbox 1064 405 1096 414; x_wconf 85' lang='grc'>-</span> <span class='ocrx_word' id='word_1_7' title='bbox 1115 371 1176 430; x_wconf 76' lang='lat' dir='ltr'><strong>st</strong></span> <span class='ocrx_word' id='word_1_8' title='bbox 1369 423 1372 432; x_wconf 65' lang='grc'>,</span> <span class='ocrx_word' id='word_1_9' title='bbox 1452 351 1453 356; x_wconf 76' lang='grc'>’</span> <span class='ocrx_word' id='word_1_10' title='bbox 1514 365 1556 430; x_wconf 78' lang='grc'><strong>89</strong></span> 
     </span>
     <span class='ocr_line' id='line_1_2' title="bbox 262 467 1528 527; baseline 0 -15"><span class='ocrx_word' id='word_1_11' title='bbox 262 486 282 527; x_wconf 75' lang='lat' dir='ltr'><strong>p.</strong></span> <span class='ocrx_word' id='word_1_12' title='bbox 295 471 353 515; x_wconf 79' lang='lat' dir='ltr'><strong>aeas.</strong></span> <span class='ocrx_word' id='word_1_13' title='bbox 368 472 393 512; x_wconf 82' lang='lat' dir='ltr'><strong>aa</strong></span> <span class='ocrx_word' id='word_1_14' title='bbox 408 471 430 512; x_wconf 86' lang='lat' dir='ltr'><strong>r.</strong></span> <span class='ocrx_word' id='word_1_15' title='bbox 1366 481 1387 523; x_wconf 75' lang='lat' dir='ltr'><strong>p.</strong></span> <span class='ocrx_word' id='word_1_16' title='bbox 1402 471 1447 511; x_wconf 82' lang='lat' dir='ltr'><strong>tto.</strong></span> <span class='ocrx_word' id='word_1_17' title='bbox 1462 471 1488 510; x_wconf 83' lang='lat' dir='ltr'><strong>at</strong></span> <span class='ocrx_word' id='word_1_18' title='bbox 1502 467 1528 512; x_wconf 78' lang='lat' dir='ltr'><strong>u.</strong></span> 
     </span>
    </p>
   </div>
   <div class='ocr_carea' id='block_1_2' title="bbox 203 556 1585 2102">
    <p class='ocr_par' dir='ltr' id='par_1_2' title="bbox 203 556 1585 2102">
     <span class='ocr_line' id='line_1_3' title="bbox 237 556 1555 645; baseline -0.003 -22"><span class='ocrx_word' id='word_1_19' title='bbox 237 562 360 644; x_wconf 79' lang='lat' dir='ltr'>primam</span> <span class='ocrx_word' id='word_1_20' title='bbox 390 565 634 645; x_wconf 79' lang='lat' dir='ltr'><strong>coniugationent</strong></span> <span class='ocrx_word' id='word_1_21' title='bbox 664 563 904 644; x_wconf 87' lang='lat' dir='ltr'><strong>antispastieam.</strong></span> <span class='ocrx_word' id='word_1_22' title='bbox 939 580 1009 642; x_wconf 89' lang='lat' dir='ltr'><strong>pars</strong></span> <span class='ocrx_word' id='word_1_23' title='bbox 1043 570 1143 624; x_wconf 86' lang='lat' dir='ltr'><strong>autern</strong></span> <span class='ocrx_word' id='word_1_24' title='bbox 1178 563 1245 624; x_wconf 85' lang='lat' dir='ltr'><strong>cias</strong></span> <span class='ocrx_word' id='word_1_25' title='bbox 1279 558 1396 624; x_wconf 88' lang='lat' dir='ltr'><strong>residua</strong></span> <span class='ocrx_word' id='word_1_26' title='bbox 1426 556 1555 622; x_wconf 90' lang='lat' dir='ltr'><strong>iambico</strong></span> 
     </span>
     <span class='ocr_line' id='line_1_4' title="bbox 237 665 836 751; baseline -0.002 -23"><span class='ocrx_word' id='word_1_27' title='bbox 237 665 363 729; x_wconf 88' lang='lat' dir='ltr'><strong>dimetro</strong></span> <span class='ocrx_word' id='word_1_28' title='bbox 387 665 563 731; x_wconf 77' lang='lat' dir='ltr'><strong>catalectico</strong></span> <span class='ocrx_word' id='word_1_29' title='bbox 587 667 778 751; x_wconf 87' lang='lat' dir='ltr'><strong>suppleatur,</strong></span> <span class='ocrx_word' id='word_1_30' title='bbox 803 674 836 729; x_wconf 93' lang='lat' dir='ltr'><strong>at</strong></span> 
     </span>
     <span class='ocr_line' id='line_1_5' title="bbox 440 768 1348 855; baseline 0 -23"><span class='ocrx_word' id='word_1_31' title='bbox 440 769 539 836; x_wconf 88' lang='lat' dir='ltr'><strong>libens</strong></span> <span class='ocrx_word' id='word_1_32' title='bbox 561 773 619 835; x_wconf 92' lang='lat' dir='ltr'><strong>hoc</strong></span> <span class='ocrx_word' id='word_1_33' title='bbox 642 773 731 835; x_wconf 71' lang='lat' dir='ltr'><strong>tihi*</strong></span> <span class='ocrx_word' id='word_1_34' title='bbox 754 768 907 855; x_wconf 87' lang='lat' dir='ltr'><strong>persolvo,</strong></span> <span class='ocrx_word' id='word_1_35' title='bbox 932 788 1034 832; x_wconf 89' lang='lat' dir='ltr'><strong>amare</strong></span> <span class='ocrx_word' id='word_1_36' title='bbox 1057 769 1126 833; x_wconf 92' lang='lat' dir='ltr'><strong>aolo</strong></span> <span class='ocrx_word' id='word_1_37' title='bbox 1149 787 1348 852; x_wconf 81' lang='lat' dir='ltr'>quemquam:</span> 
     </span>
     <span class='ocr_line' id='line_1_6' title="bbox 238 873 1432 959; baseline -0.002 -23"><span class='ocrx_word' id='word_1_38' title='bbox 238 881 442 938; x_wconf 87' lang='lat' dir='ltr'><strong>tetrametram</strong></span> <span class='ocrx_word' id='word_1_39' title='bbox 468 875 689 949; x_wconf 74' lang='lat' dir='ltr'><strong>catalecticum,</strong></span> <span class='ocrx_word' id='word_1_40' title='bbox 715 875 795 959; x_wconf 92' lang='lat' dir='ltr'><strong>qaod</strong></span> <span class='ocrx_word' id='word_1_41' title='bbox 818 873 910 937; x_wconf 89' lang='lat' dir='ltr'><strong>habet</strong></span> <span class='ocrx_word' id='word_1_42' title='bbox 934 873 1091 936; x_wconf 80' lang='lat' dir='ltr'><strong>iambicam</strong></span> <span class='ocrx_word' id='word_1_43' title='bbox 1115 876 1373 952; x_wconf 75' lang='lat' dir='ltr'><strong>coniugationem,</strong></span> <span class='ocrx_word' id='word_1_44' title='bbox 1400 881 1432 935; x_wconf 92' lang='grc' dir='ltr'><strong>ιιι</strong></span> 
     </span>
     <span class='ocr_line' id='line_1_7' title="bbox 212 977 1313 1064; baseline 0.002 -26"><span class='ocrx_word' id='word_1_45' title='bbox 212 997 224 1038; x_wconf 84' lang='lat' dir='ltr'><strong>a</strong></span> <span class='ocrx_word' id='word_1_46' title='bbox 462 977 577 1064; x_wconf 90' lang='lat' dir='ltr'><strong>†llaro</strong></span> <span class='ocrx_word' id='word_1_47' title='bbox 601 983 685 1044; x_wconf 87' lang='lat' dir='ltr'><strong>crine</strong></span> <span class='ocrx_word' id='word_1_48' title='bbox 709 977 860 1062; x_wconf 83' lang='lat' dir='ltr'><strong>superbit,</strong></span> <span class='ocrx_word' id='word_1_49' title='bbox 886 987 915 1039; x_wconf 91' lang='lat' dir='ltr'><strong>et</strong></span> <span class='ocrx_word' id='word_1_50' title='bbox 938 977 1049 1058; x_wconf 81' lang='lat' dir='ltr'><strong>gaudet</strong></span> <span class='ocrx_word' id='word_1_51' title='bbox 1070 977 1216 1040; x_wconf 74' lang='lat' dir='ltr'><strong>Aeacides</strong></span> <span class='ocrx_word' id='word_1_52' title='bbox 1240 979 1313 1040; x_wconf 88' lang='lat' dir='ltr'><strong>iant:</strong></span> 
     </span>
     <span class='ocr_line' id='line_1_8' title="bbox 238 1079 1555 1168; baseline -0.002 -24"><span class='ocrx_word' id='word_1_53' title='bbox 238 1089 442 1146; x_wconf 80' lang='lat' dir='ltr'><strong>tetrametram</strong></span> <span class='ocrx_word' id='word_1_54' title='bbox 468 1082 770 1168; x_wconf 84' lang='lat' dir='ltr'><strong>brachycatalectum,</strong></span> <span class='ocrx_word' id='word_1_55' title='bbox 795 1082 875 1164; x_wconf 91' lang='lat' dir='ltr'><strong>qaod</strong></span> <span class='ocrx_word' id='word_1_56' title='bbox 901 1081 990 1144; x_wconf 88' lang='lat' dir='ltr'><strong>hahet</strong></span> <span class='ocrx_word' id='word_1_57' title='bbox 1014 1079 1145 1144; x_wconf 86' lang='lat' dir='ltr'><strong>alternos</strong></span> <span class='ocrx_word' id='word_1_58' title='bbox 1160 1083 1344 1165; x_wconf 86' lang='lat' dir='ltr'><strong>antispastos</strong></span> <span class='ocrx_word' id='word_1_59' title='bbox 1361 1089 1391 1144; x_wconf 90' lang='lat' dir='ltr'><strong>et</strong></span> <span class='ocrx_word' id='word_1_60' title='bbox 1407 1079 1555 1144; x_wconf 89' lang='lat' dir='ltr'><strong>diiantbos</strong></span> 
     </span>
     <span class='ocr_line' id='line_1_9' title="bbox 238 1183 1585 1269; baseline -0.001 -21"><span class='ocrx_word' id='word_1_61' title='bbox 238 1186 340 1268; x_wconf 89' lang='lat' dir='ltr'><strong>pedes.</strong></span> <span class='ocrx_word' id='word_1_62' title='bbox 365 1189 471 1269; x_wconf 82' lang='lat' dir='ltr'><strong>incipit</strong></span> <span class='ocrx_word' id='word_1_63' title='bbox 496 1195 595 1251; x_wconf 89' lang='lat' dir='ltr'><strong>autem</strong></span> <span class='ocrx_word' id='word_1_64' title='bbox 619 1187 657 1251; x_wconf 88' lang='lat' dir='ltr'><strong>ab</strong></span> <span class='ocrx_word' id='word_1_65' title='bbox 680 1187 857 1269; x_wconf 83' lang='lat' dir='ltr'><strong>antispasto,</strong></span> <span class='ocrx_word' id='word_1_66' title='bbox 883 1194 914 1249; x_wconf 90' lang='lat' dir='ltr'><strong>at</strong></span> <span class='ocrx_word' id='word_1_67' title='bbox 1581 1183 1585 1190; x_wconf 81' lang='grc'><strong>’</strong></span> 
     </span>
     <span class='ocr_line' id='line_1_10' title="bbox 526 1290 1269 1374; baseline -0.004 -20"><span class='ocrx_word' id='word_1_68' title='bbox 526 1291 635 1374; x_wconf 78' lang='lat' dir='ltr'><strong>agebat</strong></span> <span class='ocrx_word' id='word_1_69' title='bbox 657 1290 795 1354; x_wconf 78' lang='lat' dir='ltr'><strong>volucres</strong></span> <span class='ocrx_word' id='word_1_70' title='bbox 818 1309 913 1371; x_wconf 89' lang='lat' dir='ltr'><strong>equos</strong></span> <span class='ocrx_word' id='word_1_71' title='bbox 936 1293 967 1353; x_wconf 93' lang='lat' dir='ltr'><strong>ia</strong></span> <span class='ocrx_word' id='word_1_72' title='bbox 992 1291 1091 1353; x_wconf 88' lang='lat' dir='ltr'><strong>hortis</strong></span> <span class='ocrx_word' id='word_1_73' title='bbox 1110 1291 1269 1371; x_wconf 80' lang='lat' dir='ltr'><strong>dntyntas3</strong></span> 
     </span>
     <span class='ocr_line' id='line_1_11' title="bbox 240 1393 1337 1478; baseline -0.002 -22"><span class='ocrx_word' id='word_1_74' title='bbox 240 1398 309 1458; x_wconf 90' lang='lat' dir='ltr'><strong>item</strong></span> <span class='ocrx_word' id='word_1_75' title='bbox 333 1415 369 1457; x_wconf 85' lang='lat' dir='ltr'><strong>ex</strong></span> <span class='ocrx_word' id='word_1_76' title='bbox 392 1394 512 1458; x_wconf 88' lang='lat' dir='ltr'><strong>duobus</strong></span> <span class='ocrx_word' id='word_1_77' title='bbox 535 1397 708 1478; x_wconf 86' lang='lat' dir='ltr'><strong>antispastis</strong></span> <span class='ocrx_word' id='word_1_78' title='bbox 731 1405 761 1457; x_wconf 90' lang='lat' dir='ltr'><strong>et</strong></span> <span class='ocrx_word' id='word_1_79' title='bbox 784 1393 914 1458; x_wconf 88' lang='lat' dir='ltr'><strong>iambico</strong></span> <span class='ocrx_word' id='word_1_80' title='bbox 937 1393 1067 1456; x_wconf 89' lang='lat' dir='ltr'><strong>dimetro</strong></span> <span class='ocrx_word' id='word_1_81' title='bbox 1091 1393 1279 1463; x_wconf 76' lang='lat' dir='ltr'><strong>catalectico,</strong></span> <span class='ocrx_word' id='word_1_82' title='bbox 1306 1402 1337 1456; x_wconf 89' lang='lat' dir='ltr'><strong>at</strong></span> 
     </span>
     <span class='ocr_line' id='line_1_12' title="bbox 203 1495 1299 1581; baseline -0.005 -17"><span class='ocrx_word' id='word_1_83' title='bbox 203 1513 225 1552; x_wconf 80' lang='lat'><strong>¹⁰</strong></span> <span class='ocrx_word' id='word_1_84' title='bbox 484 1518 620 1563; x_wconf 90' lang='lat' dir='ltr'><strong>amoram</strong></span> <span class='ocrx_word' id='word_1_85' title='bbox 644 1500 769 1562; x_wconf 91' lang='lat' dir='ltr'><strong>comites</strong></span> <span class='ocrx_word' id='word_1_86' title='bbox 791 1509 863 1561; x_wconf 90' lang='lat' dir='ltr'><strong>sant</strong></span> <span class='ocrx_word' id='word_1_87' title='bbox 885 1499 986 1562; x_wconf 89' lang='lat' dir='ltr'><strong>Venas</strong></span> <span class='ocrx_word' id='word_1_88' title='bbox 1009 1507 1039 1562; x_wconf 92' lang='lat' dir='ltr'><strong>et</strong></span> <span class='ocrx_word' id='word_1_89' title='bbox 1062 1496 1178 1581; x_wconf 87' lang='lat' dir='ltr'><strong>Cupido</strong></span> <span class='ocrx_word' id='word_1_90' title='bbox 1203 1495 1299 1560; x_wconf 89' lang='lat' dir='ltr'><strong>nobis.</strong></span> 
     </span>
     <span class='ocr_line' id='line_1_13' title="bbox 238 1600 1556 1684; baseline 0 -20"><span class='ocrx_word' id='word_1_91' title='bbox 238 1603 411 1666; x_wconf 87' lang='lat' dir='ltr'><strong>rneatineris</strong></span> <span class='ocrx_word' id='word_1_92' title='bbox 437 1622 525 1675; x_wconf 85' lang='lat' dir='ltr'><strong>sane,</strong></span> <span class='ocrx_word' id='word_1_93' title='bbox 555 1622 592 1666; x_wconf 88' lang='lat' dir='ltr'><strong>ne</strong></span> <span class='ocrx_word' id='word_1_94' title='bbox 624 1612 654 1666; x_wconf 89' lang='lat' dir='ltr'><strong>te</strong></span> <span class='ocrx_word' id='word_1_95' title='bbox 680 1603 759 1666; x_wconf 92' lang='lat' dir='ltr'><strong>iorte</strong></span> <span class='ocrx_word' id='word_1_96' title='bbox 789 1601 954 1666; x_wconf 84' lang='lat' dir='ltr'><strong>conlaudat</strong></span> <span class='ocrx_word' id='word_1_97' title='bbox 981 1603 1012 1665; x_wconf 92' lang='lat' dir='ltr'><strong>in</strong></span> <span class='ocrx_word' id='word_1_98' title='bbox 1042 1601 1220 1684; x_wconf 89' lang='lat' dir='ltr'><strong>quibusdam</strong></span> <span class='ocrx_word' id='word_1_99' title='bbox 1250 1601 1453 1682; x_wconf 89' lang='lat' dir='ltr'><strong>antispasticis</strong></span> <span class='ocrx_word' id='word_1_100' title='bbox 1483 1600 1556 1664; x_wconf 86' lang='lat' dir='ltr'><strong>colis</strong></span> 
     </span>
     <span class='ocr_line' id='line_1_14' title="bbox 239 1702 1555 1790; baseline 0 -22"><span class='ocrx_word' id='word_1_101' title='bbox 239 1725 380 1769; x_wconf 86' lang='lat' dir='ltr'><strong>nanterus</strong></span> <span class='ocrx_word' id='word_1_102' title='bbox 402 1706 535 1790; x_wconf 90' lang='lat' dir='ltr'><strong>pluriam</strong></span> <span class='ocrx_word' id='word_1_103' title='bbox 560 1704 750 1788; x_wconf 76' lang='lat' dir='ltr'><strong>syllabarum.</strong></span> <span class='ocrx_word' id='word_1_104' title='bbox 798 1726 865 1769; x_wconf 91' lang='lat' dir='ltr'><strong>nam</strong></span> <span class='ocrx_word' id='word_1_105' title='bbox 891 1705 944 1769; x_wconf 91' lang='lat' dir='ltr'><strong>ubi</strong></span> <span class='ocrx_word' id='word_1_106' title='bbox 975 1704 1082 1769; x_wconf 87' lang='lat' dir='ltr'><strong>solutio</strong></span> <span class='ocrx_word' id='word_1_107' title='bbox 1106 1703 1213 1786; x_wconf 82' lang='lat' dir='ltr'><strong>longae</strong></span> <span class='ocrx_word' id='word_1_108' title='bbox 1236 1703 1367 1788; x_wconf 89' lang='lat' dir='ltr'><strong>syllabae</strong></span> <span class='ocrx_word' id='word_1_109' title='bbox 1391 1706 1438 1775; x_wconf 87' lang='lat' dir='ltr'><strong>lit,</strong></span> <span class='ocrx_word' id='word_1_110' title='bbox 1467 1702 1555 1786; x_wconf 90' lang='lat' dir='ltr'><strong>sylla·</strong></span> 
     </span>
     <span class='ocr_line' id='line_1_15' title="bbox 239 1809 1557 1893; baseline -0.003 -21"><span class='ocrx_word' id='word_1_111' title='bbox 239 1809 342 1873; x_wconf 90' lang='lat' dir='ltr'><strong>baram</strong></span> <span class='ocrx_word' id='word_1_112' title='bbox 381 1810 502 1893; x_wconf 88' lang='lat' dir='ltr'><strong>quidem</strong></span> <span class='ocrx_word' id='word_1_113' title='bbox 544 1829 690 1874; x_wconf 84' lang='lat' dir='ltr'><strong>numeras</strong></span> <span class='ocrx_word' id='word_1_114' title='bbox 724 1818 865 1890; x_wconf 78' lang='lat' dir='ltr'><strong>atigetur.</strong></span> <span class='ocrx_word' id='word_1_115' title='bbox 908 1818 1078 1892; x_wconf 91' lang='lat' dir='ltr'><strong>temporam</strong></span> <span class='ocrx_word' id='word_1_116' title='bbox 1114 1818 1214 1874; x_wconf 85' lang='lat' dir='ltr'><strong>nartem</strong></span> <span class='ocrx_word' id='word_1_117' title='bbox 1256 1817 1435 1891; x_wconf 86' lang='lat' dir='ltr'><strong>perseverat.</strong></span> <span class='ocrx_word' id='word_1_118' title='bbox 1484 1809 1557 1870; x_wconf 88' lang='lat' dir='ltr'><strong>vitat</strong></span> 
     </span>
     <span class='ocr_line' id='line_1_16' title="bbox 239 1911 1556 1997; baseline -0.002 -21"><span class='ocrx_word' id='word_1_119' title='bbox 239 1921 335 1977; x_wconf 90' lang='lat' dir='ltr'><strong>autem</strong></span> <span class='ocrx_word' id='word_1_120' title='bbox 363 1915 421 1977; x_wconf 89' lang='lat' dir='ltr'><strong>hoc</strong></span> <span class='ocrx_word' id='word_1_121' title='bbox 451 1923 581 1978; x_wconf 90' lang='lat' dir='ltr'><strong>metram</strong></span> <span class='ocrx_word' id='word_1_122' title='bbox 610 1917 673 1977; x_wconf 91' lang='lat' dir='ltr'><strong>suis</strong></span> <span class='ocrx_word' id='word_1_123' title='bbox 702 1914 832 1997; x_wconf 79' lang='lat' dir='ltr'><strong>pethhus</strong></span> <span class='ocrx_word' id='word_1_124' title='bbox 866 1912 1024 1977; x_wconf 83' lang='lat' dir='ltr'><strong>concludi:</strong></span> <span class='ocrx_word' id='word_1_125' title='bbox 1060 1914 1134 1978; x_wconf 90' lang='lat' dir='ltr'><strong>nihil</strong></span> <span class='ocrx_word' id='word_1_126' title='bbox 1166 1917 1246 1976; x_wconf 90' lang='lat' dir='ltr'><strong>enim</strong></span> <span class='ocrx_word' id='word_1_127' title='bbox 1276 1913 1334 1974; x_wconf 89' lang='lat' dir='ltr'><strong>erit</strong></span> <span class='ocrx_word' id='word_1_128' title='bbox 1362 1911 1417 1975; x_wconf 91' lang='lat' dir='ltr'><strong>hac</strong></span> <span class='ocrx_word' id='word_1_129' title='bbox 1446 1911 1556 1994; x_wconf 91' lang='lat' dir='ltr'><strong>pedam</strong></span> 
     </span>
     <span class='ocr_line' id='line_1_17' title="bbox 203 2015 782 2102; baseline -0.002 -21"><span class='ocrx_word' id='word_1_130' title='bbox 203 2015 368 2082; x_wconf 80' lang='lat' dir='ltr'><strong>uclaasula</strong></span> <span class='ocrx_word' id='word_1_131' title='bbox 391 2020 541 2102; x_wconf 88' lang='lat' dir='ltr'><strong>asperius,</strong></span> <span class='ocrx_word' id='word_1_132' title='bbox 569 2017 645 2082; x_wconf 93' lang='lat' dir='ltr'><strong>nihil</strong></span> <span class='ocrx_word' id='word_1_133' title='bbox 668 2019 782 2082; x_wconf 78' lang='lat' dir='ltr'><strong>elarius.</strong></span> 
     </span>
    </p>
   </div>
   <div class='ocr_carea' id='block_1_3' title="bbox 568 2206 1230 2274">
    <p class='ocr_par' dir='ltr' id='par_1_3' title="bbox 568 2206 1230 2274">
     <span class='ocr_line' id='line_1_18' title="bbox 568 2206 1230 2274; baseline -0.006 0"><span class='ocrx_word' id='word_1_134' title='bbox 568 2209 617 2274; x_wconf 78' lang='lat' dir='ltr'><strong>bit</strong></span> <span class='ocrx_word' id='word_1_135' title='bbox 639 2209 773 2274; x_wconf 78' lang='lat' dir='ltr'><strong>athrim</strong></span> <span class='ocrx_word' id='word_1_136' title='bbox 797 2208 926 2273; x_wconf 78' lang='lat' dir='ltr'><strong>ionico</strong></span> <span class='ocrx_word' id='word_1_137' title='bbox 949 2206 1024 2273; x_wconf 81' lang='lat' dir='ltr'><strong>ano</strong></span> <span class='ocrx_word' id='word_1_138' title='bbox 1044 2211 1230 2270; x_wconf 78' lang='grc' dir='ltr'>ΜΕΙΖΟΝΟ(</span> 
     </span>
    </p>
   </div>
   <div class='ocr_carea' id='block_1_4' title="bbox 238 2304 1558 2518">
    <p class='ocr_par' dir='ltr' id='par_1_4' title="bbox 238 2304 1558 2518">
     <span class='ocr_line' id='line_1_19' title="bbox 240 2304 1558 2412; baseline -0.005 -18"><span class='ocrx_word' id='word_1_139' title='bbox 240 2304 252 2329; x_wconf 50' lang='lat'>⁸</span> <span class='ocrx_word' id='word_1_140' title='bbox 321 2331 443 2395; x_wconf 89' lang='lat' dir='ltr'><strong>lonicus</strong></span> <span class='ocrx_word' id='word_1_141' title='bbox 472 2353 487 2393; x_wconf 94' lang='lat' dir='ltr'><strong>a</strong></span> <span class='ocrx_word' id='word_1_142' title='bbox 518 2334 647 2405; x_wconf 88' lang='lat' dir='ltr'><strong>maiore,</strong></span> <span class='ocrx_word' id='word_1_143' title='bbox 683 2350 772 2412; x_wconf 88' lang='lat' dir='ltr'><strong>quem</strong></span> <span class='ocrx_word' id='word_1_144' title='bbox 802 2332 908 2394; x_wconf 87' lang='lat' dir='ltr'><strong>ntasiai</strong></span> <span class='ocrx_word' id='word_1_145' title='bbox 937 2323 1003 2393; x_wconf 78' lang='grc' dir='ltr'><strong>ἀπὸ</strong></span> <span class='ocrx_word' id='word_1_146' title='bbox 1031 2327 1183 2411; x_wconf 57' lang='lat' dir='ltr'><strong>pastiones</strong></span> <span class='ocrx_word' id='word_1_147' title='bbox 1211 2337 1334 2398; x_wconf 85' lang='lat' dir='ltr'><strong>vocant,</strong></span> <span class='ocrx_word' id='word_1_148' title='bbox 1365 2337 1496 2399; x_wconf 88' lang='lat' dir='ltr'><strong>oottslat,</strong></span> <span class='ocrx_word' id='word_1_149' title='bbox 1526 2335 1558 2390; x_wconf 90' lang='grc' dir='ltr'><strong>ιιι</strong></span> 
     </span>
     <span class='ocr_line' id='line_1_20' title="bbox 238 2430 1557 2518; baseline -0.004 -21"><span class='ocrx_word' id='word_1_150' title='bbox 238 2455 326 2518; x_wconf 88' lang='lat' dir='ltr'><strong>supra</strong></span> <span class='ocrx_word' id='word_1_151' title='bbox 357 2434 531 2507; x_wconf 90' lang='lat' dir='ltr'><strong>docuimus,</strong></span> <span class='ocrx_word' id='word_1_152' title='bbox 561 2456 598 2498; x_wconf 82' lang='lat' dir='ltr'><strong>ex</strong></span> <span class='ocrx_word' id='word_1_153' title='bbox 627 2435 744 2498; x_wconf 87' lang='lat' dir='ltr'><strong>duabus</strong></span> <span class='ocrx_word' id='word_1_154' title='bbox 772 2434 869 2516; x_wconf 79' lang='lat' dir='ltr'><strong>longis</strong></span> <span class='ocrx_word' id='word_1_155' title='bbox 897 2433 1041 2497; x_wconf 89' lang='lat' dir='ltr'><strong>subiectis</strong></span> <span class='ocrx_word' id='word_1_156' title='bbox 1064 2430 1075 2516; x_wconf 79' lang='lat' dir='ltr'>ss</span> <span class='ocrx_word' id='word_1_157' title='bbox 1098 2433 1156 2496; x_wconf 89' lang='lat' dir='ltr'><strong>sibi</strong></span> <span class='ocrx_word' id='word_1_158' title='bbox 1185 2431 1310 2496; x_wconf 90' lang='lat' dir='ltr'><strong>totidem</strong></span> <span class='ocrx_word' id='word_1_159' title='bbox 1342 2431 1498 2504; x_wconf 79' lang='lat' dir='ltr'><strong>brevihm,</strong></span> <span class='ocrx_word' id='word_1_160' title='bbox 1528 2431 1557 2493; x_wconf 95' lang='lat' dir='ltr'><strong>id</strong></span> 
     </span>
    </p>
   </div>
   <div class='ocr_carea' id='block_1_5' title="bbox 240 2535 1655 2623">
    <p class='ocr_par' dir='ltr' id='par_1_5' title="bbox 240 2535 1655 2623">
     <span class='ocr_line' id='line_1_21' title="bbox 240 2535 1655 2623; baseline -0.003 -22"><span class='ocrx_word' id='word_1_161' title='bbox 240 2550 281 2602; x_wconf 89' lang='lat' dir='ltr'><strong>est</strong></span> <span class='ocrx_word' id='word_1_162' title='bbox 305 2559 341 2602; x_wconf 87' lang='lat' dir='ltr'><strong>ex</strong></span> <span class='ocrx_word' id='word_1_163' title='bbox 364 2539 500 2620; x_wconf 80' lang='lat' dir='ltr'><strong>spondeo</strong></span> <span class='ocrx_word' id='word_1_164' title='bbox 523 2550 554 2603; x_wconf 91' lang='lat' dir='ltr'><strong>et</strong></span> <span class='ocrx_word' id='word_1_165' title='bbox 576 2541 731 2623; x_wconf 78' lang='lat' dir='ltr'><strong>pyrrichio</strong></span> <span class='ocrx_word' id='word_1_166' title='bbox 755 2539 800 2602; x_wconf 87' lang='lat' dir='ltr'><strong>rel</strong></span> <span class='ocrx_word' id='word_1_167' title='bbox 824 2557 860 2600; x_wconf 80' lang='lat' dir='ltr'><strong>ex</strong></span> <span class='ocrx_word' id='word_1_168' title='bbox 885 2539 1014 2603; x_wconf 85' lang='lat' dir='ltr'><strong>molosso</strong></span> <span class='ocrx_word' id='word_1_169' title='bbox 1044 2539 1206 2600; x_wconf 88' lang='lat' dir='ltr'><strong>norissima</strong></span> <span class='ocrx_word' id='word_1_170' title='bbox 1230 2537 1295 2598; x_wconf 91' lang='lat' dir='ltr'><strong>eius</strong></span> <span class='ocrx_word' id='word_1_171' title='bbox 1318 2537 1406 2617; x_wconf 84' lang='lat' dir='ltr'><strong>longa</strong></span> <span class='ocrx_word' id='word_1_172' title='bbox 1429 2539 1461 2598; x_wconf 94' lang='lat' dir='ltr'><strong>in</strong></span> <span class='ocrx_word' id='word_1_173' title='bbox 1485 2535 1558 2598; x_wconf 89' lang='lat' dir='ltr'><strong>duas</strong></span> <span class='ocrx_word' id='word_1_174' title='bbox 1653 2617 1655 2621; x_wconf 6' lang='grc' dir='ltr'>μ</span> 
     </span>
    </p>
   </div>
   <div class='ocr_carea' id='block_1_6' title="bbox 158 2639 1560 4070">
    <p class='ocr_par' dir='ltr' id='par_1_6' title="bbox 158 2639 1560 4070">
     <span class='ocr_line' id='line_1_22' title="bbox 203 2639 1559 2728; baseline -0.006 -20"><span class='ocrx_word' id='word_1_175' title='bbox 203 2642 345 2708; x_wconf 78' lang='lat' dir='ltr'><strong>aohreves</strong></span> <span class='ocrx_word' id='word_1_176' title='bbox 361 2642 470 2714; x_wconf 89' lang='lat' dir='ltr'><strong>divisa,</strong></span> <span class='ocrx_word' id='word_1_177' title='bbox 495 2662 586 2726; x_wconf 88' lang='lat' dir='ltr'><strong>quem</strong></span> <span class='ocrx_word' id='word_1_178' title='bbox 609 2646 717 2708; x_wconf 89' lang='lat' dir='ltr'><strong>merito</strong></span> <span class='ocrx_word' id='word_1_179' title='bbox 740 2652 866 2724; x_wconf 88' lang='lat' dir='ltr'><strong>utraque</strong></span> <span class='ocrx_word' id='word_1_180' title='bbox 891 2641 895 2728; x_wconf 75' lang='lat' dir='ltr'><strong>l</strong></span> <span class='ocrx_word' id='word_1_181' title='bbox 922 2643 1020 2704; x_wconf 88' lang='lat' dir='ltr'><strong>ionica</strong></span> <span class='ocrx_word' id='word_1_182' title='bbox 1036 2641 1206 2704; x_wconf 89' lang='lat' dir='ltr'><strong>admittant.</strong></span> <span class='ocrx_word' id='word_1_183' title='bbox 1239 2660 1273 2702; x_wconf 86' lang='lat' dir='ltr'><strong>ex</strong></span> <span class='ocrx_word' id='word_1_184' title='bbox 1299 2660 1358 2722; x_wconf 84' lang='lat' dir='ltr'><strong>tyno</strong></span> <span class='ocrx_word' id='word_1_185' title='bbox 1374 2639 1559 2720; x_wconf 82' lang='lat' dir='ltr'><strong>intellegitur</strong></span> 
     </span>
     <span class='ocr_line' id='line_1_23' title="bbox 239 2742 1557 2828; baseline -0.003 -19"><span class='ocrx_word' id='word_1_186' title='bbox 239 2750 270 2809; x_wconf 92' lang='lat' dir='ltr'><strong>in</strong></span> <span class='ocrx_word' id='word_1_187' title='bbox 293 2747 339 2810; x_wconf 88' lang='lat' dir='ltr'><strong>his</strong></span> <span class='ocrx_word' id='word_1_188' title='bbox 361 2749 442 2810; x_wconf 87' lang='lat' dir='ltr'><strong>arsin</strong></span> <span class='ocrx_word' id='word_1_189' title='bbox 466 2754 496 2808; x_wconf 91' lang='lat' dir='ltr'><strong>et</strong></span> <span class='ocrx_word' id='word_1_190' title='bbox 518 2748 617 2813; x_wconf 84' lang='lat' dir='ltr'><strong>thesht</strong></span> <span class='ocrx_word' id='word_1_191' title='bbox 640 2767 699 2810; x_wconf 94' lang='lat' dir='ltr'><strong>non</strong></span> <span class='ocrx_word' id='word_1_192' title='bbox 723 2747 754 2808; x_wconf 91' lang='lat' dir='ltr'><strong>in</strong></span> <span class='ocrx_word' id='word_1_193' title='bbox 777 2745 983 2828; x_wconf 86' lang='lat' dir='ltr'><strong>aequalitatis,</strong></span> <span class='ocrx_word' id='word_1_194' title='bbox 1007 2744 1059 2808; x_wconf 90' lang='lat' dir='ltr'><strong>sed</strong></span> <span class='ocrx_word' id='word_1_195' title='bbox 1083 2747 1115 2807; x_wconf 92' lang='lat' dir='ltr'><strong>in</strong></span> <span class='ocrx_word' id='word_1_196' title='bbox 1138 2744 1222 2828; x_wconf 92' lang='lat' dir='ltr'><strong>dupli</strong></span> <span class='ocrx_word' id='word_1_197' title='bbox 1246 2747 1364 2807; x_wconf 88' lang='lat' dir='ltr'><strong>ratione</strong></span> <span class='ocrx_word' id='word_1_198' title='bbox 1382 2742 1557 2806; x_wconf 86' lang='lat' dir='ltr'><strong>subsistere.</strong></span> 
     </span>
     <span class='ocr_line' id='line_1_24' title="bbox 240 2846 1558 2932; baseline -0.003 -20"><span class='ocrx_word' id='word_1_199' title='bbox 240 2871 307 2914; x_wconf 87' lang='lat' dir='ltr'><strong>tram</strong></span> <span class='ocrx_word' id='word_1_200' title='bbox 335 2869 427 2932; x_wconf 89' lang='lat' dir='ltr'><strong>supra</strong></span> <span class='ocrx_word' id='word_1_201' title='bbox 456 2851 612 2914; x_wconf 81' lang='lat' dir='ltr'><strong>‹loctdmas</strong></span> <span class='ocrx_word' id='word_1_202' title='bbox 651 2871 683 2915; x_wconf 88' lang='lat' dir='ltr'><strong>ea</strong></span> <span class='ocrx_word' id='word_1_203' title='bbox 714 2869 780 2914; x_wconf 87' lang='lat' dir='ltr'><strong>esse</strong></span> <span class='ocrx_word' id='word_1_204' title='bbox 814 2855 927 2932; x_wconf 91' lang='lat' dir='ltr'><strong>optima</strong></span> <span class='ocrx_word' id='word_1_205' title='bbox 961 2857 1071 2920; x_wconf 87' lang='lat' dir='ltr'><strong>metm,</strong></span> <span class='ocrx_word' id='word_1_206' title='bbox 1107 2867 1183 2931; x_wconf 90' lang='lat' dir='ltr'><strong>quae</strong></span> <span class='ocrx_word' id='word_1_207' title='bbox 1218 2846 1406 2927; x_wconf 87' lang='lat' dir='ltr'><strong>aequalitatis</strong></span> <span class='ocrx_word' id='word_1_208' title='bbox 1440 2849 1558 2910; x_wconf 87' lang='lat' dir='ltr'><strong>ratione</strong></span> 
     </span>
     <span class='ocr_line' id='line_1_25' title="bbox 241 2949 1558 3038; baseline -0.003 -22"><span class='ocrx_word' id='word_1_209' title='bbox 241 2963 392 3028; x_wconf 87' lang='lat' dir='ltr'><strong>constant,</strong></span> <span class='ocrx_word' id='word_1_210' title='bbox 421 2965 547 3038; x_wconf 91' lang='lat' dir='ltr'><strong>propter</strong></span> <span class='ocrx_word' id='word_1_211' title='bbox 577 2956 657 3035; x_wconf 90' lang='lat' dir='ltr'><strong>qaod</strong></span> <span class='ocrx_word' id='word_1_212' title='bbox 680 2962 841 3037; x_wconf 89' lang='lat' dir='ltr'><strong>atramque</strong></span> <span class='ocrx_word' id='word_1_213' title='bbox 864 2955 922 3018; x_wconf 89' lang='lat' dir='ltr'><strong>hoc</strong></span> <span class='ocrx_word' id='word_1_214' title='bbox 945 2955 1093 3024; x_wconf 86' lang='lat' dir='ltr'><strong>ionicam,</strong></span> <span class='ocrx_word' id='word_1_215' title='bbox 1126 2951 1246 3034; x_wconf 82' lang='lat' dir='ltr'><strong>tyrtando</strong></span> <span class='ocrx_word' id='word_1_216' title='bbox 1276 2970 1312 3014; x_wconf 84' lang='lat' dir='ltr'><strong>ex</strong></span> <span class='ocrx_word' id='word_1_217' title='bbox 1335 2949 1419 3032; x_wconf 88' lang='lat' dir='ltr'><strong>dupli</strong></span> <span class='ocrx_word' id='word_1_218' title='bbox 1441 2952 1558 3013; x_wconf 88' lang='lat' dir='ltr'><strong>ratione</strong></span> 
     </span>
     <span class='ocr_line' id='line_1_26' title="bbox 240 3054 1558 3142; baseline -0.004 -21"><span class='ocrx_word' id='word_1_219' title='bbox 240 3057 388 3131; x_wconf 84' lang='lat' dir='ltr'><strong>subsistit,</strong></span> <span class='ocrx_word' id='word_1_220' title='bbox 412 3061 508 3140; x_wconf 79' lang='lat' dir='ltr'><strong>magis</strong></span> <span class='ocrx_word' id='word_1_221' title='bbox 525 3059 672 3140; x_wconf 87' lang='lat' dir='ltr'><strong>rhythmis</strong></span> <span class='ocrx_word' id='word_1_222' title='bbox 693 3079 782 3142; x_wconf 90' lang='lat' dir='ltr'><strong>qaam</strong></span> <span class='ocrx_word' id='word_1_223' title='bbox 809 3062 915 3121; x_wconf 89' lang='lat' dir='ltr'><strong>metris</strong></span> <span class='ocrx_word' id='word_1_224' title='bbox 938 3060 1094 3140; x_wconf 88' lang='lat' dir='ltr'><strong>propriam</strong></span> <span class='ocrx_word' id='word_1_225' title='bbox 1117 3064 1172 3122; x_wconf 91' lang='lat' dir='ltr'><strong>est.</strong></span> <span class='ocrx_word' id='word_1_226' title='bbox 1208 3054 1339 3119; x_wconf 89' lang='lat' dir='ltr'><strong>admittit</strong></span> <span class='ocrx_word' id='word_1_227' title='bbox 1354 3064 1454 3118; x_wconf 89' lang='lat' dir='ltr'><strong>autem</strong></span> <span class='ocrx_word' id='word_1_228' title='bbox 1479 3054 1558 3116; x_wconf 91' lang='lat' dir='ltr'><strong>sola-</strong></span> 
     </span>
     <span class='ocr_line' id='line_1_27' title="bbox 204 3157 1559 3245; baseline -0.004 -19"><span class='ocrx_word' id='word_1_229' title='bbox 204 3186 229 3226; x_wconf 72' lang='grc' dir='ltr'><strong>ιι</strong></span> <span class='ocrx_word' id='word_1_230' title='bbox 243 3163 352 3226; x_wconf 89' lang='lat' dir='ltr'><strong>tionem</strong></span> <span class='ocrx_word' id='word_1_231' title='bbox 376 3162 505 3226; x_wconf 86' lang='lat' dir='ltr'><strong>duarum</strong></span> <span class='ocrx_word' id='word_1_232' title='bbox 528 3163 775 3245; x_wconf 85' lang='lat' dir='ltr'><strong>praecedentiam</strong></span> <span class='ocrx_word' id='word_1_233' title='bbox 791 3164 950 3242; x_wconf 79' lang='lat' dir='ltr'><strong>longarum</strong></span> <span class='ocrx_word' id='word_1_234' title='bbox 966 3163 1057 3224; x_wconf 84' lang='lat' dir='ltr'><strong>varie.</strong></span> <span class='ocrx_word' id='word_1_235' title='bbox 1103 3177 1173 3224; x_wconf 91' lang='lat' dir='ltr'><strong>nam</strong></span> <span class='ocrx_word' id='word_1_236' title='bbox 1195 3160 1311 3243; x_wconf 86' lang='lat' dir='ltr'><strong>prinmo</strong></span> <span class='ocrx_word' id='word_1_237' title='bbox 1326 3158 1433 3240; x_wconf 79' lang='lat' dir='ltr'><strong>longae</strong></span> <span class='ocrx_word' id='word_1_238' title='bbox 1448 3157 1559 3222; x_wconf 89' lang='lat' dir='ltr'><strong>solatio</strong></span> 
     </span>
     <span class='ocr_line' id='line_1_28' title="bbox 241 3262 1560 3350; baseline -0.005 -22"><span class='ocrx_word' id='word_1_239' title='bbox 241 3264 372 3348; x_wconf 76' lang='lat' dir='ltr'><strong>syllabae</strong></span> <span class='ocrx_word' id='word_1_240' title='bbox 403 3267 475 3330; x_wconf 90' lang='lat' dir='ltr'><strong>lacit</strong></span> <span class='ocrx_word' id='word_1_241' title='bbox 506 3286 542 3329; x_wconf 85' lang='lat' dir='ltr'><strong>ex</strong></span> <span class='ocrx_word' id='word_1_242' title='bbox 576 3274 738 3350; x_wconf 89' lang='lat' dir='ltr'><strong>anapaesto</strong></span> <span class='ocrx_word' id='word_1_243' title='bbox 773 3275 803 3329; x_wconf 91' lang='lat' dir='ltr'><strong>et</strong></span> <span class='ocrx_word' id='word_1_244' title='bbox 835 3266 988 3349; x_wconf 86' lang='lat' dir='ltr'><strong>pyrrichio</strong></span> <span class='ocrx_word' id='word_1_245' title='bbox 1020 3265 1274 3345; x_wconf 80' lang='lat' dir='ltr'><strong>coniugationem:</strong></span> <span class='ocrx_word' id='word_1_246' title='bbox 1310 3262 1459 3326; x_wconf 89' lang='lat' dir='ltr'><strong>secundae</strong></span> <span class='ocrx_word' id='word_1_247' title='bbox 1488 3279 1560 3324; x_wconf 88' lang='lat' dir='ltr'><strong>rero</strong></span> 
     </span>
     <span class='ocr_line' id='line_1_29' title="bbox 241 3367 1560 3454; baseline -0.005 -20"><span class='ocrx_word' id='word_1_248' title='bbox 241 3389 276 3434; x_wconf 89' lang='lat' dir='ltr'><strong>ex</strong></span> <span class='ocrx_word' id='word_1_249' title='bbox 309 3369 427 3453; x_wconf 87' lang='lat' dir='ltr'><strong>dactylo</strong></span> <span class='ocrx_word' id='word_1_250' title='bbox 462 3381 492 3433; x_wconf 89' lang='lat' dir='ltr'><strong>et</strong></span> <span class='ocrx_word' id='word_1_251' title='bbox 526 3370 679 3454; x_wconf 86' lang='lat' dir='ltr'><strong>pyrrichio</strong></span> <span class='ocrx_word' id='word_1_252' title='bbox 718 3367 841 3432; x_wconf 87' lang='lat' dir='ltr'><strong>habebit</strong></span> <span class='ocrx_word' id='word_1_253' title='bbox 884 3371 1121 3452; x_wconf 86' lang='lat' dir='ltr'><strong>copulationem,</strong></span> <span class='ocrx_word' id='word_1_254' title='bbox 1164 3386 1241 3449; x_wconf 85' lang='lat' dir='ltr'><strong>qaae</strong></span> <span class='ocrx_word' id='word_1_255' title='bbox 1280 3376 1350 3430; x_wconf 91' lang='lat' dir='ltr'><strong>sant</strong></span> <span class='ocrx_word' id='word_1_256' title='bbox 1384 3385 1560 3430; x_wconf 88' lang='lat' dir='ltr'><strong>communes</strong></span> 
     </span>
     <span class='ocr_line' id='line_1_30' title="bbox 158 3468 1559 3562; baseline -0.003 -26"><span class='ocrx_word' id='word_1_257' title='bbox 158 3515 162 3523; x_wconf 67' lang='lat'><strong>.</strong></span> <span class='ocrx_word' id='word_1_258' title='bbox 240 3475 375 3556; x_wconf 89' lang='lat' dir='ltr'><strong>atrisque</strong></span> <span class='ocrx_word' id='word_1_259' title='bbox 403 3475 523 3537; x_wconf 90' lang='lat' dir='ltr'><strong>ionicis.</strong></span> <span class='ocrx_word' id='word_1_260' title='bbox 568 3493 637 3562; x_wconf 86' lang='lat' dir='ltr'><strong>nam</strong></span> <span class='ocrx_word' id='word_1_261' title='bbox 659 3475 693 3562; x_wconf 76' lang='lat' dir='ltr'><strong>&#39;si</strong></span> <span class='ocrx_word' id='word_1_262' title='bbox 716 3476 836 3536; x_wconf 86' lang='lat' dir='ltr'><strong>tertiam</strong></span> <span class='ocrx_word' id='word_1_263' title='bbox 861 3471 981 3554; x_wconf 80' lang='lat' dir='ltr'><strong>longam</strong></span> <span class='ocrx_word' id='word_1_264' title='bbox 1008 3471 1134 3535; x_wconf 90' lang='lat' dir='ltr'><strong>minoris</strong></span> <span class='ocrx_word' id='word_1_265' title='bbox 1168 3472 1262 3534; x_wconf 91' lang='lat' dir='ltr'><strong>ionici</strong></span> <span class='ocrx_word' id='word_1_266' title='bbox 1291 3471 1321 3532; x_wconf 93' lang='lat' dir='ltr'><strong>in</strong></span> <span class='ocrx_word' id='word_1_267' title='bbox 1350 3468 1425 3534; x_wconf 89' lang='lat' dir='ltr'><strong>duas</strong></span> <span class='ocrx_word' id='word_1_268' title='bbox 1452 3468 1559 3533; x_wconf 87' lang='lat' dir='ltr'><strong>breves</strong></span> 
     </span>
     <span class='ocr_line' id='line_1_31' title="bbox 242 3576 1558 3660; baseline -0.002 -22"><span class='ocrx_word' id='word_1_269' title='bbox 242 3577 372 3647; x_wconf 79' lang='lat' dir='ltr'><strong>dividas,</strong></span> <span class='ocrx_word' id='word_1_270' title='bbox 407 3579 440 3640; x_wconf 87' lang='lat' dir='ltr'><strong>nt</strong></span> <span class='ocrx_word' id='word_1_271' title='bbox 474 3596 511 3640; x_wconf 81' lang='lat' dir='ltr'><strong>ex</strong></span> <span class='ocrx_word' id='word_1_272' title='bbox 536 3577 689 3660; x_wconf 85' lang='lat' dir='ltr'><strong>pyrrichio</strong></span> <span class='ocrx_word' id='word_1_273' title='bbox 727 3585 756 3640; x_wconf 89' lang='lat' dir='ltr'><strong>et</strong></span> <span class='ocrx_word' id='word_1_274' title='bbox 797 3585 959 3660; x_wconf 90' lang='lat' dir='ltr'><strong>anapaesto</strong></span> <span class='ocrx_word' id='word_1_275' title='bbox 990 3576 1178 3657; x_wconf 82' lang='lat' dir='ltr'><strong>coniugatio;</strong></span> <span class='ocrx_word' id='word_1_276' title='bbox 1220 3577 1246 3637; x_wconf 88' lang='lat' dir='ltr'><strong>si</strong></span> <span class='ocrx_word' id='word_1_277' title='bbox 1280 3583 1379 3638; x_wconf 88' lang='lat' dir='ltr'><strong>autern</strong></span> <span class='ocrx_word' id='word_1_278' title='bbox 1409 3582 1558 3656; x_wconf 87' lang='lat' dir='ltr'><strong>quartam,</strong></span> 
     </span>
     <span class='ocr_line' id='line_1_32' title="bbox 204 3679 1558 3764; baseline 0.001 -26"><span class='ocrx_word' id='word_1_279' title='bbox 204 3701 277 3744; x_wconf 78' lang='lat' dir='ltr'><strong>:aex</strong></span> <span class='ocrx_word' id='word_1_280' title='bbox 300 3681 453 3764; x_wconf 91' lang='lat' dir='ltr'><strong>pyrrichio</strong></span> <span class='ocrx_word' id='word_1_281' title='bbox 482 3690 512 3744; x_wconf 88' lang='lat' dir='ltr'><strong>et</strong></span> <span class='ocrx_word' id='word_1_282' title='bbox 534 3680 667 3762; x_wconf 87' lang='lat' dir='ltr'><strong>dactylo,</strong></span> <span class='ocrx_word' id='word_1_283' title='bbox 698 3679 886 3762; x_wconf 86' lang='lat' dir='ltr'><strong>temporibus</strong></span> <span class='ocrx_word' id='word_1_284' title='bbox 909 3679 1061 3744; x_wconf 76' lang='lat' dir='ltr'><strong>dumtaxat</strong></span> <span class='ocrx_word' id='word_1_285' title='bbox 1090 3683 1122 3743; x_wconf 91' lang='lat' dir='ltr'><strong>ia</strong></span> <span class='ocrx_word' id='word_1_286' title='bbox 1151 3697 1204 3742; x_wconf 84' lang='lat' dir='ltr'><strong>sua</strong></span> <span class='ocrx_word' id='word_1_287' title='bbox 1228 3697 1369 3742; x_wconf 88' lang='lat' dir='ltr'><strong>mensura</strong></span> <span class='ocrx_word' id='word_1_288' title='bbox 1394 3695 1428 3740; x_wconf 91' lang='lat' dir='ltr'><strong>ac</strong></span> <span class='ocrx_word' id='word_1_289' title='bbox 1451 3680 1558 3761; x_wconf 89' lang='lat' dir='ltr'><strong>spatia,</strong></span> 
     </span>
     <span class='ocr_line' id='line_1_33' title="bbox 242 3781 1558 3868; baseline -0.002 -22"><span class='ocrx_word' id='word_1_290' title='bbox 242 3805 300 3868; x_wconf 81' lang='lat' dir='ltr'><strong>tyao</strong></span> <span class='ocrx_word' id='word_1_291' title='bbox 328 3795 494 3848; x_wconf 87' lang='lat' dir='ltr'><strong>censentur</strong></span> <span class='ocrx_word' id='word_1_292' title='bbox 521 3786 627 3857; x_wconf 90' lang='lat' dir='ltr'><strong>ionici,</strong></span> <span class='ocrx_word' id='word_1_293' title='bbox 658 3783 918 3866; x_wconf 86' lang='lat' dir='ltr'><strong>permanentibus.</strong></span> <span class='ocrx_word' id='word_1_294' title='bbox 965 3787 1088 3866; x_wconf 86' lang='lat' dir='ltr'><strong>recipit,</strong></span> <span class='ocrx_word' id='word_1_295' title='bbox 1118 3792 1151 3844; x_wconf 88' lang='lat' dir='ltr'><strong>ut</strong></span> <span class='ocrx_word' id='word_1_296' title='bbox 1180 3781 1324 3853; x_wconf 83' lang='lat' dir='ltr'><strong>diximus,</strong></span> <span class='ocrx_word' id='word_1_297' title='bbox 1355 3791 1385 3844; x_wconf 92' lang='lat' dir='ltr'><strong>et</strong></span> <span class='ocrx_word' id='word_1_298' title='bbox 1412 3783 1558 3864; x_wconf 89' lang='lat' dir='ltr'><strong>hippium.</strong></span> 
     </span>
     <span class='ocr_line' id='line_1_34' title="bbox 241 3885 1559 3968; baseline -0.002 -18"><span class='ocrx_word' id='word_1_299' title='bbox 241 3889 270 3951; x_wconf 92' lang='lat' dir='ltr'><strong>id</strong></span> <span class='ocrx_word' id='word_1_300' title='bbox 293 3897 339 3952; x_wconf 89' lang='lat' dir='ltr'><strong>est</strong></span> <span class='ocrx_word' id='word_1_301' title='bbox 360 3889 541 3959; x_wconf 88' lang='lat' dir='ltr'><strong>molossum,</strong></span> <span class='ocrx_word' id='word_1_302' title='bbox 571 3889 710 3952; x_wconf 88' lang='lat' dir='ltr'><strong>etribas</strong></span> <span class='ocrx_word' id='word_1_303' title='bbox 732 3887 830 3968; x_wconf 84' lang='lat' dir='ltr'><strong>longis</strong></span> <span class='ocrx_word' id='word_1_304' title='bbox 853 3887 1007 3951; x_wconf 85' lang='lat' dir='ltr'><strong>dumtaxat</strong></span> <span class='ocrx_word' id='word_1_305' title='bbox 1028 3891 1060 3949; x_wconf 91' lang='lat' dir='ltr'><strong>ia</strong></span> <span class='ocrx_word' id='word_1_306' title='bbox 1083 3889 1158 3956; x_wconf 87' lang='lat' dir='ltr'><strong>liae,</strong></span> <span class='ocrx_word' id='word_1_307' title='bbox 1188 3898 1216 3948; x_wconf 88' lang='lat' dir='ltr'><strong>et</strong></span> <span class='ocrx_word' id='word_1_308' title='bbox 1239 3885 1408 3968; x_wconf 89' lang='lat' dir='ltr'><strong>appellatur</strong></span> <span class='ocrx_word' id='word_1_309' title='bbox 1430 3894 1559 3948; x_wconf 90' lang='lat' dir='ltr'><strong>metrum</strong></span> 
     </span>
     <span class='ocr_line' id='line_1_35' title="bbox 242 3989 1558 4070; baseline -0.002 -16"><span class='ocrx_word' id='word_1_310' title='bbox 242 3993 473 4056; x_wconf 88' lang='lat' dir='ltr'><strong>cleomachittm.</strong></span> <span class='ocrx_word' id='word_1_311' title='bbox 504 4011 573 4055; x_wconf 89' lang='lat' dir='ltr'><strong>nant</strong></span> <span class='ocrx_word' id='word_1_312' title='bbox 597 3993 621 4053; x_wconf 93' lang='lat' dir='ltr'><strong>si</strong></span> <span class='ocrx_word' id='word_1_313' title='bbox 637 3993 760 4055; x_wconf 91' lang='lat' dir='ltr'><strong>maioris</strong></span> <span class='ocrx_word' id='word_1_314' title='bbox 775 3993 868 4055; x_wconf 90' lang='lat' dir='ltr'><strong>ionici</strong></span> <span class='ocrx_word' id='word_1_315' title='bbox 887 3992 962 4054; x_wconf 90' lang='lat' dir='ltr'><strong>duas</strong></span> <span class='ocrx_word' id='word_1_316' title='bbox 986 3991 1093 4054; x_wconf 87' lang='lat' dir='ltr'><strong>breves</strong></span> <span class='ocrx_word' id='word_1_317' title='bbox 1109 3991 1140 4052; x_wconf 95' lang='lat' dir='ltr'><strong>in</strong></span> <span class='ocrx_word' id='word_1_318' title='bbox 1157 4009 1247 4053; x_wconf 89' lang='lat' dir='ltr'><strong>unam</strong></span> <span class='ocrx_word' id='word_1_319' title='bbox 1264 3989 1424 4053; x_wconf 88' lang='lat' dir='ltr'><strong>contrahas</strong></span> <span class='ocrx_word' id='word_1_320' title='bbox 1439 3989 1558 4070; x_wconf 80' lang='lat' dir='ltr'><strong>longam</strong></span> 
     </span>
    </p>
   </div>
   <div class='ocr_carea' id='block_1_7' title="bbox 306 4115 447 4124">
    <p class='ocr_par' dir='ltr' id='par_1_7' title="bbox 306 4115 447 4124">
     <span class='ocr_line' id='line_1_36' title="bbox 306 4115 447 4124; baseline -0.007 0"><span class='ocrx_word' id='word_1_321' title='bbox 306 4115 447 4124; x_wconf 66' lang='lat'><strong>-..-.-.—</strong></span> 
     </span>
    </p>
   </div>
   <div class='ocr_carea' id='block_1_8' title="bbox 244 4169 1561 4307">
    <p class='ocr_par' dir='ltr' id='par_1_8' title="bbox 244 4169 1561 4307">
     <span class='ocr_line' id='line_1_37' title="bbox 309 4169 1560 4242; baseline -0.005 -15"><span class='ocrx_word' id='word_1_322' title='bbox 309 4179 325 4228; x_wconf 86' lang='grc'>3</span> <span class='ocrx_word' id='word_1_323' title='bbox 348 4169 442 4242; x_wconf 86' lang='lat' dir='ltr'><strong>libeas]</strong></span> <span class='ocrx_word' id='word_1_324' title='bbox 467 4173 504 4225; x_wconf 82' lang='lat' dir='ltr'><strong>ad</strong></span> <span class='ocrx_word' id='word_1_325' title='bbox 520 4174 692 4238; x_wconf 78' lang='lat' dir='ltr'><strong>definitionem</strong></span> <span class='ocrx_word' id='word_1_326' title='bbox 713 4178 941 4240; x_wconf 82' lang='lat' dir='ltr'><strong>suprascriptam</strong></span> <span class='ocrx_word' id='word_1_327' title='bbox 963 4173 1001 4222; x_wconf 84' lang='lat' dir='ltr'><strong>t‘trt</strong></span> <span class='ocrx_word' id='word_1_328' title='bbox 1023 4172 1215 4223; x_wconf 84' lang='lat' dir='ltr'><strong>aecotnmodari</strong></span> <span class='ocrx_word' id='word_1_329' title='bbox 1234 4177 1341 4236; x_wconf 81' lang='lat' dir='ltr'><strong>poterat</strong></span> <span class='ocrx_word' id='word_1_330' title='bbox 1358 4186 1454 4228; x_wconf 82' lang='lat' dir='ltr'><strong>aereas,</strong></span> <span class='ocrx_word' id='word_1_331' title='bbox 1478 4169 1560 4221; x_wconf 88' lang='lat' dir='ltr'><strong>libeas</strong></span> 
     </span>
     <span class='ocr_line' id='line_1_38' title="bbox 244 4241 1561 4307; baseline -0.002 -12"><span class='ocrx_word' id='word_1_332' title='bbox 244 4244 290 4295; x_wconf 91' lang='lat' dir='ltr'><strong>hoc</strong></span> <span class='ocrx_word' id='word_1_333' title='bbox 309 4244 353 4295; x_wconf 90' lang='lat' dir='ltr'><strong>tibi</strong></span> <span class='ocrx_word' id='word_1_334' title='bbox 373 4259 460 4294; x_wconf 84' lang='lat' dir='ltr'><strong>amare</strong></span> <span class='ocrx_word' id='word_1_335' title='bbox 479 4242 539 4293; x_wconf 88' lang='lat' dir='ltr'><strong>nolo</strong></span> <span class='ocrx_word' id='word_1_336' title='bbox 558 4258 723 4307; x_wconf 83' lang='lat' dir='ltr'><strong>quemquam,</strong></span> <span class='ocrx_word' id='word_1_337' title='bbox 745 4246 795 4295; x_wconf 83' lang='lat' dir='ltr'><strong>sed</strong></span> <span class='ocrx_word' id='word_1_338' title='bbox 810 4245 958 4295; x_wconf 78' lang='lat' dir='ltr'><strong>Victorinus</strong></span> <span class='ocrx_word' id='word_1_339' title='bbox 969 4243 1047 4307; x_wconf 88' lang='lat' dir='ltr'><strong>phtra</strong></span> <span class='ocrx_word' id='word_1_340' title='bbox 1059 4241 1232 4292; x_wconf 71' lang='lat' dir='ltr'><strong>tritustrontm</strong></span> <span class='ocrx_word' id='word_1_341' title='bbox 1250 4243 1370 4306; x_wconf 73' lang='lat' dir='ltr'><strong>esetnpla</strong></span> <span class='ocrx_word' id='word_1_342' title='bbox 1388 4241 1561 4306; x_wconf 80' lang='lat' dir='ltr'><strong>adscripsisse</strong></span> 
     </span>
    </p>
   </div>
   <div class='ocr_carea' id='block_1_9' title="bbox 243 4319 1563 5030">
    <p class='ocr_par' dir='ltr' id='par_1_9' title="bbox 243 4319 1563 5030">
     <span class='ocr_line' id='line_1_39' title="bbox 243 4319 1560 4405; baseline -0.003 -15"><span class='ocrx_word' id='word_1_343' title='bbox 243 4339 351 4404; x_wconf 72' lang='lat' dir='ltr'><strong>oedem,</strong></span> <span class='ocrx_word' id='word_1_344' title='bbox 370 4355 384 4389; x_wconf 89' lang='lat' dir='ltr'><strong>e</strong></span> <span class='ocrx_word' id='word_1_345' title='bbox 398 4338 488 4405; x_wconf 80' lang='lat' dir='ltr'><strong>petibus</strong></span> <span class='ocrx_word' id='word_1_346' title='bbox 499 4340 596 4389; x_wconf 75' lang='lat' dir='ltr'><strong>initiante</strong></span> <span class='ocrx_word' id='word_1_347' title='bbox 608 4339 707 4404; x_wconf 81' lang='lat' dir='ltr'><strong>prioris</strong></span> <span class='ocrx_word' id='word_1_348' title='bbox 719 4355 808 4390; x_wconf 69' lang='lat' dir='ltr'><strong>amans</strong></span> <span class='ocrx_word' id='word_1_349' title='bbox 825 4355 879 4390; x_wconf 79' lang='lat' dir='ltr'><strong>retra</strong></span> <span class='ocrx_word' id='word_1_350' title='bbox 893 4340 946 4402; x_wconf 82' lang='lat' dir='ltr'><strong>fiae</strong></span> <span class='ocrx_word' id='word_1_351' title='bbox 965 4337 1072 4386; x_wconf 84' lang='lat' dir='ltr'><strong>alterins</strong></span> <span class='ocrx_word' id='word_1_352' title='bbox 1090 4337 1204 4386; x_wconf 82' lang='lat' dir='ltr'><strong>relietum</strong></span> <span class='ocrx_word' id='word_1_353' title='bbox 1217 4342 1256 4386; x_wconf 85' lang='lat' dir='ltr'><strong>est</strong></span> <span class='ocrx_word' id='word_1_354' title='bbox 1326 4337 1342 4386; x_wconf 86' lang='grc'><strong><em>3</em></strong></span> <span class='ocrx_word' id='word_1_355' title='bbox 1360 4319 1516 4398; x_wconf 73' lang='lat' dir='ltr'><strong>qtterilqanm</strong></span> <span class='ocrx_word' id='word_1_356' title='bbox 1536 4336 1560 4386; x_wconf 83' lang='lat' dir='ltr'><em>A</em></span> 
     </span>
     <span class='ocr_line' id='line_1_40' title="bbox 244 4403 1561 4474; baseline 0.001 -19"><span class='ocrx_word' id='word_1_357' title='bbox 244 4423 397 4471; x_wconf 84' lang='lat' dir='ltr'><strong>queruqunm</strong></span> <span class='ocrx_word' id='word_1_358' title='bbox 417 4425 486 4460; x_wconf 75' lang='lat' dir='ltr'><strong>ratu.</strong></span> <span class='ocrx_word' id='word_1_359' title='bbox 506 4423 654 4471; x_wconf 80' lang='lat' dir='ltr'><strong>quenquam</strong></span> <span class='ocrx_word' id='word_1_360' title='bbox 677 4405 736 4462; x_wconf 88' lang='lat' dir='ltr'><strong>Val.</strong></span> <span class='ocrx_word' id='word_1_361' title='bbox 806 4411 822 4462; x_wconf 81' lang='lat'><strong>5</strong></span> <span class='ocrx_word' id='word_1_362' title='bbox 842 4403 921 4474; x_wconf 85' lang='lat' dir='ltr'><strong>llnro]</strong></span> <span class='ocrx_word' id='word_1_363' title='bbox 943 4407 1040 4473; x_wconf 80' lang='lat' dir='ltr'><strong>pardem</strong></span> <span class='ocrx_word' id='word_1_364' title='bbox 1060 4422 1157 4456; x_wconf 81' lang='lat' dir='ltr'><strong>uersum</strong></span> <span class='ocrx_word' id='word_1_365' title='bbox 1176 4422 1232 4457; x_wconf 82' lang='lat' dir='ltr'><strong>osse</strong></span> <span class='ocrx_word' id='word_1_366' title='bbox 1251 4405 1360 4456; x_wconf 79' lang='lat' dir='ltr'><strong>aotaert&#39;t</strong></span> <span class='ocrx_word' id='word_1_367' title='bbox 1371 4409 1561 4469; x_wconf 82' lang='lat' dir='ltr'><strong>prammatt&#39;cus,</strong></span> 
     </span>
     <span class='ocr_line' id='line_1_41' title="bbox 243 4475 1559 4544; baseline -0.004 -16"><span class='ocrx_word' id='word_1_368' title='bbox 243 4487 352 4544; x_wconf 84' lang='lat' dir='ltr'><strong>propter</strong></span> <span class='ocrx_word' id='word_1_369' title='bbox 369 4479 546 4542; x_wconf 78' lang='lat' dir='ltr'><strong>httpersretam</strong></span> <span class='ocrx_word' id='word_1_370' title='bbox 564 4479 735 4540; x_wconf 80' lang='lat' dir='ltr'><strong>definitionem</strong></span> <span class='ocrx_word' id='word_1_371' title='bbox 752 4493 802 4526; x_wconf 84' lang='lat' dir='ltr'><strong>noa</strong></span> <span class='ocrx_word' id='word_1_372' title='bbox 820 4485 930 4529; x_wconf 83' lang='lat' dir='ltr'><strong>constat.</strong></span> <span class='ocrx_word' id='word_1_373' title='bbox 957 4475 1073 4540; x_wconf 69' lang='lat' dir='ltr'><strong>portasse</strong></span> <span class='ocrx_word' id='word_1_374' title='bbox 1093 4477 1161 4537; x_wconf 91' lang='lat' dir='ltr'><strong>qaod</strong></span> <span class='ocrx_word' id='word_1_375' title='bbox 1183 4475 1257 4524; x_wconf 85' lang='lat' dir='ltr'><strong>hahet</strong></span> <span class='ocrx_word' id='word_1_376' title='bbox 1281 4475 1389 4539; x_wconf 88' lang='lat' dir='ltr'><strong>primam</strong></span> <span class='ocrx_word' id='word_1_377' title='bbox 1408 4475 1559 4538; x_wconf 82' lang='lat' dir='ltr'><strong>atttispnsti-</strong></span> 
     </span>
     <span class='ocr_line' id='line_1_42' title="bbox 243 4543 1561 4613; baseline -0.003 -16"><span class='ocrx_word' id='word_1_378' title='bbox 243 4562 309 4613; x_wconf 84' lang='lat' dir='ltr'><strong>carn,</strong></span> <span class='ocrx_word' id='word_1_379' title='bbox 332 4545 445 4611; x_wconf 86' lang='lat' dir='ltr'><strong>reliquas</strong></span> <span class='ocrx_word' id='word_1_380' title='bbox 469 4547 592 4598; x_wconf 85' lang='lat' dir='ltr'><strong>iambicos</strong></span> <span class='ocrx_word' id='word_1_381' title='bbox 614 4547 820 4612; x_wconf 56' lang='lat' dir='ltr'><strong>commotiones,</strong></span> <span class='ocrx_word' id='word_1_382' title='bbox 845 4561 871 4596; x_wconf 89' lang='grc' dir='ltr'><strong>ιιι</strong></span> <span class='ocrx_word' id='word_1_383' title='bbox 891 4547 957 4596; x_wconf 82' lang='lat' dir='ltr'><strong>littra</strong></span> <span class='ocrx_word' id='word_1_384' title='bbox 981 4545 1051 4594; x_wconf 90' lang='lat' dir='ltr'><strong>crine</strong></span> <span class='ocrx_word' id='word_1_385' title='bbox 1069 4545 1187 4610; x_wconf 88' lang='lat' dir='ltr'><strong>superbit</strong></span> <span class='ocrx_word' id='word_1_386' title='bbox 1207 4561 1232 4593; x_wconf 90' lang='lat' dir='ltr'><strong>et</strong></span> <span class='ocrx_word' id='word_1_387' title='bbox 1250 4544 1299 4592; x_wconf 87' lang='lat' dir='ltr'><strong>iam</strong></span> <span class='ocrx_word' id='word_1_388' title='bbox 1320 4543 1416 4606; x_wconf 67' lang='lat' dir='ltr'><strong>gratuler</strong></span> <span class='ocrx_word' id='word_1_389' title='bbox 1437 4543 1561 4593; x_wconf 69' lang='lat' dir='ltr'><strong>Aeacides</strong></span> 
     </span>
     <span class='ocr_line' id='line_1_43' title="bbox 311 4609 1559 4686; baseline -0.003 -20"><span class='ocrx_word' id='word_1_390' title='bbox 311 4617 371 4669; x_wconf 81' lang='lat' dir='ltr'><strong>aia</strong></span> <span class='ocrx_word' id='word_1_391' title='bbox 391 4613 487 4686; x_wconf 82' lang='lat' dir='ltr'><strong>hortis]</strong></span> <span class='ocrx_word' id='word_1_392' title='bbox 508 4619 616 4666; x_wconf 84' lang='lat' dir='ltr'><strong>moratis</strong></span> <span class='ocrx_word' id='word_1_393' title='bbox 634 4616 659 4666; x_wconf 78' lang='lat' dir='ltr'><em>A</em></span> <span class='ocrx_word' id='word_1_394' title='bbox 673 4615 698 4666; x_wconf 87' lang='lat' dir='ltr'><em>B</em></span> <span class='ocrx_word' id='word_1_395' title='bbox 722 4615 870 4684; x_wconf 54' lang='lat' dir='ltr'><strong>blaronisj</strong></span> <span class='ocrx_word' id='word_1_396' title='bbox 943 4617 972 4664; x_wconf 88' lang='lat' dir='ltr'><strong>ll</strong></span> <span class='ocrx_word' id='word_1_397' title='bbox 992 4613 1144 4679; x_wconf 85' lang='lat' dir='ltr'><strong>utatispnstis</strong></span> <span class='ocrx_word' id='word_1_398' title='bbox 1163 4611 1226 4662; x_wconf 85' lang='lat' dir='ltr'><strong>calls</strong></span> <span class='ocrx_word' id='word_1_399' title='bbox 1246 4611 1339 4667; x_wconf 73' lang='lat' dir='ltr'><strong>Alte</strong></span> <span class='ocrx_word' id='word_1_400' title='bbox 1409 4613 1442 4661; x_wconf 74' lang='lat'><strong>‘2¹2</strong></span> <span class='ocrx_word' id='word_1_401' title='bbox 1466 4609 1559 4680; x_wconf 82' lang='lat' dir='ltr'><strong>snpra]</strong></span> 
     </span>
     <span class='ocr_line' id='line_1_44' title="bbox 243 4681 1562 4752; baseline -0.005 -14"><span class='ocrx_word' id='word_1_402' title='bbox 243 4703 270 4752; x_wconf 85' lang='lat' dir='ltr'><strong>p.</strong></span> <span class='ocrx_word' id='word_1_403' title='bbox 283 4689 351 4744; x_wconf 69' lang='lat' dir='ltr'><strong>dm</strong></span> <span class='ocrx_word' id='word_1_404' title='bbox 372 4687 440 4736; x_wconf 84' lang='lat' dir='ltr'><strong>tttrde</strong></span> <span class='ocrx_word' id='word_1_405' title='bbox 458 4702 490 4736; x_wconf 82' lang='lat' dir='ltr'><strong>ex</strong></span> <span class='ocrx_word' id='word_1_406' title='bbox 505 4684 686 4751; x_wconf 77' lang='lat' dir='ltr'><strong>tetrasyllabis,</strong></span> <span class='ocrx_word' id='word_1_407' title='bbox 705 4685 823 4748; x_wconf 84' lang='lat' dir='ltr'><strong>quisunt</strong></span> <span class='ocrx_word' id='word_1_408' title='bbox 841 4699 946 4734; x_wconf 83' lang='lat' dir='ltr'><strong>mamere</strong></span> <span class='ocrx_word' id='word_1_409' title='bbox 962 4687 1023 4740; x_wconf 87' lang='lat' dir='ltr'><strong>xvt,</strong></span> <span class='ocrx_word' id='word_1_410' title='bbox 1044 4695 1166 4748; x_wconf 88' lang='lat' dir='ltr'><strong>quattuor</strong></span> <span class='ocrx_word' id='word_1_411' title='bbox 1185 4693 1283 4732; x_wconf 86' lang='lat' dir='ltr'><strong>tantum</strong></span> <span class='ocrx_word' id='word_1_412' title='bbox 1303 4681 1377 4730; x_wconf 85' lang='lat' dir='ltr'><strong>utiles</strong></span> <span class='ocrx_word' id='word_1_413' title='bbox 1396 4683 1562 4742; x_wconf 86' lang='lat' dir='ltr'><strong>adserantur,</strong></span> 
     </span>
     <span class='ocr_line' id='line_1_45' title="bbox 244 4749 1562 4821; baseline -0.002 -17"><span class='ocrx_word' id='word_1_414' title='bbox 244 4755 270 4805; x_wconf 92' lang='lat' dir='ltr'><strong>itl</strong></span> <span class='ocrx_word' id='word_1_415' title='bbox 288 4766 326 4806; x_wconf 89' lang='lat' dir='ltr'><strong>est</strong></span> <span class='ocrx_word' id='word_1_416' title='bbox 344 4754 511 4807; x_wconf 86' lang='lat' dir='ltr'><strong>choriambus</strong></span> <span class='ocrx_word' id='word_1_417' title='bbox 530 4768 555 4806; x_wconf 90' lang='lat' dir='ltr'><strong>et</strong></span> <span class='ocrx_word' id='word_1_418' title='bbox 572 4755 733 4821; x_wconf 86' lang='lat' dir='ltr'><strong>aratispastns</strong></span> <span class='ocrx_word' id='word_1_419' title='bbox 746 4754 908 4816; x_wconf 81' lang='lat' dir='ltr'><strong>aequalitatis</strong></span> <span class='ocrx_word' id='word_1_420' title='bbox 922 4753 1020 4803; x_wconf 82' lang='lat' dir='ltr'><strong>tutione</strong></span> <span class='ocrx_word' id='word_1_421' title='bbox 1032 4763 1190 4815; x_wconf 75' lang='lat' dir='ltr'><strong>constantes,</strong></span> <span class='ocrx_word' id='word_1_422' title='bbox 1209 4752 1255 4802; x_wconf 91' lang='lat' dir='ltr'><strong>sed</strong></span> <span class='ocrx_word' id='word_1_423' title='bbox 1274 4762 1297 4800; x_wconf 89' lang='lat' dir='ltr'><strong>et</strong></span> <span class='ocrx_word' id='word_1_424' title='bbox 1316 4749 1394 4800; x_wconf 89' lang='lat' dir='ltr'><strong>ionici</strong></span> <span class='ocrx_word' id='word_1_425' title='bbox 1412 4749 1474 4810; x_wconf 86' lang='lat' dir='ltr'><strong>dtro,</strong></span> <span class='ocrx_word' id='word_1_426' title='bbox 1494 4763 1562 4802; x_wconf 87' lang='lat' dir='ltr'><strong>cete·</strong></span> 
     </span>
     <span class='ocr_line' id='line_1_46' title="bbox 245 4819 1475 4890; baseline -0.002 -17"><span class='ocrx_word' id='word_1_427' title='bbox 245 4825 280 4875; x_wconf 89' lang='lat' dir='ltr'><strong>ris</strong></span> <span class='ocrx_word' id='word_1_428' title='bbox 298 4839 349 4875; x_wconf 92' lang='lat' dir='ltr'><strong>non</strong></span> <span class='ocrx_word' id='word_1_429' title='bbox 370 4823 435 4876; x_wconf 87' lang='lat' dir='ltr'><strong>adeo</strong></span> <span class='ocrx_word' id='word_1_430' title='bbox 455 4825 608 4876; x_wconf 85' lang='lat' dir='ltr'><strong>trecessariis</strong></span> <span class='ocrx_word' id='word_1_431' title='bbox 696 4827 729 4874; x_wconf 78' lang='lat'><strong>24</strong></span> <span class='ocrx_word' id='word_1_432' title='bbox 748 4819 893 4890; x_wconf 86' lang='lat' dir='ltr'><strong>propriam]</strong></span> <span class='ocrx_word' id='word_1_433' title='bbox 913 4821 1061 4890; x_wconf 81' lang='lat' dir='ltr'><strong>proximam</strong></span> <span class='ocrx_word' id='word_1_434' title='bbox 1081 4822 1175 4878; x_wconf 81' lang='grc' dir='ltr'><strong>ΑΒς</strong></span> <span class='ocrx_word' id='word_1_435' title='bbox 1262 4823 1292 4871; x_wconf 90' lang='grc'><strong>31</strong></span> <span class='ocrx_word' id='word_1_436' title='bbox 1313 4831 1431 4870; x_wconf 86' lang='lat' dir='ltr'><strong>censetur</strong></span> <span class='ocrx_word' id='word_1_437' title='bbox 1450 4819 1475 4871; x_wconf 93' lang='lat' dir='ltr'><em>B</em></span> 
     </span>
     <span class='ocr_line' id='line_1_47' title="bbox 247 4890 1563 4961; baseline -0.001 -17"><span class='ocrx_word' id='word_1_438' title='bbox 247 4895 275 4944; x_wconf 83' lang='lat'><strong>31</strong></span> <span class='ocrx_word' id='word_1_439' title='bbox 296 4893 345 4944; x_wconf 82' lang='lat' dir='ltr'><strong>llus</strong></span> <span class='ocrx_word' id='word_1_440' title='bbox 364 4906 389 4943; x_wconf 88' lang='lat' dir='ltr'><strong>et</strong></span> <span class='ocrx_word' id='word_1_441' title='bbox 407 4894 552 4961; x_wconf 87' lang='lat' dir='ltr'><strong>appellatur</strong></span> <span class='ocrx_word' id='word_1_442' title='bbox 569 4906 587 4950; x_wconf 83' lang='grc' dir='ltr'><strong><em>ς</em></strong></span> <span class='ocrx_word' id='word_1_443' title='bbox 610 4893 661 4943; x_wconf 86' lang='lat' dir='ltr'><strong>line</strong></span> <span class='ocrx_word' id='word_1_444' title='bbox 683 4891 827 4960; x_wconf 85' lang='lat' dir='ltr'><strong>appellatur</strong></span> <span class='ocrx_word' id='word_1_445' title='bbox 846 4891 917 4948; x_wconf 85' lang='lat' dir='ltr'><strong>AB.</strong></span> <span class='ocrx_word' id='word_1_446' title='bbox 946 4893 1062 4956; x_wconf 75' lang='lat' dir='ltr'><strong>sortasse</strong></span> <span class='ocrx_word' id='word_1_447' title='bbox 1084 4891 1234 4942; x_wconf 83' lang='lat' dir='ltr'><strong>aecrtrotr&#39;or</strong></span> <span class='ocrx_word' id='word_1_448' title='bbox 1256 4893 1331 4940; x_wconf 81' lang='lat' dir='ltr'><strong>aratri</strong></span> <span class='ocrx_word' id='word_1_449' title='bbox 1353 4890 1502 4941; x_wconf 87' lang='lat' dir='ltr'><strong>eleomaelu&#39;i</strong></span> <span class='ocrx_word' id='word_1_450' title='bbox 1519 4893 1563 4943; x_wconf 82' lang='lat' dir='ltr'><strong>de-</strong></span> 
     </span>
     <span class='ocr_line' id='line_1_48' title="bbox 243 4959 1526 5030; baseline -0.002 -16"><span class='ocrx_word' id='word_1_451' title='bbox 243 4965 324 5026; x_wconf 79' lang='lat' dir='ltr'><strong>finitio</strong></span> <span class='ocrx_word' id='word_1_452' title='bbox 343 4963 452 5016; x_wconf 73' lang='lat' dir='ltr'><strong>cncidit.</strong></span> <span class='ocrx_word' id='word_1_453' title='bbox 477 4965 512 5028; x_wconf 83' lang='lat' dir='ltr'><strong>es.</strong></span> <span class='ocrx_word' id='word_1_454' title='bbox 532 4964 676 5030; x_wconf 83' lang='lat' dir='ltr'><strong>Hephaest.</strong></span> <span class='ocrx_word' id='word_1_455' title='bbox 696 4981 722 5030; x_wconf 89' lang='lat' dir='ltr'><strong>p.</strong></span> <span class='ocrx_word' id='word_1_456' title='bbox 744 4965 816 5024; x_wconf 55' lang='lat' dir='ltr'><strong>add</strong></span> <span class='ocrx_word' id='word_1_457' title='bbox 835 4963 914 5015; x_wconf 86' lang='lat' dir='ltr'><strong>schol.</strong></span> <span class='ocrx_word' id='word_1_458' title='bbox 935 4959 1078 5026; x_wconf 84' lang='lat' dir='ltr'><strong>Hephaest.</strong></span> <span class='ocrx_word' id='word_1_459' title='bbox 1096 4978 1123 5026; x_wconf 88' lang='lat' dir='ltr'><strong>p.</strong></span> <span class='ocrx_word' id='word_1_460' title='bbox 1145 4964 1202 5020; x_wconf 78' lang='grc'><strong>191,</strong></span> <span class='ocrx_word' id='word_1_461' title='bbox 1218 4963 1322 5011; x_wconf 67' lang='lat' dir='ltr'><strong>iti—25</strong></span> <span class='ocrx_word' id='word_1_462' title='bbox 1341 4961 1382 5012; x_wconf 88' lang='lat' dir='ltr'><strong>ed.</strong></span> <span class='ocrx_word' id='word_1_463' title='bbox 1407 4961 1526 5027; x_wconf 72' lang='lat' dir='ltr'><strong>il&#39;estpl.</strong></span> 
     </span>
    </p>
   </div>
   <div class='ocr_carea' id='block_1_10' title="bbox 0 0 1963 5564">
    <p class='ocr_par' dir='ltr' id='par_1_10' title="bbox 0 0 1963 5564">
     <span class='ocr_line' id='line_1_49' title="bbox 0 0 1963 5564; baseline 0 0"><span class='ocrx_word' id='word_1_464' title='bbox 0 0 1963 5564; x_wconf 95' lang='lat' dir='ltr'><strong> </strong></span> 
     </span>
    </p>
   </div>
  </div>
 </body>
</html>
