3866 5562
572 357 580 366 ’
635 387 745 438 conat.
770 373 1236 460 remunerantes-10
1359 433 1363 438 .
1536 371 1612 437 set
1629 365 1645 379 “

280 488 303 526 1».
318 476 377 518 orm.
390 477 402 517 ε
417 471 441 518 r.
1423 487 1445 526 p.
1459 476 1506 516 aso.
1521 475 1560 516 aar
1575 474 1604 517 a.
1623 501 1627 506 -

254 559 365 626 ,hules
388 572 518 628 metrum
542 585 577 628 ac
600 562 787 648 disciplinam
811 582 1000 646 graecarum,
1019 562 1245 628 comoediarum
1276 581 1336 625 non
1366 565 1543 637 custodisse,
1572 565 1601 626 id

279 673 324 728 εει
355 685 431 748 quas
458 667 623 732 Menander
645 669 804 732 Philemon
828 666 965 748 Diphilus
992 679 1023 731 et
1051 666 1344 745 ceteri-ediderunt.
1398 671 1493 730 nostri
1521 669 1601 731 eninr

278 770 309 831 in
342 768 531 834 nodutaodts
565 771 713 852 rhythmis
746 788 800 834 seu
830 773 936 832 metris
965 771 1075 833 reteris
1109 768 1281 848 comoediae
1316 771 1481 851 scriptores
1514 775 1600 853 sc'qui

279 869 463 946 maluerunt,
494 875 524 938 id
553 883 599 936 εει
626 873 755 956 Eupoliu
785 873 943 944 Cratinum
972 871 1213 954 Aristophanem.
1265 872 1408 954 prologos
1436 875 1536 955 itaque
1571 884 1601 947 et

210 1025 221 1038 .
251 994 264 1036 s
279 978 445 1055 primarum
458 983 639 1040 'scaenarum
659 975 665 1059 l
685 985 769 1053 actus
784 977 930 1039 trimetris
947 975 1255 1056 comprehenderunt,
1272 976 1379 1039 deiude
1398 975 1599 1055 longissimos,

215 1125 222 1132 .
277 1076 306 1138 id
341 1088 387 1141 est
422 1089 631 1152 tetrametros,
670 1072 886 1151 subdiderunt,
922 1081 973 1160 qui
1007 1079 1197 1161 appellamur
1232 1078 1379 1158 quadrati.
1437 1088 1541 1162 postea
1569 1081 1599 1142 iu

277 1182 474 1260 sequentibus
499 1185 704 1246 variaverunt:
730 1182 829 1246 modo
846 1183 925 1244 euim
951 1183 1114 1254 trimetros,
1138 1161 1227 1246 modo
1244 1183 1346 1244 addito
1369 1183 1535 1266 quadrante
1554 1183 1598 1245 rel

93 1299 97 1304 ·
198 1327 219 1364 .·
276 1289 402 1347 semisse
425 1297 610 1368 posuerunt,
639 1285 669 1348 id
694 1295 741 1350 est
769 1286 926 1367 semipede
955 1284 1073 1348 adiecto
1102 1284 1148 1346 vel
1170 1287 1288 1366 integro
1319 1287 1394 1368 pede
1421 1285 1521 1349 iambo
1553 1287 1598 1348 rel

276 1387 469 1469 sesquipede.
510 1389 597 1461 ,haec
627 1408 682 1471 per
719 1389 836 1452 medios
866 1399 951 1452 actus
981 1387 1078 1458 sarie:
1118 1405 1223 1452 rursus
1251 1393 1282 1452 in
1317 1387 1398 1452 exitu
1428 1388 1598 1452 tabularum

187 1549 195 1556 .
237 1491 446 1572 toquadratos,
476 1493 579 1574 quales
603 1493 732 1555 diximus
755 1492 939 1555 insecenda
963 1509 1081 1562 scaena
1112 1489 1296 1555 locaverunt.
1335 1492 1387 1554 scd
1411 1493 1501 1554 iidem
1524 1511 1598 1574 qua·

160 1657 167 1660 .
250 1593 352 1674 droti
376 1594 513 1675 legitimi,
538 1615 606 1660 cunr
631 1595 766 1658 sedecim
789 1594 911 1678 syllabis
934 1599 1015 1670 iuxta
1040 1583 1267 1676 lus'proprium
1291 1605 1432 1658 constare
1456 1595 1597 1668 debeant,

246 1776 251 1780 ,
275 1696 454 1778 plerumque
471 1701 665 1762 inveniuntur
682 1695 693 1781 ll
711 1701 816 1779 viginti
840 1710 891 1763 aut
914 1696 1045 1780 amplius
1059 1697 1253 1780 syllabarum.
1292 1699 1364 1762 hinc
1386 1701 1599 1764 existimantur

274 1811 404 1865 metrum
429 1821 489 1864 uon
513 1803 647 1864 tenuisse
670 1819 726 1864 noc
750 1819 805 1863 sua
829 1800 895 1882 lege
918 1803 1133 1884 coraposulsso.
1180 1800 1258 1884 quod
1283 1821 1354 1865 vero
1377 1805 1413 1866 ad
1438 1802 1597 1876 clausulas,

161 1975 165 1982 Δ
274 1905 304 1966 id
322 1917 367 1967 est
383 1906 552 1968 minuscula
570 1903 645 1976 cola,
670 1897 811 1994 pertinet,
837 1914 910 1983 quot
926 1923 1037 1985 genera
1056 1923 1195 1968 versuum
1211 1915 1290 1976 surrt,
1316 1907 1439 1969 totidem
1462 1909 1597 1972 membra

234 1998 331 2088 aspro'
360 2006 501 2086 clausulis
529 2007 600 2088 pom
630 2019 756 2089 possunt
786 2015 815 2068 et
843 2007 940 2070 solent
973 2008 1003 2070 ln
1034 2009 1161 2069 canticis
1195 2010 1289 2103 magis
1322 2027 1412 2091 quam
1443 2009 1595 2082 diverbiis,
1635 2091 1638 2096 Ι
1749 1995 1755 2002 ’

226 2189 233 2196 ¹
273 2128 348 2191 quae
373 2130 409 2172 cx
433 2113 580 2191 trimetro
598 2112 693 2191 magis
714 2109 898 2188 subsistunt,
927 2109 1085 2182 collocari,
1109 2119 1147 2172 et
1170 2113 1332 2192 praecipue
1356 2113 1433 2190 apud
1459 2111 1596 2176 Plautum

253 2211 303 2276 'et
327 2215 470 2278 Naevium
495 2221 524 2275 et
548 2215 729 2280 Afranium„
764 2232 832 2276 nam
855 2213 886 2275 hi
911 2217 1039 2278 maxime
1064 2233 1099 2274 cx
1123 2213 1263 2274 omnihus
1286 2213 1430 2276 memhris
1454 2233 1595 2279 versuum
1627 2213 1637 2224 “

161 2381 164 2386 ,
211 2299 215 2306 ’
273 2315 348 2380 εοΙίε
373 2317 410 2378 ab
434 2317 481 2380 bis
503 2320 655 2399 separatis·
675 2315 800 2398 licenter
824 2300 871 2380 usi
893 2319 1087 2398 reperiamur
1111 2317 1141 2378 in
1166 2315 1331 2379 clausulis’.

227 2492 235 2504 ⁹
358 2419 441 2482 ldem
467 2420 638 2484 Victorinus
661 2421 693 2482 in
716 2417 775 2481 alio
798 2417 865 2481 loco
894 2419 931 2490 de
961 2418 1059 2483 iambo
1083 2421 1126 2482 sic
1149 2420 1236 2490 dicit,
1269 2419 1473 2501 ‘improbatur
1495 2431 1594 2484 autem
1645 2449 1649 2457 ·

221 2535 260 2580 ‘ao
274 2523 353 2605 apud
369 2525 501 2603 tragicos
518 2541 620 2586 versus
644 2521 844 2591 exomnibus
868 2522 977 2586 iambis
1000 2523 1198 2605 compositus.
1238 2539 1306 2584 nam
1330 2542 1390 2604 quo
1406 2526 1444 2584 sit
1467 2523 1596 2604 amplior
1639 2601 1642 2608 Δ

273 2634 303 2688 ει
317 2609 381 2707 ’ρετ
403 2629 536 2706 tragicae
553 2621 703 2706 dignitati,
727 2622 1138 2708 interponuntirequemius
1162 2625 1234 2688 locis
1251 2611 1405 2688 dumtanat
1427 2622 1596 2708 imparibus

271 2728 382 2810 pedum
408 2711 748 2813 dactylicarummoras
777 2739 808 2791 et
830 2729 1009 2811 spondeum.
1061 2728 1198 2790 similiter
1227 2727 1305 2811 apud
1337 2731 1470 2792 comicos
1499 2731 1594 2794 laxius

271 2819 526 2913 spectandorum
550 2843 606 2894 est.
646 2849 714 2894 nam
739 2841 769 2894 et
784 2831 828 2894 illi
852 2833 925 2902 loca,
951 2849 1029 2911 quae
1051 2821 1293 2912 propria'iambo
1317 2831 1476 2903 debentur,
1502 2852 1595 2916 spon·
1649 2851 1654 2860 ·

271 2934 337 3024 deis
360 2945 514 3015 occupant
532 2933 710 3018 dactyloque
734 2946 764 2997 et
792 2945 955 3016 anapaesto
978 2935 1052 2998 locis
1076 2934 1210 3016 adaeque
1239 2933 1422 3016 disparibus.
1459 2939 1498 2998 ita
1524 2938 1593 3000 dum

164 3023 192 3064 ²
233 3035 454 3103 meotidionum
477 3049 647 3100 sermonem
664 3040 777 3100 imitari
802 3039 948 3108 nituntur,
973 3048 1068 3102 metra
1093 3037 1324 3107 vitiantstudio,
1349 3057 1408 3101 non
1432 3040 1593 3120 imperitia,

271 3140 350 3223 quod
372 3129 576 3223 ‘frequentius
606 3140 685 3222 apud
716 3149 836 3204 nostros
865 3161 959 3224 quam
985 3141 1118 3204 Graecos
1148 3141 1293 3202 invenies.
1344 3145 1457 3220 genera
1494 3154 1592 3206 autem

272 3243 393 3305 iambici
417 3245 506 3305 metri
529 3252 599 3305 sunt
622 3243 691 3305 duo.
739 3261 807 3306 nam
832 3263 866 3307 ex
898 3245 946 3308 his
970 3243 1026 3306 alia
1050 3245 1177 3324 integra,
1203 3243 1258 3306 alia
1282 3243 1397 3314 clauda,
1426 3263 1503 3325 quae
1527 3225 1592 3308 sca·

270 3349 356 3409 zunta
381 3365 433 3409 sau
456 3345 625 3410 choliamba
651 3356 766 3419 rocam,
790 3346 990 3420 inducuntur,
1009 3349 1151 3430 'quorum
1176 3346 1377 3409 dilieremiam
1406 3347 1592 3428 paenultima

184 3521 193 3526 ‚
270 3467 376 3513 versus
405 3449 518 3530 syllaba
548 3449 777 3514 demonstrabit.
831 3469 900 3514 naor
929 3451 955 3530 si
984 3439 1085 3513 brevis
1113 3451 1292 3530 oorrtigerit,
1328 3451 1386 3530 erit
1414 3461 1532 3514 rectum
1564 3465 1593 3514 et

229 3553 421 3632 reintegrum
445 3552 605 3617 iambicum
629 3557 678 3625 ita,

339 3765 373 3863 iii
390 3810 460 3862 Idem
479 3809 629 3861 Victorinus
647 3813 690 3873 80,
709 3815 744 3862 27

341 4056 354 4105 1
374 4046 510 4122 grecorum
537 4067 588 4103 rrou
611 4053 759 4106 custodisse
777 4054 801 4103 icl
826 4067 866 4104 ast
888 4053 1029 4105 menander
1048 4052 1089 4105 li.
1174 4057 1190 4106 8
1209 4051 1333 4120 integral
1345 4055 1451 4121 intregro
1471 4054 1521 4106 Ait

270 4137 524 4209 linctus]laetusll
596 4138 777 4190 llisedidcm
792 4138 870 4190 Aah
942 4142 972 4190 12
992 4138 1339 4207 irinc-ld'composniasc
1352 4141 1435 4194 omli
1499 4142 1590 4194 existi·

269 4237 373 4277 tuantur
385 4239 402 4283 ς
419 4226 589 4276 aestirnautur
601 4224 653 4276 AB
672 4227 824 4277 aestimetur
836 4225 895 4277 libri
911 4225 1041 4276 Victorini
1111 4227 1143 4276 13
1156 4210 1195 4277 'od
1208 4221 1353 4293 clausulas]
1366 4237 1411 4276 aret
1423 4225 1553 4278 clausulas
1568 4230 1590 4279 li
1614 4247 1617 4252 ·

323 4313 354 4362 ld
372 4311 399 4362 ld
417 4321 457 4362 est
474 4310 676 4370 minusculaBs
694 4321 720 4364 et
736 4312 798 4364 libri
819 4311 949 4363 Victorini
966 4310 992 4362 id
1011 4321 1051 4362 est
1069 4309 1102 4360 ad
1122 4311 1266 4362 minuscula
1280 4313 1330 4364 Ali
1348 4314 1410 4363 Aac.
1482 4313 1588 4364 totidem

251 4396 493 4448 ,corunrmembm
515 4381 663 4448 Victoribus
760 4401 792 4450 15
811 4393 869 4464 pro]
888 4397 976 4464 perIt
1063 4397 1185 4448 diverbiis
1206 4400 1267 4449 Alci.
1287 4398 1416 4448 deuerbiis
1439 4398 1504 4450 Vera.
1525 4400 1618 4452 Aac.'

267 4484 389 4534 deaerbis
409 4479 486 4533 aaa
557 4483 588 4532 16
606 4483 752 4534 subsistunt
770 4485 794 4534 Α
814 4484 935 4543 subsistit
952 4499 1021 4536 corr.
1042 4509 1073 4519 -
1093 4495 1165 4533 stunt
1183 4482 1209 4533 B
1227 4483 1411 4534 subsistantll
1486 4486 1516 4534 tt
1537 4483 1589 4535 ire·

268 4571 389 4634 quentiae
408 4557 437 4618 ln'
453 4567 517 4619 locis
541 4565 690 4618 Victorinus
759 4571 792 4620 22
811 4569 882 4636 opud
901 4570 1015 4619 comicos
1034 4567 1121 4619 laxius
1140 4569 1255 4634 spatium
1276 4569 1347 4636 aprrd
1366 4569 1480 4620 cornices·
1499 4569 1587 4619 datum
1654 4617 1658 4624 ,

269 4668 309 4718 cst
328 4657 377 4708 Ait
395 4654 467 4723 apud
484 4655 598 4704 comicos
612 4652 696 4720 laxius
715 4657 829 4720 epatium
844 4655 961 4706 versibus
979 4653 1068 4704 dotcrm
1089 4667 1128 4704 est
1144 4654 1294 4705 mecoenas
1328 4699 1334 4706 .
1364 4656 1396 4706 ‘23
1415 4654 1451 4704 illi
1470 4653 1526 4705 loca
1539 4655 1589 4707 Ait

169 4731 170 4734 ¹
267 4741 304 4792 illi
323 4741 380 4792 loco
400 4741 425 4793 B
477 4785 480 4790 .
530 4741 637 4808 propria
655 4741 779 4791 debentur
798 4741 884 4792 ienrho
903 4741 929 4791 B
951 4727 1058 4808 proprie
1076 4739 1204 4790 debentur
1223 4740 1314 4790 iambis
1334 4753 1351 4797 ς
1373 4742 1478 4808 proprio
1502 4741 1587 4791 lambo

135 4823 148 4898 ⁸.
200 4891 202 4894 Ι
268 4826 393 4878 debentur
411 4831 474 4880 Asc.
546 4830 579 4880 26
598 4828 668 4892 quod
688 4828 712 4878 iu
733 4825 893 4890 frequentius
913 4829 938 4878 Α
1009 4842 1086 4890 quam
1106 4826 1176 4893 apud
1195 4840 1303 4892 graccos
1323 4825 1367 4883 Βς
1441 4828 1474 4878 27
1494 4841 1526 4877 ex
1545 4826 1586 4878 his

269 4911 345 4963 B‘ex
364 4915 386 4964 is
405 4913 429 4966 it
446 4929 478 4966 ax
497 4915 529 4966 iis
549 4917 574 4968 A
645 4914 678 4978 28
697 4930 743 4965 sau
763 4912 812 4964 Bli
829 4915 886 4964 siue
906 4915 929 4963 A
1000 4907 1170 4988 inducuntur]
1190 4923 1251 4963 sunt
1270 4924 1286 4968 ς
