3904 5556
828 369 1030 418 PRAEFATIO
1502 371 1564 419 xxi

240 546 325 623 prius
358 543 396 604 de
430 545 563 606 rromiue·
583 547 694 607 ordine
725 547 901 606 litterarum
936 542 1087 609 usualium
1123 547 1283 608 obscurante
1318 546 1426 608 dcirtcte
1456 549 1567 609 addita

243 639 431 710 consonante.
486 649 512 709 A
544 651 724 718 terminatus
756 643 798 728 (p.
833 643 913 717 231,
947 646 981 727 4)
1013 685 1054 696 -
1084 649 1278 712 obseruanda
1306 659 1385 710 sunl.
1438 654 1567 727 explicit

244 747 284 832 (p.
306 746 379 818 239,
405 747 473 832 l'l):
500 751 538 813 ci.
562 769 687 830 grumos.
711 750 762 812 lot.
788 769 815 811 r.
841 749 877 810 iV
901 771 928 832 p.
947 751 1020 813 xtt.
1060 753 1154 814 codex
1179 752 1331 814 Palatinus
1358 749 1449 820 1753.
1475 769 1566 832 qrrern

244 871 331 932 seqre
356 851 503 936 descripsi
513 904 523 925 ,,
551 853 660 916 iibcuns
685 853 722 916 de
746 851 887 916 linuiibus
911 863 1077 918 metrorum
1108 857 1295 938 praescripto
1320 855 1419 936 Sergii
1444 857 1566 918 nomine

243 955 372 1019 nmmo
794 967 800 972 '

265 1080 268 1084 ·
325 1059 367 1124 Ex
406 1059 530 1143 reliquis
563 1060 735 1128 codicibus,
770 1081 848 1144 quos
880 1063 983 1142 parteis
1013 1063 1089 1126 iocis
1121 1066 1368 1135 commemoravi,
1404 1073 1566 1145 utrumque

242 1163 348 1226 iibcunr
384 1165 540 1227 continent
572 1165 648 1238 tirso,
691 1166 846 1227 Parisinus
879 1163 962 1228 ttnt
996 1185 1074 1230 saec..
1109 1167 1134 1229 X
1171 1169 1286 1246 Incipit
1317 1172 1566 1230 cotnnrentariuae

241 1272 367 1330 nranimi
395 1270 541 1330 trictorini
568 1272 749 1332 iteratione
772 1277 946 1332 metrorum.
994 1272 1099 1332 Primo
1122 1271 1160 1331 cle
1187 1273 1296 1332 litteris
1317 1281 1347 1332 et
1370 1273 1408 1332 cie
1429 1272 1564 1351 syllabis.

241 1373 464 1448 liquentes-
487 1382 643 1436 exerceat.
682 1374 798 1450 Incimt
819 1377 981 1435 mercorius
1005 1376 1043 1436 de
1063 1357 1124 1436 nie?
1146 1377 1275 1435 ratione.
1323 1373 1509 1451 Quamquam
1527 1407 1568 1420 -

241 1479 383 1546 meliboei,
409 1485 439 1536 et
461 1477 618 1538 Parisinus
642 1473 739 1556 suppl.
761 1473 806 1556 ¹69
831 1496 909 1542 suec.
934 1477 973 1538 xt
996 1476 1250 1540 Commentariun
1273 1479 1404 1539 maximi
1424 1480 1570 1540 uictorini

241 1582 279 1641 de
299 1583 422 1642 ratione
443 1589 617 1641 metrorum.
660 1584 766 1658 priam
795 1583 834 1642 cie
861 1583 968 1644 litteris
994 1589 1024 1642 et
1051 1581 1188 1661 syllabis.
1235 1582 1398 1658 liquentes
1419 1617 1461 1626 -
1484 1585 1568 1644 cultra

241 1702 312 1744 caru
343 1685 471 1759 exolicit
494 1687 626 1745 uictoriri
649 1687 756 1762 incinit
778 1689 941 1747 metrorius
956 1671 1180 1747 maximinum.⁵
1200 1685 1389 1761 Otcctmquum
1406 1718 1445 1729 -
1462 1694 1569 1762 qrutent

241 1797 272 1847 ut
293 1803 377 1848 naun
392 1787 462 1848 ben.
493 1791 631 1865 explicit.
664 1777 964 1869 rnaxirnumpurtem
989 1788 1059 1850 iibri
1084 1788 1121 1850 de
1145 1786 1286 1849 fictilibus
1310 1788 1422 1868 omisso
1446 1791 1567 1848 nomino

242 1891 373 1951 nrrctocis
403 1908 471 1950 cunr
504 1901 568 1953 erte
594 1889 886 1953 uanatieontusuo
911 1891 1023 1952 liabent
1054 1891 1147 1953 codex
1172 1890 1377 1970 Ssugoiiensis
1401 1886 1464 1952 816
1488 1909 1566 1952 saec.

241 1992 278 2054 iX
302 2002 333 2054 et
354 1992 521 2055 bernensis
544 1991 607 2056 rot
631 2012 710 2055 saec.
730 1993 765 2054 tx
790 1994 835 2056 vel
858 1995 893 2064 X.
919 2013 935 2055 o
959 1995 1069 2075 quibus
1092 1995 1276 2056 Beruensenr
1295 1993 1436 2073 ilsgenus
1461 1994 1567 2060 anecd.

241 2095 354 2172 iiciret.
379 2114 408 2173 p.
431 2095 483 2158 XV
506 2103 647 2160 accurate
677 2097 840 2179 descripsit
869 2107 896 2157 et
927 2099 957 2158 in
987 2097 1044 2159 troc
1076 2097 1154 2158 iibro
1185 2117 1253 2160 curu
1278 2096 1411 2160 Putscirii
1436 2096 1567 2157 editione

241 2199 378 2261 contuiit.
423 2199 564 2262 similiter
593 2203 622 2261 in
652 2201 817 2261 Lmuntino
848 2201 967 2271 codice,
999 2203 1035 2263 de
1065 2219 1124 2282 quo
1156 2201 1217 2262 disi
1246 2219 1372 2280 grunius.
1404 2199 1453 2261 iot.
1478 2219 1504 2260 r.
1531 2199 1567 2261 tt

241 2323 266 2384 qs.
286 2302 389 2377 ΧΗΧ,
414 2303 508 2382 prior
522 2322 591 2384 pars
615 2302 705 2366 iterius
722 2307 931 2366 commentarii
948 2307 977 2364 in
996 2302 1221 2385 exquisiistiones
1245 2307 1274 2365 in
1292 2305 1440 2366 Donattun
1458 2323 1486 2384 p.
1505 2299 1569 2364 522

241 2415 363 2486 recepta
397 2415 455 2474 est.
492 2409 643 2487 posterior
679 2407 720 2469 ib.
750 2427 780 2488 p.
809 2403 885 2469 562.
936 2410 1173 2469 commentarius
1208 2407 1245 2468 de
1280 2409 1417 2470 caesuris
1447 2424 1475 2485 p.
1506 2403 1571 2467 240

169 2517 175 2530 '
241 2511 363 2570 nornine
387 2510 536 2573 Victorini
559 2513 723 2591 inscriptus
746 2510 856 2590 iegitur
880 2513 910 2572 iu
934 2509 1040 2572 codice
1065 2508 1213 2572 Beruensi
1237 2507 1300 2573 338
1324 2528 1403 2572 saec.
1429 2507 1467 2570 tx
1490 2509 1509 2569 i.
1530 2503 1568 2570 16

191 2629 197 2638 ·
242 2621 310 2694 post
333 2607 422 2694 Cupri
446 2623 606 2676 tractatum
632 2613 669 2676 de
687 2613 785 2676 serbis
802 2606 916 2685 dubiis·
936 2615 982 2675 De
996 2618 1113 2676 cesnris
1128 2617 1210 2676 ratio
1227 2611 1380 2676 uictorini.
1415 2613 1569 2675 Caesetius

238 2724 375 2778 sunl-
397 2717 543 2780 meliboei.
1102 2779 1107 2787 ,
1260 2799 1263 2804 Δ
1552 2733 1555 2740 “

329 2819 388 2881 Sed
412 2831 535 2902 praeter
559 2821 614 2883 hos
636 2823 757 2883 codices
781 2841 857 2902 quos
881 2822 941 2884 dixi
968 2832 997 2882 et
1020 2819 1093 2882 aiios
1116 2821 1253 2882 eiusdem
1277 2821 1340 2882 iere
1364 2821 1470 2882 acturis
1487 2803 1567 2880 conr·

240 2921 361 3005 piures,
394 2943 470 3004 qtros
499 2927 708 3004 praetermisi.
741 2941 869 3004 magnus
897 2943 1041 2987 numerus
1072 2935 1116 2987 est
1145 2913 1282 2986 codicum
1314 2926 1419 3005 qllinto
1450 2921 1568 2983 decimo
1630 2925 1635 2930 '

241 3024 365 3089 saec-ulo
389 3029 590 3109 scriptorum,
614 3029 643 3088 iu
669 3027 777 3108 quibus
802 3028 981 3110 pierruoque
1006 3029 1034 3090 iri
1060 3029 1118 3090 dno
1141 3027 1212 3090 iibri
1238 3029 1276 3086 itu
1302 3028 1407 3107 scripti
1432 3037 1511 3097 sunt,
1539 3035 1570 3086 ut

241 3133 345 3212 priore
371 3128 437 3190 ioco
461 3129 539 3191 iiber
562 3129 599 3192 de
623 3133 743 3193 cutione
766 3142 948 3200 metrorum,
980 3134 1146 3212 posteriore
1177 3131 1251 3190 niter
1281 3130 1317 3190 do
1348 3126 1487 3191 finalibus
1516 3147 1569 3210 po·
1625 3155 1628 3162 ·

241 3242 345 3303 natur,
382 3243 415 3294 ut
450 3234 480 3293 in
517 3231 716 3296 ambrosiano
751 3235 778 3296 bi
813 3231 855 3296 69
892 3234 1117 3297 Gemestarium
1152 3236 1316 3319 munimini
1354 3219 1499 3295 uictorini
1533 3233 1571 3292 cle

239 3341 360 3398 ratione
387 3347 550 3399 metrorum
576 3343 681 3416 primu
711 3340 748 3399 tle
776 3342 886 3400 titteris
914 3349 942 3400 et
968 3341 1102 3417 syllabis.
1155 3338 1315 3415 liquentes
1336 3369 1379 3381 -
1404 3339 1571 3397 uictorinus

239 3443 318 3506 init.
363 3439 475 3518 inscipit
496 3445 658 3502 metrorius
680 3445 875 3506 maximinus.
907 3439 1089 3518 'Quicmquum
1113 3459 1189 3522 sqq..
1215 3451 1246 3502 et·
1266 3444 1296 3501 in
1321 3439 1463 3500 Vrbinate.
1488 3435 1569 3500 1151

241 3545 498 3606 Commentariun
528 3545 663 3606 tiiaximi
697 3547 848 3607 Victorini
866 3531 913 3607 ¹li'e
938 3549 1060 3606 ratione
1092 3554 1267 3606 castrorum.
1314 3543 1477 3620 liquentes
1504 3557 1569 3622 sun.

208 3722 211 3727 ι
241 3649 349 3724 nimpi!
378 3648 549 3708 rilelrorius
581 3650 781 3710 eiluximinns.
831 3635 1010 3725 Ortuaquarn
1036 3663 1124 3729 sqq:
1149 3651 1249 3709 cucins
1278 3650 1333 3717 itu,
1363 3655 1396 3707 ut
1425 3644 1503 3705 iiber·
1533 3643 1570 3702 de.
1651 3637 1652 3642 ’

241 3750 381 3812 irnuiibns
404 3751 562 3811 antecedet
586 3770 654 3812 euin
679 3753 729 3832 qui
753 3759 798 3812 est
821 3750 858 3812 de
883 3753 999 3812 ratione
1023 3760 1201 3818 metrorum,
1227 3759 1259 3810 ut
1281 3751 1313 3810 in
1338 3747 1480 3810 Vrbinste
1503 3742 1568 3806 452

200 3859 202 3864 '
243 3855 411 3916 :iletrorins
426 3855 620 3916 Maximinus
643 3856 680 3916 de
701 3855 834 3934 syllabis.
867 3855 928 3916 Seri
941 3872 982 3916 en
997 3838 1155 3916 runcalibus
1171 3873 1235 3934 sqq.
1254 3851 1299 3934 (p.
1317 3849 1389 3922 229,
1415 3847 1447 3929 8)
1467 3851 1571 3912 alluxi·

240 3960 341 4018 minus
363 3959 536 4018 Victorinus
557 3955 596 4019 cle
617 3959 737 4020 ratione
759 3968 935 4020 metrorum.
966 3955 1153 4020 Coniunctus
1176 3975 1239 4036 sqq.
1257 3963 1297 4036 (p.
1315 3951 1388 4024 218,
1412 3953 1458 4035 t),
1483 3961 1513 4014 et
1536 3955 1567 4012 in

87 4039 88 4043 ¹
138 4125 141 4128 ,
241 4057 385 4120 iisticuno
410 4055 488 4121 1491
520 4061 694 4122 Metrorius.
736 4061 924 4138 Quamquam
948 4079 1012 4142 sqq.
1039 4063 1199 4124 ilarionis
1223 4061 1405 4121 Victorinus.
1439 4057 1570 4133 Liquen-

241 4171 287 4224 les
314 4181 380 4244 sqq.
410 4161 491 4242 quod
521 4179 617 4239 genos
650 4162 798 4225 librorum
829 4174 991 4244 propterea
1022 4163 1269 4230 consummissi,
1302 4161 1381 4240 quod
1412 4160 1458 4222 his
1481 4159 1571 4241 priori

150 4253 151 4257 ¹
242 4264 374 4326 editores
397 4268 445 4327 usi
470 4276 552 4327 sunt.

328 4367 464 4429 Primum
489 4359 589 4430 auteur
614 4367 645 4430 hi
669 4369 730 4431 duo
754 4367 823 4431 iibri
854 4367 924 4430 editi
954 4379 1024 4430 strat
1048 4367 1208 4430 Mediolani
1233 4387 1257 4431 a.
1284 4363 1366 4429 1413
1390 4365 1447 4426 hoo
1471 4364 1568 4432 titulo.

203 4517 206 4522 Α
244 4471 499 4533 commentarium
534 4475 671 4534 illexisti
707 4470 861 4534 Victorini
899 4473 937 4532 tle
975 4477 1096 4533 ratione
1136 4481 1299 4534 metrorum
1339 4479 1368 4530 et
1402 4470 1572 4530 illelrocius

245 4577 401 4638 ailwinus
425 4576 464 4634 de
486 4577 596 4636 litteris
617 4584 647 4636 et
668 4577 708 4635 de
729 4577 870 4655 sqliccbis:
895 4573 931 4636 ci.
957 4593 1082 4654 grunnit.
1108 4571 1156 4636 lat.
1183 4593 1209 4636 v.
1232 4573 1266 4636 iil
1284 4593 1310 4652 q.
1328 4569 1427 4632 xttv.
1467 4583 1570 4652 postea

150 4729 153 4737 .
243 4677 330 4740 lenus
358 4676 542 4740 Parrhasius
572 4687 735 4760 utrumque
763 4678 883 4740 ilssinri
913 4678 1058 4738 Victorini
1090 4681 1213 4738 tronrins
1247 4677 1425 4752 inscriptum
1456 4684 1570 4736 rnututo

247 4781 350 4843 ordine
373 4777 526 4842 libroruin
550 4783 691 4862 repetivit
715 4779 874 4843 Mediolani
899 4791 924 4841 s'.
952 4777 1035 4842 1504
1058 4777 1112 4862 (ib.
1132 4800 1158 4860 p,
1176 4777 1239 4858 tx).
1266 4780 1399 4838 :ilctuimi
1426 4781 1573 4838 Victorini

245 4887 493 4946 caementarium
515 4886 681 4946 secundnm
705 4885 743 4945 cle
762 4885 907 4956 filialibus
929 4893 1103 4947 metrorum.
1145 4883 1333 4956 braumqnum
1357 4900 1434 4962 sqq„
1461 4879 1571 4942 deinde
