3904 5556
720 419 722 424 ,
836 379 1037 434 ensnrsmo
1066 391 1070 396 -
1120 431 1122 436 ,
1530 381 1603 447 ,ω

273 549 594 636 εει-(ρ.105.4)
625 543 738 633 coliipi'
753 565 883 634 possunt
912 555 1087 618 coniunctio
1116 560 1247 634 simplem
1275 563 1308 618 ut
1334 559 1362 616 si
1388 567 1416 616 et
1438 561 1605 636 composito

273 663 315 720 itu
337 661 394 720 etsi
413 659 469 720 sed
489 661 622 737 simplex
643 661 830 736 producitur
851 661 1015 736 compositu
1038 678 1105 721 curn
1122 660 1284 737 porticulo
1300 658 1422 734 peridem
1438 662 1607 740 corripitur

273 770 304 824 ut
330 762 486 839 siqnidem.
534 762 672 840 Explicit
699 763 781 823 liber
812 762 969 824 Victorini.
1017 763 1062 823 be
1090 771 1248 824 cccccccccc
1274 765 1339 824 siue
1367 763 1492 824 lteroieo
1515 781 1606 838 uersu

272 900 314 912 —
328 883 576 942 exsequeremur.
609 867 745 948 seqnitur
769 863 878 927 deinde
895 862 1014 926 iibeiius
1039 865 1075 926 de
1099 863 1237 928 ssnssiibus
1253 873 1420 926 metrorum
1438 883 1506 926 cuns
1523 884 1605 931 com·
1705 861 1708 870 ’

192 1039 196 1046 ,
274 969 420 1030 menum)
443 967 482 1028 de
506 970 640 1030 caesuris
664 972 694 1028 in
712 969 770 1030 tine
787 968 900 1031 codicis
923 966 1070 1040 mutilato,
1094 970 1209 1047 Incipit
1232 970 1270 1030 cle
1289 970 1435 1042 finalibus
1456 971 1604 1031 metrorii.

275 1071 455 1148 Ouoscquum
480 1105 512 1116 —
543 1081 577 1134 ui
599 1089 698 1138 ortuo.

357 1173 493 1238 Libellus
516 1176 553 1238 de
577 1183 646 1252 acte
669 1167 866 1254 grammatica
895 1173 1007 1255 iegitur
1030 1177 1061 1238 in
1092 1175 1197 1237 codice
1221 1175 1410 1256 Sangaiiensi
1434 1171 1497 1239 877
1517 1193 1602 1237 nono

275 1278 318 1338 aci
342 1277 460 1341 deciano
484 1277 606 1341 saeculo
629 1279 751 1359 scripto,
777 1279 794 1338 i.
818 1277 831 1340 l
856 1279 894 1341 in
918 1281 1037 1340 tiomine
1060 1279 1111 1340 elei
1131 1283 1241 1340 sccmmi
1261 1282 1370 1358 incipit
1391 1297 1445 1340 urs
1460 1277 1607 1342 uictorem·

272 1385 472 1460 prommotici.
500 1387 559 1444 Ars
575 1383 650 1458 qiud
672 1389 769 1442 est-
788 1383 900 1458 collepi
917 1391 1055 1460 possunt.
1081 1385 1151 1456 tinit
1173 1399 1226 1443 ors
1249 1387 1389 1444 victorini
1407 1387 1607 1458 prommotici

274 1489 312 1549 cie
338 1484 487 1560 onolooc'n
515 1503 553 1546 oc
582 1487 621 1546 tle
648 1486 838 1547 concionibus
867 1484 896 1562 (Ι.
922 1502 960 1546 uc
989 1487 1195 1564 divisionibus)
1222 1489 1292 1546 tuiis
1320 1487 1377 1547 deo
1403 1488 1542 1562 prolium
1573 1495 1603 1548 ct

274 1605 333 1652 non
362 1587 465 1650 addito
495 1590 617 1650 nunninae
647 1589 835 1668 grammatici
866 1589 895 1647 in
927 1587 1032 1649 codice
1063 1587 1224 1668 Reginensi
1253 1583 1601 1662 canescentem

274 1695 357 1755 Artis
369 1695 594 1767 prommoticoe
609 1696 737 1756 initium.
769 1697 828 1754 Ars
850 1691 1037 1768 quidest-
1055 1694 1170 1768 collcpi
1185 1701 1326 1772 possunt.
1365 1690 1485 1754 iibeiius
1501 1701 1601 1777 autem

273 1795 309 1858 de
343 1795 450 1856 metris
481 1801 511 1856 et
543 1794 720 1856 hexametro
755 1811 844 1856 versu
878 1796 910 1856 in
945 1793 1049 1857 codice
1085 1793 1221 1858 Parisino
1253 1790 1339 1858 7559
1370 1813 1448 1857 sanc.
1476 1794 1503 1860 X
1532 1805 1601 1877 post

274 1898 391 1961 Phocea
420 1907 515 1960 artem
546 1898 772 1975 grammaticam
803 1899 935 1979 scriptus
965 1905 1010 1958 est
1039 1897 1096 1968 ita,
1132 1897 1248 1976 Incipit
1276 1915 1331 1960 ors
1359 1899 1537 1962 Polemonis
1565 1899 1604 1960 de

271 2005 398 2064 metrico
418 1997 605 2063 institutione
634 2001 673 2062 de
699 2009 858 2062 exametro
891 2017 984 2062 uersu
1007 2017 1060 2062 seu
1083 2001 1216 2063 lteroico.
1240 2001 1373 2063 Metrum
1397 2001 1538 2080 quidest
1562 2036 1601 2047 -

271 2107 309 2168 de
323 2109 432 2168 ceteris
455 2120 529 2166 uero
550 2120 604 2166 suo
626 2105 701 2167 ioco.
733 2105 851 2182 Incipit
873 2106 911 2166 tie
926 2107 1049 2166 cesuais.
1082 2105 1194 2168 Cesme
1216 2121 1357 2166 uersuum
1379 2112 1450 2167 sient
1472 2105 1547 2168 llil
1562 2138 1601 2150 -

269 2192 359 2286 preci
387 2225 463 2270 uero
493 2210 566 2283 quio
598 2211 737 2284 peminos
766 2209 889 2283 feriunt
923 2209 1078 2269 trimetros
1107 2209 1223 2268 dicunt.
1257 2209 1337 2282 linit.
1365 2210 1495 2286 explicit
1527 2209 1604 2270 iiber

272 2311 450 2374 Polemonis
477 2312 515 2372 tie
541 2313 670 2374 metrico
697 2313 891 2373 institutione.
938 2311 1156 2372 commentario
1185 2310 1222 2372 da
1250 2311 1384 2372 caesuris
1408 2311 1508 2372 addita
1532 2318 1602 2374 suist

272 2415 420 2498 quaedam
457 2412 494 2474 de
524 2415 629 2475 metris
660 2413 775 2493 (script.
812 2412 862 2474 iat.
892 2413 937 2474 rei
973 2422 1061 2474 metr.
1092 2412 1140 2475 ed.
1173 2411 1264 2475 Gaisi.
1295 2431 1324 2494 p.
1353 2409 1536 2490 oto-584)
1565 2433 1600 2476 ex

272 2516 387 2580 isidoro
422 2514 564 2578 coliecta:
598 2518 737 2598 sequitur
768 2515 879 2578 deinde
913 2515 1033 2578 iicuini
1066 2533 1123 2580 ars.
1173 2526 1331 2597 praeterea
1367 2518 1496 2578 maxima
1531 2535 1602 2599 pars

272 2622 430 2702 utriusque
453 2619 669 2700 iibri-recepta
700 2628 745 2681 est
774 2621 806 2681 in
836 2628 978 2699 excerpta
1001 2608 1130 2682 iudaeis
1160 2619 1363 2700 grammatici,
1393 2607 1462 2682 cum
1490 2620 1602 2703 quibus

272 2725 423 2804 excerptis
448 2721 512 2784 iere
540 2723 735 2785 consentiunt
763 2741 875 2804 pauca,
905 2741 982 2804 (puae
1013 2740 1028 2783 s
1058 2721 1165 2785 codice
1193 2722 1419 2785 vindobonensi
1449 2719 1498 2792 16,
1529 2723 1600 2786 oiim

272 2827 425 2898 bobiensi,
451 2825 471 2888 i.
488 2821 636 2888 55⁸-56
660 2827 689 2887 in
714 2825 859 2888 analectis
875 2825 1081 2904 grammaticis
1098 2825 1384 2889 Vinsiobonensibus
1408 2846 1436 2908 p.
1455 2821 1518 2889 199
1533 2843 1600 2909 sqq.

270 2931 351 2994 edita
380 2937 468 3000 sunt,
497 2929 615 2990 Littera
643 2931 719 3006 quid
744 2937 852 2991 est-
875 2931 954 2991 allec
980 2939 1076 3008 caput
1099 2930 1136 3008 (p.
1164 2926 1235 2999 194,
1263 2927 1421 2999 10-196,
1448 2927 1508 3008 17).
1554 2933 1600 2993 iu·

270 3035 345 3113 cipit
367 3021 446 3096 liber
461 3033 635 3095 Polemonis
657 3034 695 3094 de
718 3041 796 3094 orte.
825 3033 886 3094 Ars
908 3034 985 3110 qnid
1005 3041 1050 3094 est
1068 3065 1102 3077 -
1120 3032 1298 3104 funambuli
1314 3033 1352 3113 (p.
1373 3029 1444 3104 187,
1467 3027 1599 3113 2-15).

359 3135 491 3218 Vterque
519 3133 598 3198 iiber
628 3137 658 3198 in
689 3135 820 3197 editione
852 3132 1016 3196 iiasiieensi
1045 3155 1071 3196 a.
1105 3130 1186 3198 1527
1218 3155 1234 3196 e
1264 3133 1368 3198 codice
1398 3134 1597 3207 iiurbacensi,

271 3259 359 3323 spuens
389 3239 517 3301 ioannes
547 3237 713 3320 sichardus
744 3235 938 3318 praebuerat,
973 3237 1103 3319 primum
1140 3215 1238 3301 editus
1271 3246 1301 3299 et
1337 3237 1424 3300 biarii
1455 3239 1600 3301 Victorini

272 3347 395 3408 nomine
423 3343 588 3424 inscriptus
616 3351 676 3412 est,
708 3341 803 3404 torma
833 3351 932 3403 tamen
962 3339 999 3402 ab
1030 3359 1064 3402 ea
1094 3359 1171 3424 qtsae
1201 3343 1230 3403 in
1255 3338 1342 3402 libris
1365 3359 1455 3402 mann
1478 3343 1599 3426 scriptis
1688 3321 1694 3335 ¹

273 3447 403 3510 habetur
425 3445 511 3508 vaide
535 3445 663 3511 diversa.
709 3463 778 3507 nam
808 3461 868 3506 non
897 3444 994 3506 soium
1022 3444 1314 3524 interrogationibus
1338 3453 1366 3506 et
1395 3446 1598 3523 responsioni·

272 3551 336 3620 isus,
362 3547 473 3628 quibus
496 3545 709 3628 grammaticus
733 3566 806 3610 usus
830 3556 902 3617 erat,
929 3551 1054 3609 cernatis
1070 3549 1170 3610 oninia
1192 3549 1222 3608 in
1240 3549 1412 3609 coistinnam
1430 3549 1596 3610 orationem

271 3654 427 3723 translata,
452 3651 504 3714 sod
530 3661 688 3731 praeterea
714 3655 804 3714 etiam
830 3649 960 3732 piurima
985 3659 1097 3712 mutata
1122 3659 1200 3712 surii.
1234 3667 1333 3728 nentia
1350 3649 1480 3711 dubitari
1499 3662 1599 3732 potest
1641 3637 1644 3644 ’
1757 3639 1761 3646 ’

270 3759 343 3838 (puin
373 3755 474 3818 studio
505 3757 647 3832 edituris,
682 3773 741 3816 non
772 3755 945 3818 auctoritati
975 3753 1103 3825 codicis,
1133 3773 1193 3834 quo
1217 3771 1289 3815 usus
1313 3758 1397 3824 erat,¹
1425 3752 1497 3816 isaeo
1522 3773 1597 3816 nora

271 3859 442 3921 tibeiiorum
466 3859 564 3920 torma
586 3857 748 3921 tribuenda
773 3859 821 3921 sit.
865 3853 1069 3920 Basiieensem
1094 3857 1260 3919 editionem
1285 3867 1425 3918 accurato
1449 3859 1599 3938 expressit

272 3960 448 4033 Vutschius,
479 3963 531 4043 qui
560 3961 676 4042 primns
706 3961 825 4024 Maximi
856 3961 1000 4023 Victorini
1031 3979 1154 4031 nomen,
1185 3979 1244 4042 quo
1274 3960 1383 4022 deinde
1412 3959 1480 4021 iibri
1510 3959 1597 4042 sitigo
1685 3969 1689 3974 '

271 4069 409 4148 tissirpati
432 4075 519 4135 sunt,
547 4066 761 4145 praescripsit,
790 4063 931 4126 inductus
955 4064 1081 4124 tortasse
1105 4063 1141 4125 iis
1164 4083 1240 4145 quae
1264 4065 1301 4126 de
1326 4063 1445 4126 ciiaobns
1468 4066 1597 4126 nonsiiri·

272 4169 327 4232 bus
354 4171 385 4230 in
416 4171 557 4250 principe
581 4167 851 4247 editione·scripta
874 4175 958 4235 snnt,
989 4167 1034 4227 sei
1059 4177 1091 4228 ut
1114 4187 1129 4228 a
1156 4167 1241 4228 ilarii
1265 4168 1408 4230 Victorini
1431 4165 1519 4229 iibris
1541 4167 1597 4229 hos

270 4273 407 4334 diversos
435 4289 502 4360 esse
532 4271 726 4349 signiticaret.
772 4279 906 4330 ceterum
936 4272 966 4329 in
997 4273 1216 4333 communioris
1247 4271 1283 4332 de
1312 4280 1375 4332 arte
1400 4273 1594 4349 grammatica

271 4375 418 4458 quaedam
449 4393 465 4435 e
494 4373 599 4436 codice
626 4372 729 4454 aliquo
754 4371 911 4434 emendata
936 4371 1084 4441 habebat,
1109 4373 1161 4435 sed
1187 4394 1221 4436 ea
1245 4375 1348 4456 paucis
1372 4373 1444 4435 iocis
1468 4376 1594 4456 recepit.

271 4477 406 4542 Putschii
436 4477 598 4539 editionem
624 4475 865 4547 Lindemannus,
895 4476 945 4556 qui
970 4475 1107 4539 Gothano
1138 4477 1242 4538 codice
1270 4495 1341 4538 assus
1365 4477 1420 4538 isos
1443 4475 1539 4538 iiisros
1563 4479 1594 4540 in

270 4585 370 4664 primo
394 4579 546 4642 volumine
568 4581 833 4658 grammaticorum
857 4579 1020 4642 latinorum
1045 4579 1152 4652 edidit,
1178 4581 1216 4642 ita
1240 4589 1360 4643 secutus
1385 4589 1443 4650 est,
1474 4589 1507 4641 ut
1535 4599 1594 4642 non

155 4679 159 4727 ἶ
271 4693 382 4748 mutata
412 4682 529 4764 nauigari
558 4680 706 4744 librorum
734 4682 828 4744 iornsa
858 4701 953 4763 panca
978 4702 994 4745 e
1018 4682 1122 4745 codice
1152 4703 1206 4746 sno
1236 4685 1413 4762 corrigeret.
1460 4683 1594 4749 mibiex

271 4791 307 4851 iis
334 4787 503 4854 codicibus.
535 4803 611 4865 quos
638 4803 728 4866 supra
758 4787 900 4855 indicavi,
937 4789 968 4848 in
1000 4785 1079 4848 iibro
1108 4787 1145 4848 sie
1175 4797 1239 4849 arte
1274 4787 1469 4866 grammatica
1499 4786 1595 4848 codex

200 4933 203 4938 -
272 4889 537 4972 Sangaiiensis
560 4889 597 4951 ab
621 4887 795 4950 Hermanno
819 4889 941 4968 iiageno
964 4890 994 4951 in
1019 4909 1119 4952 meum
1145 4908 1231 4952 usum
1255 4889 1434 4970 descriptus,
1460 4891 1490 4951 in
1515 4887 1593 4950 iiico

988 4983 993 4989 .
1347 4991 1385 5042 b*
