3904 5556
363 371 406 436 38
864 369 982 422 MARII'
995 368 1186 422 vlcl'oulul

389 485 411 528 p.
426 473 485 518 earo.
499 475 525 516 so
541 473 562 517 r.
1503 485 1525 528 p.
1540 473 1618 515 u-rs
1634 470 1659 515 e.

364 560 497 643 syllabae
521 561 585 643 lege
609 563 812 626 communium
838 581 892 645 pro
916 561 1058 626 brevibus
1085 562 1224 624 inductae
1248 561 1447 642 accipiuntur,
1472 564 1559 626 cuius
1582 581 1684 625 exem·

363 661 475 749 pluml

570 763 613 832 οὔ
635 768 672 832 τί
689 789 747 854 μοι
770 766 860 852 αἰτίη
884 765 975 849 ἐσσί,
998 769 1081 834 θεοί
1105 765 1151 834 νύ
1172 787 1230 853 μοι
1253 769 1359 832 oireoe'
1379 765 1476 832 εἰσιν.

366 872 422 936 alia
446 892 551 936 rursus
580 872 658 954 apud
684 873 813 940 eundern
837 876 953 955 speeies
980 877 1132 958 superiori
1160 875 1328 944 centraria,
1346 874 1388 952 ‚in
1418 891 1475 952 qua
1499 875 1606 937 breves
1628 882 1684 957 pro

364 959 461 1058 longss
483 977 549 1056 lege
572 978 780 1040 communium
804 978 1006 1059 recipiuntur,
1032 988 1064 1041 ut
1087 989 1131 1043 est
1697 1002 1711 1042 s

546 1075 634 1162 ἀμφὶ
657 1075 686 1142 d'
709 1074 762 1159 ἄρ’
786 1075 977 1164 ἀμβρόσιον
999 1075 1103 1144 ἑανὸν
1126 1075 1222 1144 ἕσαθ’
1245 1074 1286 1143 ὃν
1308 1077 1346 1144 ol
1361 1073 1500 1164 Ἀθήνη.

364 1202 433 1247 nam
457 1195 519 1246 tres
542 1185 677 1247 continui
701 1185 809 1266 dactyli
832 1186 967 1249 eternis
994 1183 1118 1268 syllabis
1148 1184 1293 1250 brevibus
1321 1184 1499 1255 subsistunt.
1523 1189 1610 1250 cuius
1632 1204 1682 1268 ge·

364 1289 447 1351 neris
470 1288 550 1370 apud
574 1288 702 1352 eundern
727 1289 899 1372 complures
922 1307 1027 1353 versus
1049 1290 1255 1373 reperiuntur.

415 1395 418 1400 '
450 1391 578 1473 Dignum
603 1394 727 1456 lorsitau
745 1393 938 1475 inquisitione
961 1395 1014 1468 sit,
1040 1411 1095 1456 cur
1118 1403 1200 1457 muta
1216 1392 1348 1476 liquidae
1365 1395 1475 1457 sociata
1493 1413 1682 1457 communem

363 1492 508 1576 syllabam
538 1495 660 1569 reddat,
696 1497 772 1560 duae
802 1505 900 1560 autem
924 1495 1117 1561 semivocales
1146 1505 1198 1559 aut
1228 1507 1327 1560 mutae
1356 1496 1512 1580 copulatae
1546 1496 1683 1560 similiter
1699 1519 1725 1560 ro

363 1600 443 1661 inter
466 1619 498 1662 se
521 1618 709 1683 nequaquam
732 1601 763 1663 id
787 1601 906 1663 iaciant.
952 1619 1012 1663 non
1035 1602 1195 1664 immerite.
1221 1620 1301 1691 'nam
1325 1604 1461 1684 quamvis
1477 1603 1573 1664 maior
1595 1605 1626 1664 in
1649 1601 1682 1664 li-

364 1701 453 1782 quida
470 1719 558 1782 quarn
582 1705 710 1768 inmuta
734 1706 826 1768 virtus
848 1706 900 1776 sit,
925 1712 1027 1786 utpote
1050 1703 1232 1774 ametabola.
1257 1723 1333 1785 qnae
1350 1703 1394 1788 lia
1418 1714 1523 1768 tenore
1545 1724 1601 1768 suo
1624 1724 1683 1768 non

367 1806 558 1878 immutetur,
587 1817 718 1870 attamen
742 1809 907 1871 infirmiora
931 1809 1014 1891 paria
1043 1809 1154 1870 sociata
1179 1817 1333 1890 praestant
1356 1807 1401 1872 his
1424 1827 1501 1890 quae
1525 1829 1561 1871 er
1578 1811 1684 1892 impari

369 1911 507 1982 veniunt,
539 1910 619 1992 quod
642 1911 699 1974 sub
722 1911 859 1994 exemplo
883 1914 978 1992 magis
1001 1914 1146 1992 aperiam.
1193 1913 1272 1974 sicut
1301 1913 1381 1975 euim
1412 1913 1536 1976 minime
1564 1931 1619 1996 par
1647 1913 1682 1974 ad

368 2013 525 2076 nitendum
548 2017 642 2078 virtus
664 2025 710 2078 est
732 2017 807 2078 asini
831 2016 911 2078 mulo
934 2017 1102 2086 coniuncti,
1127 2034 1195 2078 curn
1219 2013 1296 2077 alter
1311 2014 1439 2079 alterum
1456 2027 1580 2098 propter
1602 2019 1682 2080 inae·
1699 2037 1725 2078 rs

366 2115 538 2195 qualitatem
562 2128 687 2182 naturae
710 2136 771 2182 non
794 2118 1006 2200 respondentis
1021 2118 1149 2190 viribus,
1174 2119 1244 2181 dum
1261 2120 1409 2200 iungitur,
1434 2119 1569 2183 debilitat
1583 2123 1685 2204 potius

275 2281 279 2290 ,
366 2238 456 2301 quam
481 2211 574 2294 iurat,
599 2223 639 2284 ita
662 2222 720 2285 hoc
743 2233 772 2285 et
794 2226 824 2284 in
849 2222 895 2286 his
917 2220 1027 2286 litteris
1051 2241 1127 2302 quae
1152 2242 1187 2284 ex
1211 2223 1320 2306 impari
1344 2222 1535 2306 copulatione
1562 2225 1686 2287 veniunt

368 2322 605 2406 intellegendum
629 2333 687 2397 est,
712 2335 745 2388 ut
766 2326 884 2408 iugatae
907 2325 1064 2389 instabiles
1087 2344 1208 2410 semper
1231 2335 1261 2388 et
1276 2324 1410 2389 lubricae
1434 2328 1508 2400 sint,
1533 2329 1601 2410 quia
1625 2346 1685 2390 non

369 2428 435 2506 pari
458 2437 509 2490 aut
531 2427 647 2509 aequali
671 2431 780 2492 virtute
803 2431 949 2494 nituntur.
995 2429 1052 2493 bae
1071 2438 1187 2502 tamen,
1211 2439 1357 2509 utsupra
1382 2428 1526 2502 diximus,
1552 2431 1608 2494 sub
1625 2449 1685 2494 uno

368 2533 525 2594 enuntiato
550 2533 729 2596 coniunctae
753 2550 943 2597 communem
966 2532 1126 2616 syllabam,
1151 2533 1262 2596 divisae
1283 2540 1383 2595 autem
1403 2533 1522 2614 longam
1545 2519 1682 2598 ellieient.
1699 2559 1727 2598 so

371 2645 470 2698 urutne
498 2655 569 2698 rere
598 2644 628 2699 et
658 2635 867 2709 semivocales,
898 2636 1040 2708 utlibet,
1072 2637 1224 2719 appositae
1253 2646 1411 2718 correptae
1442 2639 1535 2702 vocali
1565 2657 1685 2722 semper
1737 2639 1740 2645 “

352 2736 487 2820 'leugam
511 2737 655 2822 syllabam
677 2739 819 2803 reddunt.

455 2841 528 2905 illud
559 2847 647 2907 etiarn
677 2845 859 2908 admonente
888 2845 1046 2907 occasione
1074 2843 1271 2907 intimandum
1303 2855 1363 2915 est.
1397 2842 1514 2909 litteras
1543 2846 1685 2926 ryuasdanr

369 2957 474 3009 contra
505 2949 651 3011 rationem
686 2956 808 3011 naturae
838 2949 928 3011 metri
958 2949 1135 3011 necessitate
1163 2965 1243 3010 nunc
1272 2947 1414 3030 produci,
1453 2960 1486 3010 ut
1514 2949 1686 3012 ‘ltaliam

368 3051 446 3112 lato
469 3054 682 3136 prolugns’,
705 3071 785 3116 norro
808 3053 937 3134 corripi.
968 3062 1001 3113 ut
1024 3050 1193 3114 ‘lerrere
1217 3050 1437 3125 Leucaten’,
1461 3053 1595 3135 quamvis
1617 3055 1681 3134 qui·
1700 3075 1727 3116 es

370 3152 438 3216 dam
463 3155 491 3216 in
521 3155 578 3218 boc
601 3159 728 3238 primam
753 3155 845 3224 verbi¹
860 3157 1038 3235 positionem
1067 3173 1126 3217 nou
1150 3175 1167 3217 a
1191 3154 1300 3226 lerreo,
1324 3156 1377 3218 sed
1402 3173 1418 3218 a
1447 3156 1530 3217 lerro
1560 3165 1685 3219 nactam

371 3256 556 3321 contendant
579 3262 746 3342 rueritoque
769 3261 942 3342 corripiant.
990 3258 1095 3321 eadem
1114 3261 1202 3321 metri
1226 3256 1291 3340 lege
1308 3261 1396 3323 etiam
1419 3270 1621 3324 consonantes
1636 3279 1687 3341 ge-

370 3363 537 3434 minantur,
563 3374 595 3424 nt
618 3361 842 3443 ‘relliquias
860 3362 1040 3426 Dananm'
1065 3370 1095 3426 et

557 3465 712 3530 rettulit
733 3464 913 3548 Argolico
937 3465 1125 3548 fulgentia
1149 3485 1254 3549 poma
1277 3478 1445 3549 tyranno

370 3577 399 3630 et
1701 3593 1728 3635 so

558 3673 771 3737 redduxere
795 3682 901 3737 retro
926 3674 1036 3754 lenge
1060 3675 1183 3755 capita
1201 3674 1317 3738 ardna
1339 3673 1381 3736 ab
1405 3677 1499 3745 ictu;
1522 3673 1534 3759 11

372 3776 518 3855 siquidem
543 3779 616 3838 artis
639 3779 773 3857 poeticae
802 3779 832 3840 in
857 3799 892 3840 eo
917 3780 975 3840 viru
998 3779 1204 3858 rationemque
1228 3777 1394 3841 subsistere
1424 3779 1615 3843 manilestum
1639 3782 1685 3846 sit.

372 3887 405 3940 ut
428 3878 517 3940 verba
541 3898 593 3940 seu
619 3883 738 3943 nomina
764 3884 861 3944 metro
885 3882 1079 3964 repugnantia
1104 3879 1148 3942 rel
1173 3883 1317 3962 corripiat
1340 3881 1385 3944 rel
1410 3893 1506 3954 acuat,
1536 3883 1686 3947 interdum

440 4089 456 4136 9
476 4084 588 4152 Dignum
607 4112 640 4123 -
658 4089 692 4138 22
711 4087 820 4138 reddunt
837 4088 916 4140 sabel.
937 4089 1082 4155 neptam.
1101 4091 1158 4150 108,
1172 4091 1213 4142 10.
1233 4092 1290 4156 109,
1306 4093 1409 4142 7-23
1428 4092 1470 4142 ed.
1495 4090 1615 4158 Westpl.

442 4281 455 4329 l
476 4278 624 4344 exemplum
643 4287 682 4326 est
700 4275 726 4326 Β
796 4281 812 4330 3
836 4267 873 4329 οὔ
893 4273 933 4345 τι]
959 4278 1036 4330 Hom.
1056 4277 1091 4330 11.
1111 4277 1138 4330 Γ
1154 4282 1204 4330 164
1276 4274 1362 4346 εἰσιν]
1381 4268 1479 4350 ΕΕΙᾲΝ
1501 4283 1526 4332 Α
1545 4270 1641 4336 ΕΕΙὸΝ
1662 4279 1689 4332 Β

334 4361 337 4368 “
371 4350 447 4407 ectu
465 4354 524 4406 Vol.
590 4355 711 4420 tepeoie
730 4355 820 4410 ΑΒς
839 4355 1083 4422 speciciPuteclrlus
1143 4345 1268 4475 θᾶμφιί]
1289 4355 1515 4411 domitans
1579 4359 1687 4410 linem

372 4425 406 4487 qn
428 4425 452 4474 A
472 4439 562 4488 namq:
587 4423 649 4475 nn
672 4437 843 4480 liemcums
926 4427 956 4476 1¹2
976 4425 1120 4477 ametnbola
1144 4425 1218 4479 ml.
1267 4427 1349 4478 orales
1369 4425 1596 4492 deornpromm.
1620 4426 1639 4477 I
1656 4430 1688 4477 lu

371 4510 397 4557 p.
418 4496 454 4545 83
472 4492 597 4544 metabole
616 4492 641 4543 Α
651 4491 707 4548 Βς
776 4495 808 4545 13
828 4505 991 4559 praestantur
1010 4496 1034 4545 A
1045 4495 1071 4545 B
1083 4509 1107 4550 ς.
1128 4495 1274 4558 ‘tepentium
1287 4504 1400 4560 praestus
1417 4497 1563 4560 (praestant
1580 4497 1689 4547 meiere

372 4561 484 4628 uidetur)
508 4561 548 4612 uis
572 4564 653 4625 qune’
679 4560 842 4612 Cmuerorr'ue
918 4567 949 4614 14
967 4559 1051 4631 quod]
1072 4578 1138 4626 cquae
1155 4564 1181 4613 Β
1251 4565 1283 4612 11
1301 4564 1328 4612 in
1346 4579 1392 4614 orn.
1412 4563 1504 4620 ΑΒς
1574 4565 1606 4615 19
1625 4563 1689 4615 lrnec

373 4633 498 4682 tumeuai
570 4633 603 4682 14
622 4645 691 4680 nuuc
704 4629 812 4696 produci
830 4631 933 4688 aaa
953 4647 1004 4682 uun
1019 4633 1164 4698 produeiA
1182 4634 1241 4686 Vol.
1312 4627 1423 4700 ltaliam]
1451 4632 1531 4699 Verp.
1551 4633 1688 4684 Aen.12

442 4727 475 4777 ‘25
498 4721 609 4830 fervere}
638 4726 718 4792 Verq.
737 4725 803 4776 Aen.
825 4726 903 4778 Vm
920 4731 971 4776 677
1058 4729 1094 4791 qr'r
1117 4711 1220 4790 qnide⁸m
1240 4727 1264 4776 A
1289 4726 1324 4788 qb
1344 4725 1449 4790 quidum
1472 4727 1530 4778 Vol.
1554 4743 1612 4777 cum
1631 4729 1689 4792 qui-

373 4796 431 4846 dam
451 4795 506 4852 ςΒ
594 4795 625 4846 A
648 4793 843 4852 contendente
869 4796 1028 4846 contendunt
1051 4795 1111 4847 AB
1128 4797 1187 4850 Vol.
1210 4794 1364 4846 cnrrtrudent
1382 4811 1399 4845 o
1486 4797 1519 4847 '28
1542 4793 1687 4866 relliquiae]

378 4865 456 4931 Verp.
476 4866 543 4918 Aen.
564 4865 580 4916 I
601 4868 636 4916 30
706 4866 739 4914 29
759 4861 866 4934 rettulit]
888 4866 986 4917 Lucan.
1004 4865 1127 4917 Purra-rol.
1146 4863 1241 4915 VIIII
1255 4867 1306 4914 367
1375 4867 1407 4915 31
1428 4861 1584 4933 redduxerr]
1609 4867 1689 4934 Verp.

375 4935 440 4985 Aen.
465 4933 490 4982 V
507 4937 558 4984 123
647 4934 734 5000 lopun
754 4931 814 4984 AB
901 4937 933 4985 32
957 4933 1120 4985 rnnnllastum
1140 4935 1174 4984 sir
1195 4933 1254 4984 Vol.
1282 4933 1494 4985 manifestumne
1514 4934 1604 4992 AB:
1692 4942 1698 4949 “
