3866 5562
397 407 401 421 ,
644 385 650 392 .
701 347 1224 404 tan.‚ontn.ma.1rtor-1m
1544 339 1606 406 487

283 440 446 494 μκῶῐ·
1483 479 1489 484 .

284 535 383 616 perivi
396 531 441 594 vel
457 530 546 612 perii.
592 549 607 593 s
630 539 699 594 ante
716 549 751 593 eo
769 531 864 612 posita
889 549 982 594 rmum
1006 531 1130 613 repperi
1155 529 1280 594 verbnm
1305 533 1413 595 tertiae
1428 531 1605 615 productae,

283 637 321 698 ivi
346 635 389 698 vei
414 635 434 697 ii
457 634 571 698 iaciens
594 636 696 716 specie
718 635 870 716 perfecta,
896 642 1018 697 transeo
1042 635 1165 696 transivi
1181 633 1226 696 vel
1244 635 1359 698 transii.
1406 642 1431 698 t:
1456 634 1534 698 banc
1558 635 1606 698 lit·

284 747 379 801 teram
403 745 472 802 ante
496 757 532 801 eo
554 739 670 810 inveni,
696 737 749 799 sed
772 737 922 800 secundae
946 737 1176 818 coniugationis,
1200 738 1301 817 specie
1325 737 1462 819 periecta
1481 739 1605 813 famen·

282 840 340 904 t'em
362 844 421 913 itti,
446 849 480 904 ut
502 838 581 902 lateo
596 848 700 922 pateo,
726 838 798 902 latui
815 842 910 919 patui.
958 840 1064 902 tertiae
1080 839 1247 921 productae
1270 843 1296 902 si
1321 843 1479 904 inventurn
1505 832 1629 914 suerit,¹

257 957 301 1007 ⁵a
323 943 417 1008 verbo
440 945 541 1007 reniet
563 961 599 1006 eo
623 945 648 1006 is
676 952 706 1005 et
728 943 819 1004 iaciat
838 943 878 1004 ivi
902 940 947 1005 vel
971 942 990 1004 ii
1012 945 1114 1026 specie
1138 943 1283 1025 perfecta.
1330 962 1412 1014 nam,
1436 945 1514 1008 sicut
1537 953 1606 1008 ante
1690 989 1694 1000 -

282 1047 386 1120 docui,
418 1067 434 1110 e
463 1056 533 1111 ante
562 1065 598 1114 eo
628 1044 719 1109 verba
749 1044 890 1128 babeptia
920 1045 1021 1128 omnia
1044 1046 1194 1108 secundae
1216 1056 1287 1109 sunt
1310 1049 1530 1128 coniugationis
1554 1067 1604 1110 ea·

181 1233 182 1236 ¹
282 1160 368 1232 cepto
385 1169 421 1214 eo
437 1154 477 1222 is.
503 1161 533 1216 et
555 1148 656 1233 siquid
679 1149 715 1214 ab
732 1169 769 1213 eo
785 1153 928 1213 nascitur.
978 1166 1045 1210 nam
1069 1150 1179 1211 tertiae
1201 1157 1271 1212 sont
1294 1150 1459 1232 productae
1482 1161 1606 1233 praeter·

282 1253 342 1318 viuo
366 1253 456 1316 verba
479 1257 598 1336 primae
621 1255 860 1334 coniugatioais‚
885 1271 962 1334 quae
986 1259 1057 1314 ante
1080 1251 1181 1340 poeni,
1206 1271 1342 1317 commeo
1365 1272 1532 1329 commeas,
1557 1273 1605 1316 re·
1680 1315 1682 1322 ,

283 1375 352 1420 meo
379 1373 509 1420 remeas.
556 1357 644 1420 tertia
672 1358 753 1419 enim
782 1367 921 1440 correpta
951 1355 1122 1436 coniugatio
1152 1375 1187 1417 eo
1217 1375 1277 1418 non
1306 1358 1501 1430 terminatur,
1526 1359 1605 1422 sicut

243 1472 268 1514 ιο
282 1477 373 1541 snpra
397 1463 571 1524 monstravi.
618 1459 674 1524 boc
698 1467 799 1524 tamen
822 1463 901 1524 scire
923 1458 1085 1531 debemus,
1110 1459 1189 1538 quod
1215 1461 1320 1522 tertiae
1344 1460 1509 1541 productae
1533 1478 1604 1522 con·

281 1565 442 1645 iugationis
463 1566 582 1646 species
604 1563 738 1646 perfecta
762 1563 882 1627 duobus
906 1571 1021 1627 tantum
1046 1561 1136 1626 motio
1160 1563 1257 1628 modis
1279 1565 1472 1636 terminatur,
1498 1565 1535 1626 ivi
1558 1567 1605 1628 vet

282 1669 310 1730 ii.
358 1685 389 1730 v:
419 1667 497 1730 banc
525 1665 657 1730 litteram
687 1670 816 1730 antaeo
847 1670 975 1750 positam
999 1665 1124 1742 verbum
1148 1665 1262 1729 babens
1285 1665 1437 1731 secundae
1460 1669 1604 1748 coniuga-

281 1771 372 1834 tionis
400 1772 502 1832 inveni
530 1772 631 1852 specie
659 1774 794 1853 perfecta
825 1771 939 1834 iaciens
967 1773 1024 1841 ivi,
1053 1773 1179 1833 coniveo
1206 1771 1328 1834 conives
1356 1772 1470 1834 conivi:
1499 1771 1605 1835 Cicero

165 1945 171 1952 ,
228 1900 234 1907 ·
281 1874 400 1956 ‘siqui
423 1875 529 1935 exire
554 1873 686 1945 velint,
711 1875 891 1936 conivere
914 1877 1098 1955 possum':
1124 1881 1153 1934 et
1169 1892 1260 1936 cereo
1276 1892 1363 1937 eoves
1387 1875 1464 1946 ceri,
1481 1874 1605 1938 Persius

241 1979 341 2040 ¹⁵‘an
371 1975 526 2039 iiomuie
552 1971 688 2040 ceres’.
734 1997 751 2040 x
776 1996 793 2059 y
816 1995 848 2040 z:
878 1975 932 2040 has
960 1976 1074 2040 litteras
1098 1983 1166 2040 ante
1196 1995 1231 2040 eo
1256 1977 1380 2040 verbum
1404 1976 1520 2042 babens
1544 1997 1603 2040 non
1677 1959 1681 1970 ¹

281 2081 392 2142 inveni.
538 2155 540 2158 Ι
1142 2141 1148 2155 ,

367 2181 516 2264 Quoniam
546 2184 747 2256 sufficienter,
778 2186 865 2252 sicut
887 2178 1036 2256 arbitror,
1061 2184 1098 2248 rie
1130 2183 1230 2247 verbis
1253 2203 1269 2246 e
1292 2191 1361 2248 ante
1384 2202 1401 2244 o
1426 2182 1606 2248 babentibus

282 2286 382 2359 docui,
407 2304 601 2370 consequens
617 2295 690 2370 puto
706 2287 743 2350 rie
760 2286 808 2350 bis
825 2296 971 2360 tractare,
995 2307 1072 2370 quae
1095 2290 1105 2350 i
1129 2297 1197 2352 ante
1220 2286 1375 2365 obabent,
1401 2289 1606 2370 persingulas

279 2390 396 2454 litteras
423 2399 493 2454 ante
521 2392 552 2453 io
582 2387 713 2472 positas,
744 2409 820 2473 quae
848 2394 977 2474 primam
1009 2399 1118 2471 regunt
1141 2392 1384 2472 coniugationent
1415 2391 1460 2453 vel
1485 2393 1604 2454 tertiam

239 2501 453 2576 ponamque.
500 2485 569 2557 nam
597 2495 728 2558 secunda
752 2496 923 2576 coniugatio
946 2513 982 2558 eo
1006 2503 1121 2558 tantum
1145 2494 1235 2558 modo
1260 2497 1450 2558 terminatur.
1495 2503 1605 2558 aante

191 2649 195 2659 .
281 2599 308 2659 io
332 2595 447 2661 babens
470 2596 597 2662 verbum
622 2600 728 2661 tertiae
746 2607 905 2682 correptae
927 2601 1044 2669 inveni,
1068 2601 1097 2661 ai
1119 2595 1234 2661 iaciens
1257 2598 1359 2681 specie
1381 2597 1531 2680 perfecta,
1556 2600 1604 2659 aio

281 2703 324 2762 ais
347 2701 403 2774 ait,
432 2703 460 2763 at
484 2702 551 2763 aisti
576 2705 633 2774 ait,
664 2705 710 2766 aie
733 2703 801 2765 aiat.
850 2703 960 2788 bante
983 2704 1014 2765 io
1037 2701 1177 2765 babentia
1204 2700 1291 2764 verba
1315 2702 1422 2764 tertiae
1438 2709 1510 2764 sunt
1531 2721 1602 2784 pro·

281 2804 403 2874 ductae,
436 2800 464 2866 vi
495 2805 540 2866 vai
571 2802 613 2866 bii
643 2805 782 2867 facientia
806 2806 908 2888 specie
931 2805 1080 2886 perfecta,
1111 2803 1211 2867 ambio
1235 2803 1345 2866 ambivi
1369 2803 1414 2867 vei
1438 2803 1541 2872 amitii.
1587 2824 1604 2866 c

281 2917 349 2970 ante
374 2909 403 2969 io
428 2904 571 2970 babentia
596 2911 702 2970 tertiae
726 2907 893 2991 productae
916 2912 965 2971 vel
986 2917 1149 2988 correptae
1171 2916 1256 2972 sunt:
1287 2907 1453 2989 productae
1477 2908 1534 2970 civi
1558 2901 1602 2970 vei

240 3017 266 3062 ὕ
282 3013 311 3074 xi
331 3013 335 3090 Ι
357 3011 497 3074 facientia
520 3011 620 3092 specie
635 3011 788 3093 perfecta,
812 3015 912 3074 sarcio
928 3013 1051 3083 sarciri,
1076 3013 1176 3075 vincio
1200 3013 1295 3084 vinxi3
1321 3013 1426 3075 tertiae
1450 3029 1521 3074 vero
1536 3029 1604 3073 cor·

280 3121 384 3196 raptae
407 3115 480 3184 ieci,
511 3123 543 3176 ut
573 3115 666 3177 inicio
696 3116 798 3178 inieci.
847 3115 964 3178 dante
994 3117 1023 3176 io
1047 3133 1105 3176 non
1130 3115 1241 3176 inveni.
1289 3123 1398 3176 eante
1420 3110 1451 3175 io
1475 3132 1534 3176 non
1559 3115 1603 3174 in·

281 3218 358 3282 reni.
403 3217 416 3278 i
443 3226 512 3280 ante
540 3219 569 3278 io
599 3214 741 3280 habentia
764 3217 856 3280 verba
886 3219 992 3281 tertiae
1017 3219 1330 3304 coniugationissunt
1352 3217 1527 3298 productae,
1553 3217 1602 3279 tivi

281 3319 326 3382 vei
349 3321 386 3383 sii
409 3319 635 3400 iaciuntspecie
651 3322 804 3402 persocia,
828 3321 1037 3390 suisiosniiivi
1061 3318 1107 3381 vel
1131 3321 1220 3382 suitii.
1266 3338 1361 3382 unum
1385 3321 1507 3402 repperi
1523 3321 1603 3383 eius·

281 3423 349 3486 dem
373 3425 595 3504 coniugationis
617 3423 796 3487 deiectivum
821 3442 948 3506 genere,
971 3426 1049 3487 sicut
1071 3422 1154 3487 soleo
1177 3423 1283 3486 soiitos
1306 3442 1388 3495 sum,
1413 3427 1458 3488 sic
1481 3425 1519 3487 tio
1542 3425 1603 3486 iac·

242 3537 329 3590 ³⁰tus
352 3545 427 3590 sum.
474 3545 493 3608 g
521 3536 591 3590 ante
619 3529 650 3590 io
677 3526 793 3591 babens
819 3527 942 3590 verbnm
966 3526 1025 3590 tate
1048 3529 1164 3598 inveni,
1188 3527 1298 3605 scipio:
1323 3528 1393 3588 iacit
1416 3531 1497 3590 enim
1522 3529 1604 3609 iugio

281 3629 361 3709 iugis
380 3629 468 3708 sapi,
498 3630 578 3712 quod
607 3641 653 3692 est
680 3633 785 3693 tertiae
813 3641 988 3712 correptae,
1018 3649 1086 3693 cum
1116 3633 1146 3693 in
1176 3632 1344 3712 imperativi
1369 3631 1449 3694 rnodi
1472 3632 1603 3694 secunda

277 3749 406 3814 persona
431 3731 499 3814 iuga
523 3733 624 3803 iaciat,
650 3733 845 3813 rttVergiiius
869 3733 956 3795 ‘beu
980 3732 1067 3814 iuge
1091 3733 1264 3796 cr'udeiis
1288 3737 1444 3796 terras’.
1491 3735 1509 3795 b
1533 3744 1603 3797 ante

280 3837 309 3896 io
338 3835 478 3899 babentia
511 3835 602 3899 verba
625 3837 740 3919 primae
770 3836 990 3915 cortiugationis
1014 3839 1151 3918 repperi,
1177 3841 1223 3899 avi
1246 3837 1387 3900 facientia
1411 3837 1511 3918 specie
1534 3856 1602 3920 per·

280 3935 372 4012 iecta',
397 3939 448 4002 bio
465 3939 562 4012 initio,
586 3939 666 4002 biavi
681 3941 803 4006 initiari.
849 3941 857 4000 i
882 3937 901 4001 it
925 3949 993 4003 ante
1010 3941 1037 4003 io
1054 3940 1136 4002 finita
1161 3938 1249 4002 verba
1268 3959 1326 4002 non
1352 3941 1462 4002 inveni.
1508 3937 1603 4001 iante

349 4129 430 4182 Prob.
452 4131 546 4186 activi.
569 4133 613 4192 35,
631 4132 729 4188 e-3o‚
749 4123 765 4180 'ai
837 4131 870 4181 14
887 4145 964 4182 ceveo
982 4146 1011 4195 p.
1031 4133 1091 4195 489,
1111 4133 1144 4181 10

349 4282 519 4336 biacientem
544 4301 591 4338 orn.
617 4284 643 4336 B
775 4286 805 4336 to
825 4299 904 4352 snpra
927 4273 1080 4352 monstravi]
1103 4303 1132 4352 p.
1152 4288 1212 4345 484,
1232 4287 1274 4337 12.
1293 4287 1390 4351 ⁴⁸5r⁴
1515 4287 1543 4336 11
1564 4283 1603 4335 vei

279 4386 328 4422 om.
347 4369 373 4420 B
447 4371 609 4438 respectent
634 4369 774 4437 perfectam
794 4369 890 4422 inciens
910 4369 935 4420 B
1006 4367 1107 4436 Cicero]
1128 4373 1154 4422 in
1175 4371 1248 4425 catat
1268 4370 1363 4429 1112,
1384 4374 1418 4422 27
1489 4373 1521 4422 14
1539 4385 1603 4421 con·

280 4455 393 4507 ibereB
464 4453 752 4526 Per·sins]eat.1,87
828 4459 949 4510 lacernis
970 4455 995 4506 B
1067 4458 1097 4508 18
1115 4457 1147 4506 rie
1166 4456 1284 4508 isBde
1303 4458 1368 4508 iiso
1437 4457 1469 4508 21
1489 4458 1602 4524 speciem

280 4541 420 4608 perfectam
440 4541 465 4592 B
540 4544 573 4592 22
593 4543 617 4592 ai
636 4537 707 4606 nisti]
726 4543 768 4592 aio
787 4541 901 4594 aistisB
987 4543 1020 4592 et
1040 4543 1128 4593 tertiae
1147 4543 1291 4609 procinctae
1310 4542 1532 4609 anntprodtrctne
1551 4544 1601 4592 cirri

282 4629 305 4679 B
324 4632 413 4680 tertiae
431 4637 494 4679 sunt
511 4627 653 4694 productae
670 4627 719 4677 ciri
738 4644 753 4680 a
834 4629 868 4679 25
888 4629 946 4678 rrixi'
959 4644 1030 4679 corr.
1050 4627 1123 4678 ninxi
1141 4625 1167 4676 B
1251 4630 1284 4681 27
1304 4627 1346 4678 tivi
1367 4628 1405 4679 vei
1425 4627 1451 4678 tii
1469 4647 1483 4680 o
1501 4628 1538 4678 ini
1558 4629 1602 4680 nei

281 4715 306 4764 iii
324 4713 350 4765 B
421 4717 455 4767 29
473 4713 508 4764 flo
530 4713 562 4763 bo
582 4713 665 4766 iactus
684 4729 741 4764 sum
762 4711 839 4763 Bito
859 4712 1102 4764 sssiaotnssrmro
1122 4713 1222 4765 Probare
1292 4717 1326 4766 30
1345 4713 1418 4780 fugio
1436 4716 1528 4780 priore
1546 4716 1602 4765 toro

281 4809 306 4851 et
324 4800 379 4868 iugi
397 4817 447 4854 om.
465 4799 499 4852 B.
533 4800 650 4864 fortasse
669 4800 740 4868 fugio
759 4797 857 4850 iaciens
876 4801 966 4866 speeie
985 4797 1096 4865 perfecta
1118 4797 1173 4866 ingi
1266 4801 1298 4850 32
1318 4797 1408 4866 iaciat]
1429 4799 1490 4850 iacit
1508 4799 1533 4849 B

256 4903 257 4906 ¹
281 4881 343 4952 ben]
368 4887 448 4954 Verp.
470 4889 537 4942 Aen.
557 4885 609 4938 ΙΙΙ
628 4889 663 4938 iat
733 4891 766 4940 ab
785 4887 904 4936 babentia
924 4887 1001 4936 rerba
1019 4903 1032 4935 o
1051 4886 1148 4936 babens
1168 4887 1244 4936 narba
1266 4884 1290 4935 B
