3906 5564
348 319 410 386 108
849 283 1166 376 unnuvreronnu

373 435 395 476 p.
409 425 468 466 ease.
481 425 507 466 ιι
524 423 546 464 r.
1475 439 1497 477 p.
1513 429 1556 469 ιιι.
1572 428 1597 468 ss
1610 425 1636 470 o.

346 513 425 576 tende
453 516 630 596 pentametri
660 531 764 576 tersus
798 513 857 576 erit
883 514 982 595 prima
1010 516 1140 596 species,
1176 531 1254 592 rpnoe
1287 513 1325 576 ele
1359 513 1524 580 hexametri
1561 535 1664 580 versus

346 625 441 688 tome.
465 637 555 701 quarn
578 617 837 700 penthemimeren
861 616 1005 689 diximus,
1029 620 1179 698 geminata
1198 617 1373 690 eonllcitur,
1398 636 1475 698 qtrae
1498 627 1569 682 tune
1590 639 1662 682 eon·

346 721 448 801 tingit.
472 723 497 784 si
513 721 686 784 hexameter
709 721 785 784 duos
801 719 934 802 dactylos
950 721 1104 794 hahuerit,
1129 728 1248 803 utputa
1271 721 1434 801 ‘primus
1456 721 1663 786 Erichtho·

346 825 458 888 nius.’
506 828 536 888 in
566 824 622 886 hae
645 827 726 886 enirn
756 823 887 888 clausula
911 823 996 889 heroi
1019 826 1186 890 hexametri
1210 823 1343 906 dactylos
1365 824 1441 888 duos
1470 845 1537 890 esse
1565 834 1595 888 et
1616 845 1662 890 se-

327 928 494 1008 mipedem
511 945 636 991 neeesse
660 937 722 998 est.
747 930 798 1010 qui
820 931 944 1008 repetiti
965 937 1189 1012 pentametrum
1211 926 1400 1008 elegiacum
1414 931 1464 1010 qui
1488 929 1691 992 hexametro-¹»

343 1030 492 1097 subicitur
514 1033 544 1094 in
569 1025 728 1114 poematis,
754 1033 897 1096 alliciunt.
941 1035 972 1096 in
996 1033 1108 1114 quihus
1130 1035 1220 1096 etiam
1243 1033 1319 1096 oraio
1342 1041 1585 1115 praeposteratus
1608 1053 1663 1096 ner

345 1143 441 1198 metro
466 1153 521 1199 neo
545 1137 713 1201 sententiae
735 1136 851 1206 oberit,
875 1135 966 1200 veluti

648 1273 727 1338 bella
750 1294 806 1358 per
827 1275 981 1338 Emathios
1003 1275 1085 1339 llusa
1109 1283 1250 1338 monente
1273 1293 1365 1344 eane,

343 1375 452 1440 dehine

654 1482 736 1546 hlusa
760 1490 901 1547 monente
925 1499 999 1546 cano
1023 1479 1099 1545 hella
1124 1501 1180 1565 per
1204 1480 1367 1545 Emathios.
1679 1497 1702 1535 1⁰

345 1621 373 1684 hi
397 1622 488 1704 primi
511 1619 606 1704 perles
628 1639 724 1704 usque
746 1621 783 1686 ael
808 1632 909 1686 tomen
933 1625 964 1685 iu
988 1619 1084 1704 elegio
1107 1641 1196 1686 versu
1220 1621 1390 1704 κινητικοί
1404 1629 1558 1694 vocantur,
1582 1620 1662 1705 quod

344 1743 396 1788 eos
420 1725 585 1788 transferre
607 1727 639 1788 io
662 1726 824 1790 secundam
848 1725 1014 1790 clausulam
1037 1722 1049 1809 ΙΙ
1072 1735 1102 1788 et
1124 1745 1159 1788 ex
1185 1743 1288 1787 eorum
1318 1726 1521 1804 geminatione
1544 1743 1662 1788 versum

344 1827 471 1908 implere
493 1847 665 1911 possumus.
712 1849 748 1892 ex
780 1849 839 1912 quo
863 1831 952 1892 etlam
975 1847 1071 1910 genus
1093 1830 1235 1911 propriae
1259 1828 1487 1894 rerelileatiouis
1508 1828 1662 1892 inducitur

344 1941 374 1994 et
397 1917 565 2012 appellatur
595 1933 898 2015 tripenthemimeres.
943 1951 1011 1996 uam
1040 1935 1136 2014 prima
1160 1950 1265 1996 versus
1295 1931 1381 1995 heroi
1409 1934 1510 2015 portio
1540 1941 1586 1995 ter
1613 1951 1661 1994 re·

342 2038 450 2120 petita,
476 2037 565 2100 veluti
1677 2047 1701 2086 ¹⁵

371 2159 470 2203 arma
495 2143 690 2221 virumque
714 2160 822 2212 uano,
846 2142 946 2205 hlusa
970 2141 1063 2205 mihi
1086 2158 1236 2210 causas,
1261 2139 1352 2203 urbs
1374 2141 1529 2220 antiqua
1553 2139 1639 2210 luit,

344 2253 476 2312 metrum
496 2245 543 2308 sui
566 2245 688 2326 generis
711 2245 791 2308 lacit.
838 2244 926 2308 huius
955 2245 1110 2316 incisioni,
1140 2263 1217 2328 quae
1240 2242 1354 2326 syllaba
1377 2242 1540 2316 clauditur,
1572 2245 1597 2305 si
1620 2243 1661 2304 al·

344 2355 424 2412 teras
446 2348 520 2410 (luas
544 2346 664 2419 adicias,
689 2357 722 2410 ut
745 2348 866 2411 tertium
889 2349 999 2432 perlem
1023 2347 1197 2430 trisyllabon
1221 2345 1388 2429 compleas.
1412 2349 1470 2410 erit
1492 2347 1549 2410 hoe
1573 2343 1660 2431 [pen-

343 2450 550 2534 themimeres]
576 2451 745 2514 trimetrum
775 2447 901 2527 δεξιόν.
947 2450 1022 2515 nihil
1050 2460 1149 2515 autem
1179 2451 1333 2524 intererit,
1363 2453 1389 2512 si
1417 2470 1472 2534 pes
1500 2452 1607 2514 tertius
1629 2451 1660 2513 in

342 2556 400 2618 isto
423 2573 513 2618 versu
536 2553 623 2635 longa
646 2554 773 2636 syllaba,
798 2574 875 2638 quae
899 2564 942 2618 est
967 2555 1064 2620 finalis
1079 2549 1280 2638 ἀδιάφορος,
1303 2555 1424 2618 liniatur
1440 2565 1470 2618 et
1485 2555 1536 2618 liat
1558 2547 1660 2636 ἀμφί·
1674 2569 1702 2611 so

342 2677 482 2740 μακρος,
506 2656 596 2720 veluti

756 2783 838 2856 arma
863 2765 1019 2844 virumque
1042 2783 1118 2826 cano
1142 2763 1260 2827 Troiae.

344 2917 417 2963 sane
438 2902 508 2982 quia
532 2903 671 2983 superius
695 2897 810 2978 δεξιὸν
824 2901 949 2986 μέτρον
965 2903 1110 2974 diximus,
1135 2920 1316 2984 quanrquaur
1338 2899 1368 2962 iri
1392 2910 1423 2962 et
1442 2903 1473 2962 in
1496 2903 1662 2982 prototypis

343 3003 579 3082 ostenderimus,
609 3014 709 3068 tamen
738 3009 815 3069 scias
837 3010 917 3070 iuter
945 3007 1067 3070 dextros
1089 3025 1124 3070 ae
1153 3008 1293 3070 sinistros
1317 3023 1421 3068 versus
1450 3005 1528 3066 hane
1556 3003 1661 3066 haberi

344 3107 559 3179 differentiam,
590 3119 622 3172 ut
651 3108 749 3172 elextri
778 3112 837 3174 sint
860 3113 911 3191 qui
934 3113 965 3173 in
988 3111 1076 3172 tertia
1103 3109 1147 3172 rel
1171 3113 1274 3192 quinta
1303 3109 1375 3171 serlo
1403 3105 1577 3189 trisyllabon
1608 3106 1658 3169 ha·
1674 3123 1701 3162 to

346 3209 466 3274 huerint
489 3211 612 3294 perlem,
639 3214 752 3276 sinistri
775 3223 875 3278 autem
897 3217 948 3296 qui
973 3213 1151 3296 disyllabum
1178 3213 1181 3294 l
1206 3216 1236 3276 in
1259 3212 1390 3276 seeuntla
1416 3210 1460 3274 vel
1483 3221 1589 3293 qtrarta
1611 3230 1659 3273 re·

345 3315 444 3393 gione.
491 3333 592 3377 rerum
622 3316 713 3380 huius
741 3319 875 3397 generis,
906 3327 1051 3400 utsupra
1082 3335 1242 3400 coeperam
1267 3316 1384 3387 dicere,
1413 3315 1492 3398 quod
1522 3333 1558 3376 ex
1588 3333 1660 3393 pen·

345 3417 523 3482 themimere
550 3421 701 3499 geminato
731 3424 902 3493 conficitur,
932 3423 1048 3504 species
1071 3429 1141 3482 sunt
1169 3429 1244 3483 tres:
1274 3421 1385 3502 prima,
1414 3437 1483 3482 eum
1506 3417 1661 3500 praeeedit

343 3521 511 3603 spondeus,
546 3523 680 3604 sequitur
715 3523 865 3606 dactylus,
901 3527 970 3588 item
1006 3524 1159 3608 spondeus
1192 3525 1305 3587 ultimis
1339 3525 1508 3604 anapaestis
1544 3520 1661 3584 tltrohus

344 3643 463 3690 versum
480 3625 705 3698 claudentibus;
730 3637 759 3689 et
775 3628 863 3699 haee,
888 3639 921 3692 ut
935 3630 1087 3710 superius,
1110 3629 1259 3707 geminata
1276 3627 1376 3690 elien-ri
1394 3645 1453 3690 non
1470 3635 1604 3708 possunt,
1628 3635 1660 3688 ut
1674 3641 1717 3707 to¹

674 3774 833 3848 postquam
857 3785 906 3829 res
930 3769 1014 3830 hsiae
1039 3766 1141 3828 desine
1165 3764 1334 3828 llaenalios.

413 3993 526 4064 heluus]
545 3997 597 4048 dero
618 3997 678 4049 AB
741 3995 853 4066 primns]
878 4001 956 4065 Ver-p.
974 4015 1063 4066 peorp.
1085 3998 1136 4048 III
1155 4000 1207 4049 113
1264 3993 1355 4066 torn]
1376 3997 1445 4061 qatorl
1466 3996 1490 4047 B
1551 3999 1647 4066 (iprae

345 4071 492 4134 posterutur
507 4066 598 4122 Alis
617 4081 801 4134 praeposterus
821 4071 861 4122 erl.
882 4068 1037 4120 Senetnmlr.
1110 4070 1126 4118 8
1151 4065 1226 4135 heila]
1246 4069 1281 4130 rs.
1296 4068 1394 4120 Lucan.
1414 4067 1532 4118 Pheraei.
1548 4066 1591 4117 I!

346 4139 377 4188 14
388 4135 534 4203 appellatur
546 4137 688 4186 trimetrum
702 4136 916 4202 penthemimeres
930 4141 951 4189 Α
963 4137 988 4188 Β
1001 4151 1030 4194 5:
1049 4139 1085 4201 cs.
1097 4155 1124 4203 p.
1140 4139 1200 4198 142,
1214 4141 1250 4190 23
1269 4137 1336 4187 irlem
1351 4135 1399 4185 lroe
1412 4151 1444 4186 es
1458 4136 1539 4186 trihus
1553 4136 1660 4202 penthe-

344 4205 492 4256 mimerihus
516 4207 544 4256 tlt
566 4216 592 4256 et
613 4205 759 4272 appellatur
783 4206 814 4254 nh
837 4206 894 4257 aliis
919 4206 1181 4274 tripenrhemirneres,
1209 4207 1241 4256 ah
1264 4205 1321 4256 aliis
1346 4203 1516 4270 trisyntlretou
1606 4201 1659 4273 ter]

343 4275 417 4326 tertio
437 4275 526 4332 ΑΒς
615 4277 646 4325 16
672 4273 757 4342 armo]
791 4273 870 4342 Verp.
891 4277 958 4330 Aen.
979 4275 992 4327 1
1013 4279 1079 4332 1.8.
1100 4277 1133 4326 12
1223 4277 1253 4326 l'l
1282 4289 1332 4337 quta
1357 4273 1457 4337 syllaba
1484 4272 1574 4330 ΑΒς

347 4345 377 4393 18
396 4345 528 4407 tr·isyllaho
548 4343 639 4400 Aac
713 4346 746 4396 20
766 4343 867 4395 lluienu·
885 4361 902 4404 ς
921 4347 1023 4396 linietur
1042 4343 1105 4395 AB
1180 4355 1205 4394 et
1223 4343 1267 4394 liat
1287 4343 1337 4394 na
1353 4343 1441 4398 Vens
1459 4353 1485 4394 et
1503 4341 1590 4394 iletA

343 4415 377 4462 uu
395 4410 498 4479 Troiae]
519 4416 687 4478 ‘reponendo
704 4430 756 4466 uox
768 4414 916 4478 eruptiones,
930 4414 1047 4470 iambico.
1066 4420 1092 4464 ut
1106 4424 1165 4464 terne
1178 4421 1222 4464 mat
1235 4414 1297 4474 tihi’
1318 4411 1482 4463 Cerneres-ine
1545 4415 1578 4463 23
1597 4427 1659 4462 serre

344 4483 441 4545 nerine
463 4499 526 4533 sune
544 4482 588 4546 qtri
610 4483 632 4532 A
658 4497 720 4533 sarra
739 4497 806 4546 quus
824 4483 850 4533 B
936 4486 970 4535 24
993 4481 1034 4549 ae]
1053 4495 1077 4532 et
1094 4498 1165 4533 cerr.
1187 4483 1261 4532 aad
1348 4483 1383 4533 25
1405 4482 1448 4544 nati
1474 4483 1499 4531 iu
1518 4481 1602 4547 primo
1619 4480 1658 4531 vel

343 4551 418 4601 tertio
441 4551 479 4602 rel
503 4552 591 4616 quirun
615 4551 677 4602 sede
701 4550 831 4618 Berplrius
858 4554 884 4604 in
906 4554 1114 4605 commentatione
1137 4553 1286 4603 academico
1308 4550 1424 4615 beneficii
1446 4551 1660 4616 Marperperiuni

343 4621 792 4688 leneaditaHal.o.1863p.7.
815 4621 925 4674 debehat
946 4625 1032 4689 potine
1054 4629 1079 4673 et
1098 4621 1138 4671 hie
1161 4620 1186 4671 in
1210 4620 1325 4671 seeruula
1348 4621 1386 4670 nel
1411 4621 1484 4670 tertio
1508 4619 1546 4670 rel
1568 4631 1659 4682 quarto

344 4689 405 4740 sede
423 4699 449 4742 et
460 4699 552 4756 postea
571 4691 597 4740 in
617 4691 732 4741 saenurln
752 4689 788 4739 vel
802 4693 874 4741 taraiu
894 4693 932 4742 vel
946 4703 1037 4755 ‹prrnrur
1056 4691 1161 4756 regione
1178 4691 1266 4743 eniti.
1295 4705 1351 4740 nmo
1368 4691 1479 4742 deerunt
1497 4697 1521 4740 et
1539 4691 1660 4766 σιίιιῑινοε

345 4774 432 4810 uersus
450 4761 551 4812 eosdem
570 4761 633 4810 dieii
643 4761 831 4826 pronuntiem.
869 4777 916 4813 noe
933 4761 958 4810 lu
978 4762 1125 4827 prototypis
1143 4777 1170 4826 p.
1192 4763 1260 4817 ihi
1285 4749 1407 4823 α’(ιιιτιιιᾶ
1430 4767 1455 4810 et
1478 4760 1578 4810 selinon
1600 4759 1659 4810 cola

343 4843 388 4879 seu
407 4837 530 4880 commate
547 4829 656 4880 dinero!
730 4831 762 4878 *li
781 4779 867 4896 ιμιιιιΙῩ
880 4830 924 4893 apri
944 4829 969 4879 B
1038 4831 1071 4880 ‘29
1090 4831 1148 4879 item
1169 4830 1302 4896 sponrleus
1322 4827 1375 4884 Βς
1393 4829 1460 4879 idem
1479 4827 1613 4895 spondeus
1633 4831 1657 4880 Α

414 4901 447 4949 30
466 4910 489 4946 et
509 4898 571 4947 haee
589 4909 606 4954 ς
624 4911 648 4947 et
667 4897 713 4948 hue
735 4897 794 4948 ΑΒ
865 4903 893 4951 31
916 4895 1069 4965 postquem]
1094 4900 1171 4964 Verp.
1194 4902 1255 4950 Aen.
1277 4897 1326 4948 ΙΙΙ
1346 4901 1370 4950 1.
1390 4897 1470 4950 hercul.
1490 4900 1514 4950 S.
1534 4899 1567 4947 6!
