3850 5560
831 351 1075 422 navassrsvs
1299 376 1302 382 2
1431 359 1442 376 ‘
1553 352 1693 419 619··
1842 335 1888 387 ·’

272 567 305 630 ,ε
330 545 517 608 Terentiano
536 533 723 628 «petttnm'et
747 565 761 608 a
786 546 857 610 laba
888 531 1033 610 nnnatnm
1064 547 1176 629 posuit,
1208 547 1278 608 ltuic
1309 543 1407 606 addita
1437 556 1483 610 est
1512 545 1615 609 cadam

290 649 376 731 perlis
400 649 663 732 proceleusmatici
687 650 823 712 delinitio
847 669 876 732 p
894 646 967 720 624,
994 650 1022 720 1,
1048 669 1138 732 quarn
1162 651 1199 712 cle
1224 646 1327 710 metro
1344 649 1616 729 proceleusmatico
1652 645 1670 688 “-
1734 637 1737 640 ’
1864 643 1869 654 ’

192 794 200 800 -
292 756 392 834 posuit
420 753 534 816 blarius
557 753 729 816 Victorinus
759 773 788 834 p.
814 751 864 822 98,
891 751 939 822 17,
969 757 1052 832 quod
1080 763 1200 838 constat
1224 773 1265 816 aa
1293 755 1410 814 duobus
1433 737 1616 833 pyrrichiis,
1689 783 1691 788 ·
1756 750 1759 762 ’

291 859 323 917 id
345 865 389 919 est
411 865 560 935 quattuor
574 856 725 918 breuibus.
765 855 875 918 deinde
899 861 990 918 tnetri
1014 857 1137 936 elegiaci
1155 857 1305 937 espositio
1329 874 1397 916 cnm
1415 855 1618 936 disputatione
1717 869 1720 875 “

247 1011 260 1024 .
292 961 373 1021 artttt
404 960 613 1022 t‘onnnmant
637 942 679 1020 de
710 959 818 1020 coelem
847 968 945 1020 metro
976 979 1005 1040 p.
1028 957 1102 1031 291,
1127 957 1147 1023 6
1175 969 1241 1042 sqq.
1273 959 1337 1026 lare
1368 961 1528 1020 consentit.
1581 959 1618 1020 de
1691 1020 1706 1034 ,
1820 954 1824 968 “

290 1063 460 1148 dillerentia'
484 1051 584 1124 autem
609 1065 698 1124 metri
722 1061 860 1142 dactylici
884 1070 914 1124 et
936 1062 1052 1124 heroici
1075 1082 1152 1142 qnae
1176 1066 1410 1149 praecipiuntur
1426 1049 1462 1142 p.
1487 1059 1560 1130 623,
1577 1059 1615 1135 ,2,

290 1169 460 1230 accuratius
483 1165 521 1227 ab
544 1163 635 1228 actito
657 1165 878 1236 Fortunatiano
901 1185 933 1247 p.
955 1161 1029 1238 283,
1053 1161 1095 1228 27
1119 1174 1149 1228 et
1171 1187 1187 1228 a
1210 1167 1307 1228 biario
1333 1167 1486 1227 Victorino
1510 1185 1540 1246 p.
1566 1162 1616 1231 tt).

265 1265 576 1351 ,aosqncxpnsna
603 1277 681 1335 snut.
720 1287 815 1350 qrtarc
839 1272 1001 1338 caumata,
1028 1287 1105 1349 qnae
1122 1269 1158 1329 tle
1183 1269 1339 1332 trochaico
1362 1277 1393 1330 et
1416 1269 1453 1330 de
1469 1268 1617 1348 dactylico

291 1384 389 1436 metro
413 1393 448 1434 ex
473 1373 579 1434 codem
609 1373 692 1434 tonte
721 1375 814 1453 petita
843 1372 994 1463 leguntur
1015 1372 1094 1452 apud
1119 1372 1299 1436 bobiensem
1328 1372 1557 1452 grammaticum
1588 1383 1618 1433 et
1734 1345 1754 1374 ⁵

291 1477 369 1556 apud
398 1477 524 1564 illirium
550 1475 736 1542 Victorinum
768 1483 798 1537 et
820 1475 943 1538 Atilium
973 1476 1235 1546 Fortunatianum,
1266 1475 1302 1536 ad
1327 1475 1429 1537 labant
1461 1487 1618 1538 auctorem

290 1581 361 1642 satis
384 1577 583 1662 probabiliter
606 1578 791 1641 referuntur.
868 1638 872 1644 ,
1170 1565 1172 1570 ’
1617 1633 1618 1636 ,

360 1681 444 1744 ,tlon
467 1685 569 1744 minus
592 1693 708 1744 certum
735 1691 780 1746 cst
803 1681 881 1745 banc
906 1701 1045 1746 corsuum
1077 1686 1166 1745 nnius
1195 1665 1340 1762 cuiusque
1373 1680 1461 1746 metri
1492 1700 1622 1745 astrimo-

293 1788 450 1854 rationem,
475 1805 552 1867 quae
575 1804 590 1846 a
615 1792 806 1848 monomelra
830 1786 865 1846 ad
890 1786 1082 1866 longbsimos
1105 1789 1251 1868 cultusque
1275 1788 1396 1865 generis
1419 1803 1524 1849 vrrstts
1547 1804 1618 1866 pro·

221 1905 251 1972 A·
292 1891 426 1956 ducitur.
464 1889 501 1949 ab
532 1890 638 1950 eodem
667 1901 793 1952 auctore
821 1890 988 1970 prolectam
1023 1909 1099 1954 esse.
1152 1908 1220 1952 nam
1257 1890 1294 1951 de
1328 1889 1458 1954 iambico
1496 1889 1618 1970 quidem

293 2003 390 2060 metro
429 1992 631 2070 fragmentum
668 1989 839 2053 Parisinnm
880 2011 910 2073 p.
942 1989 1066 2062 630,2
1105 1991 1240 2074 adposito
1279 1996 1469 2072 grammatici
1495 1995 1618 2054 nomine

292 2091 371 2158 hanc
395 2099 543 2158 rationem
569 2105 705 2164 testatur,
730 2107 759 2156 et
782 2095 982 2157 octametrnm
1008 2097 1159 2156 bniscinm
1183 2096 1221 2157 ab
1245 2115 1280 2157 eo
1304 2109 1430 2178 propter
1454 2096 1530 2158 banc
1553 2113 1618 2156 rem

237 2220 241 2224 ·
293 2205 322 2261 in
354 2195 491 2284 exemplo
520 2198 816 2278 positum.linbnus
837 2218 865 2279 p.
889 2196 968 2268 664,
997 2197 1011 2259 1
1045 2209 1074 2260 ει
1104 2199 1217 2261 ilarius
1246 2201 1418 2262 Victorinus
1449 2219 1478 2279 p.
1500 2195 1551 2270 87,
1576 2194 1619 2260 25

292 2313 499 2365 servaverunt.
550 2301 603 2362 secl
634 2301 670 2362 cle
705 2303 855 2383 dactylico
889 2321 1010 2384 quoquc
1041 2315 1140 2364 metro
1174 2312 1204 2364 et
1234 2301 1272 2364 tle
1300 2303 1507 2374 choriambico
1537 2301 1637 2362 idem*

175 2417 180 2426 ’
246 2483 253 2489 α
293 2416 411 2470 constat
435 2407 520 2468 blarii
545 2405 693 2467 Victorini
719 2407 899 2468 testimoniis
924 2426 953 2488 p.
972 2403 1022 2476 74,
1046 2401 1089 2467 29
1113 2417 1141 2466 et
1166 2402 1217 2476 87,
1234 2401 1291 2468 2ὀε
1318 2425 1385 2494 itam
1409 2415 1526 2466 certum
1552 2423 1619 2466 esse

294 2523 367 2592 puto
392 2529 407 2571 a
432 2507 507 2572 iuba
532 2507 606 2570 haec
623 2497 691 2570 tum
716 2511 878 2588 recepisse.
918 2521 948 2571 et
964 2510 993 2571 in
1017 2519 1161 2592 quattuor
1178 2509 1292 2578 metris,
1317 2509 1345 2571 in
1362 2507 1471 2591 quibus
1488 2510 1618 2570 maxime

275 2601 373 2677 ‘illius
402 2597 612 2682 alletoritatem
645 2610 816 2674 Victorinus
845 2621 966 2674 secutus
996 2613 1222 2684 esse'tidotur,
1251 2615 1461 2692 antispastum
1499 2611 1619 2686 duobus
1702 2624 1706 2630 '

294 2719 411 2787 ionius,
434 2716 720 2798 paeonico.·earlem
746 2716 821 2776 ratio
845 2716 934 2795 opnd.
949 2735 1018 2778 eum
1042 2715 1291 2794 deprehenditur.
1331 2723 1497 2796 praeterea·
1514 2715 1617 2777 labam

103 2853 109 2860 -
176 2839 184 2845 ·
242 2895 247 2900 ι
293 2839 362 2882 curn
386 2821 504 2898 graecis
533 2816 679 2895 exemplis
708 2816 745 2879 ab
777 2817 939 2879 Heliodoro
967 2804 1099 2898 receptis
1128 2818 1219 2880 latina
1249 2819 1455 2897 composuisse
1486 2821 1618 2887 acimum

294 2941 370 3004 qnae
394 2925 532 2985 ratio-et
560 2921 590 2982 in
621 2920 717 2982 tribus
741 2923 918 2999 fragmentis
946 2923 1024 3000 apud
1049 2919 1189 2981 Rufinum
1213 2940 1241 3001 p.
1265 2917 1339 2982 561.
1363 2917 1436 2982 563.
1460 2917 1526 2983 564
1547 2938 1618 2981 con·

189 3097 192 3102 ¹
294 3027 421 3108 spiritur
451 3037 481 3088 ct
510 3043 546 3086 eo
573 3035 695 3086 auctore
725 3025 803 3105 apud
833 3023 956 3086 Atilium
986 3024 1380 3086 Fortunatianurnielicta
1416 3033 1462 3085 est
1490 3026 1619 3104 saepius.

294 3145 401 3208 graeca
426 3137 526 3190 antem
551 3128 697 3218 csenrpla,
723 3129 844 3191 etiamsi
868 3147 947 3190 nuno
972 3131 1003 3189 in
1021 3108 1164 3190 bobiensi
1190 3127 1359 3204 lragntcnto
1386 3144 1445 3188 iton
1464 3125 1617 3206 leguntur.
1691 3199 1703 3208 ³

78 3237 124 3290 -'
296 3242 429 3294 tamena
454 3231 741 3310 graminuticoolim
764 3233 886 3312 scripta,
912 3231 964 3293 scd
988 3229 1147 3293 alibrario
1171 3231 1363 3292 omissaesse
1387 3231 1621 3293 certisimliciis
1695 3245 1715 3292 .’

266 3341 472 3425 ‚apparetp
496 3330 570 3401 621,
596 3330 616 3394 6
639 3341 671 3395 ut
698 3342 741 3395 est
768 3335 855 3410 apud
877 3336 1070 3413 Euripidem,
1095 3355 1125 3414 p.
1150 3329 1224 3402 622,
1254 3329 1308 3402 12;
1341 3330 1381 3394 14
1408 3342 1442 3395 at
1469 3343 1513 3394 est
1534 3335 1622 3411 apud

294 3439 462 3507 Cratinum,
480 3455 509 3518 p.
526 3433 602 3506 622,
619 3432 661 3497 26
678 3441 849 3498 Alcmenes.
865 3471 868 3474 ·
889 3447 1043 3517 postremo
1060 3439 1089 3498 in
1106 3455 1219 3514 genere
1237 3435 1355 3498 dicendi
1374 3438 1448 3496 etin
1466 3436 1620 3498 vocabulis

295 3545 369 3602 artis
393 3539 470 3619 apud
495 3541 726 3620 grammaticum
749 3539 926 3601 bobiensem
944 3557 1039 3620 pauca
1056 3535 1263 3610 inueniuntur,
1289 3558 1365 3620 quac
1389 3559 1424 3600 ex
1447 3539 1538 3601 lubae
1561 3540 1619 3601 dis·
1656 3617 1662 3625 ·

218 3631 232 3644 ’
294 3643 404 3725 ciplina
422 3646 513 3705 certis
529 3643 716 3722 argumentis
731 3647 827 3725 repeti
846 3645 969 3722 possint.
1006 3643 1058 3706 sed
1077 3653 1109 3705 ut
1125 3643 1224 3705 minus
1240 3653 1323 3704 certa
1341 3642 1386 3705 vel
1402 3646 1618 3722 minusgravia
1689 3699 1690 3704 ,
1773 3687 1780 3697 .

294 3751 445 3818 omittam,
474 3745 511 3808 acl
542 3744 625 3808 illum
656 3747 771 3807 reterre
800 3749 862 3808 'non
892 3745 999 3810 dubito
1029 3747 1103 3809 baec
1132 3765 1208 3829 quae
1242 3747 1278 3806 tle
1312 3744 1439 3824 pedibus
1478 3765 1619 3809 versuum

294 3861 456 3932 praecepta
473 3858 553 3917 sunt.
571 3849 736 3911 solutiones
747 3850 858 3931 pedum
872 3851 989 3913 admitti
1000 3849 1044 3911 rel
1057 3849 1148 3931 pedes
1165 3848 1361 3912 exsolutione
1379 3849 1444 3911 lieri
1456 3869 1484 3931 p.
1499 3845 1573 3920 621,
1587 3845 1617 3912 9.

294 3941 367 4023 622,
385 3952 421 4024 4;
447 3949 496 4015 15.
525 3948 598 4022 624,
622 3948 673 4022 24,
705 3955 795 4014 certis
817 3971 957 4014 versuum
981 3951 1055 4015 locis
1076 3953 1170 4034 pedes
1194 3952 1278 4014 brevi
1302 3953 1422 4023 finitos,
1452 3950 1518 4014 aliis
1541 3952 1617 4014 locis
1721 3938 1725 3946 ’

266 4097 273 4103 -
295 4057 389 4137 pedes
413 4055 622 4119 indilicrenter
645 4055 718 4135 poni
742 4073 771 4134 p.
789 4043 868 4126 621,
891 4056 922 4118 4.
947 4052 1020 4128 621,
1044 4053 1079 4124 5;
1104 4051 1157 4117 23.
1186 4074 1255 4117 nam
1279 4055 1336 4117 hoc
1360 4055 1481 4118 dicendi
1505 4072 1619 4135 genere

295 4158 369 4222 laba
393 4179 465 4222 usus
482 4166 528 4220 cst
550 4148 628 4239 apud
644 4157 785 4219 liuilnnm
803 4176 831 4238 p.
847 4155 921 4228 562,
941 4156 980 4220 12
1004 4160 1041 4219 tle
1066 4158 1195 4220 iambico
1212 4167 1318 4228 metro,
1343 4163 1475 4236 quinque
1491 4161 1620 4237 suscipit
1652 4177 1655 4182 ·

293 4265 402 4342 pedes,
427 4265 527 4324 idest
548 4263 680 4324 iambum
704 4262 886 4342 tribrachyn
910 4270 1114 4340 anapaestum
1136 4264 1292 4340 dactylum
1315 4271 1344 4322 et
1363 4263 1540 4340 spondeam,
1564 4264 1621 4324 boc
1697 4252 1704 4259 ’

245 4399 249 4406 ·
296 4377 339 4428 est
364 4367 496 4427 tambram
519 4373 549 4426 et
570 4365 737 4442 spondeum
764 4373 794 4426 et
814 4369 979 4430 solutiones
1000 4382 1119 4440 eorum,
1150 4368 1265 4428 scilicet
1288 4383 1329 4426 ex
1354 4367 1448 4426 iambi
1473 4367 1620 4428 solatione

296 4469 489 4545 tribrachyn,
516 4453 563 4512 -'
571 4453 702 4546 spondei
715 4477 814 4530 autem
836 4474 998 4532 solutiones
1014 4471 1102 4543 diras,
1128 4463 1286 4547 dactylum
1302 4475 1332 4530 et
1346 4477 1558 4546 anapaestum.
1576 4502 1618 4519 -ν

295 4573 377 4635 ande
399 4573 537 4647 intelleai
550 4573 645 4633 datar
667 4573 799 4634 iambica
820 4581 918 4635 metra
935 4575 974 4633 de
995 4576 1095 4633 iambo
1117 4580 1146 4632 et
1167 4573 1302 4649 spondeo
1320 4574 1393 4646 pert
1411 4580 1442 4632 et
1464 4573 1502 4632 de
1515 4587 1618 4634 eoram
1670 4613 1674 4618 „

296 4673 513 4752 solatiandum
542 4673 582 4736 ib.
607 4692 636 4753 p.
658 4671 733 4746 563,
759 4675 776 4736 l
802 4675 838 4735 cle
862 4673 1024 4749 cholinmbi
1053 4673 1130 4755 pede
1153 4677 1282 4735 sextae
1310 4677 1403 4750 lonpa
1424 4674 1543 4750 syllaba
1571 4677 1618 4736 in-

267 4781 389 4856 ¹cipit,·
425 4777 502 4859 apud
532 4774 721 4868 Priscianum
745 4778 781 4839 dc
805 4785 893 4840 metr.
918 4777 1040 4839 Tcrcnt.
1065 4797 1095 4858 p.
1119 4772 1193 4846 420,
1218 4773 1236 4836 l
1266 4779 1335 4839 idea
1364 4776 1398 4837 in
1426 4780 1560 4840 secundo
1590 4788 1620 4840 et

200 4957 204 4962 Ι
298 4891 405 4974 quarto
433 4889 464 4943 et
487 4889 583 4949 sexto,
600 4883 669 4943 loco
695 4899 756 4943 non
784 4885 896 4960 recipit
924 4883 1023 4976 nisio
1046 4883 1131 4942 breui
1157 4882 1353 4956 incipientem
1384 4878 1425 4940 tt.
1450 4899 1478 4960 p.
1502 4876 1576 4952 421,
1598 4879 1619 4941 2

1356 4981 1411 5034 tu*
