3866 5562
355 279 421 348 574
824 273 842 344 f
949 297 1073 346 nvnnu
1297 334 1304 347 .

356 397 378 438 p·
391 385 452 430 0700.
467 386 492 428 tt
505 386 530 428 1’.
1356 381 1362 390 '
1498 397 1522 436 p.
1535 381 1685 426 ass-tot-o.

357 484 460 538 craten
483 474 614 536 maxime
632 475 790 546 mirantur,
816 473 873 536 hoc
891 475 926 536 in
944 475 1009 534 eius
1032 473 1156 535 sumruis
1180 472 1319 536 laudibus
1340 474 1452 543 ferunt,
1477 472 1557 553 quod
1583 471 1683 535 rerbis

357 575 465 641 solutis
489 594 633 640 numeros
658 581 774 659 primus
797 578 978 640 adiunxerit.
1016 593 1084 638 cum
1109 577 1188 638 enim
1214 575 1330 638 videret
1345 584 1482 637 oratores
1504 595 1572 639 cum
1596 594 1681 638 sere·

358 682 447 743 ritate
471 679 579 753 audiri,
603 689 708 762 poetas
732 690 832 744 autem
862 697 930 742 cum
961 675 1126 761 voluptate,
1156 687 1219 742 tum
1248 679 1359 741 «licitur
1381 697 1526 742 numeros
1548 688 1679 751 secutus,

357 782 469 867 quibus
485 785 574 846 eliam
598 787 629 846 in
647 784 782 846 oratione
798 793 965 854 uteremur,
990 801 1058 845 cum
1075 772 1269 846 iucunditatis
1285 801 1384 854 causa,
1410 792 1473 844 tum
1496 790 1530 845 ut
1552 785 1681 846 varietas

357 895 535 950 occurreret
557 887 697 950 satietati.
720 885 807 968 quod
823 887 860 950 ab
883 886 931 950 his
947 905 1017 950 rere
1039 885 1168 969 quadam
1193 896 1340 970 exparte,
1366 903 1426 949 non
1444 895 1540 950 totum
1556 885 1704 950 dicimus

348 1009 426 1054 vnam
451 992 600 1054 neminem
624 993 655 1052 iu
679 1007 715 1052 eo
739 1007 851 1068 genero
881 993 1028 1054 scientius
1051 999 1212 1052 versatum·
1233 989 1363 1054 isocrate
1391 989 1595 1053 condiendum
1623 1000 1676 1066 est,

357 1094 409 1158 'sed
440 1095 585 1176 princeps
609 1095 615 1171 1
640 1093 812 1156 inveniendi
841 1094 896 1156 fuit
923 1093 1184 1176 Thrasymachus,
1214 1095 1300 1156 cuius
1329 1095 1431 1156 omnia
1461 1095 1552 1157 nimis
1579 1103 1679 1156 extant

356 1199 469 1280 scripta
493 1197 662 1260 numerose.
708 1212 793 1268 naor,
826 1206 859 1260 ut
888 1196 978 1280 paulo
1006 1207 1073 1260 ante
1104 1197 1184 1266 dixi,
1212 1199 1297 1278 paria
1324 1195 1449 1278 paribus
1480 1195 1617 1259 adiuncta
1649 1207 1679 1258 et

357 1300 499 1365 similiter
522 1298 653 1368 definita.
678 1299 811 1382 itemque
834 1297 998 1364 contrariis
1028 1298 1123 1362 relata
1147 1301 1308 1373 contraria,
1338 1287 1489 1382 quassus
1513 1307 1628 1379 sponte,
1650 1303 1677 1363 si

356 1407 385 1468 id
410 1422 471 1468 non
495 1421 580 1484 agas,
598 1401 609 1486 ΙΙ
626 1402 740 1466 cadunt
769 1403 950 1486 plerumque
979 1421 1155 1474 numerose,
1186 1403 1313 1484 Gorgias
1336 1404 1452 1485 primus
1475 1403 1596 1472 invenit,
1626 1402 1677 1465 sed
1692 1415 1718 1456 1⁰

359 1511 396 1573 iis
412 1517 466 1580 ,est
489 1525 561 1570 usus
585 1509 846 1588 intemperantius.
893 1507 923 1568 id
947 1519 1046 1569 autem
1072 1515 1117 1570 est
1140 1524 1248 1586 genus,
1272 1515 1305 1568 ut
1327 1515 1396 1568 ante
1419 1505 1534 1568 dictum
1558 1513 1613 1576 est,
1643 1523 1678 1567 ex

358 1611 457 1674 tribus
473 1609 609 1691 partibus
625 1607 833 1672 collocationis
849 1608 989 1672 alterum.
1029 1627 1134 1673 eorum
1158 1619 1288 1694 uterquc
1305 1610 1458 1672 isocralen
1481 1616 1579 1672 aetate
1595 1627 1680 1690 prae·

358 1717 464 1788 currit,
489 1705 522 1774 ut
544 1730 596 1775 eos
626 1712 676 1774 ille
700 1713 924 1785 moderatione,
953 1731 1013 1776 nou
1043 1713 1216 1776 inventione
1245 1714 1361 1776 vicerit,
1407 1721 1452 1774 cst
1480 1714 1561 1774 eninr
1589 1719 1622 1773 ut
1646 1708 1679 1774 in

313 1847 317 1862 ·
358 1815 578 1879 transferendis
594 1815 802 1896 faciendisque
825 1815 925 1879 verbis
941 1815 1143 1898 tranquillior,
1167 1818 1211 1880 sic
1233 1819 1264 1880 in
1288 1819 1363 1896 ipsis
1378 1819 1515 1879 numeris
1537 1815 1676 1877 sedatior.
1780 1833 1784 1838 ·

288 1913 291 1923 '
358 1921 486 1999 Gorgias
509 1928 612 1981 autern
635 1919 749 1982 avidior
773 1929 819 1981 cst
841 1920 962 2000 generis
986 1923 1051 1983 eius
1075 1931 1105 1983 et
1125 1923 1165 1984 iis
1188 1919 1403 1984 festivitatibus
1432 1919 1486 1998 (sic
1510 1921 1590 1981 enim
1613 1915 1678 1998 ipse
1693 1933 1718 1976 as

312 2105 314 2108 Ι
359 2021 472 2102 censet)
493 2021 680 2085 ‘insolentius
708 2020 857 2094 abutitur,
887 2041 961 2104 quas
989 2023 1150 2095 isocrates,
1186 2041 1255 2086 cum
1285 2033 1384 2087 tamen
1415 2015 1550 2086 audisset
1578 2021 1677 2085 adule-

358 2143 448 2189 scens
471 2128 560 2188 etlam
584 2127 615 2187 in
639 2123 794 2188 Thessalia
817 2143 921 2188 senem
945 2129 1005 2188 iam
1029 2126 1181 2206 Gorgiam,
1205 2126 1393 2191 moderatius
1415 2127 1615 2208 temperarit?

445 2229 478 2292 ln
501 2228 560 2291 alio
582 2225 649 2290 loco
670 2229 723 2299 sic,
749 2226 821 2290 ‘Sed
838 2227 893 2290 hos
916 2231 1033 2292 cumin
1057 2229 1197 2292 clausulis
1212 2227 1306 2311 pedes
1330 2233 1464 2302 nomino,
1489 2247 1550 2292 uon
1572 2228 1678 2311 loquor

358 2332 396 2395 de
420 2351 481 2395 uno
505 2330 582 2412 pede
600 2340 751 2403 extremm
776 2330 916 2412 adiungo,
940 2331 1021 2412 quod
1037 2333 1196 2396 minimum
1220 2337 1269 2405 sit,
1294 2333 1465 2416 proxhnurn
1480 2333 1676 2416 superiorem,

337 2453 450 2517 saepo
473 2437 564 2497 etiam
589 2435 724 2496 tertium.
772 2451 810 2497 ne
834 2434 953 2497 iambus
974 2434 1114 2517 quidem,
1144 2439 1195 2518 qui
1219 2447 1265 2499 est
1294 2435 1417 2500 ebrcri
1444 2447 1474 2500 et
1496 2436 1599 2516 longa,
1628 2443 1718 2498 autao

358 2556 414 2620 par
437 2537 558 2611 choreo,
582 2539 635 2618 qui
658 2535 750 2600 habet
774 2547 836 2600 tres
852 2535 969 2610 breves,
994 2538 1165 2620 trochacus,
1189 2541 1241 2602 sed
1265 2542 1364 2620 spatio
1380 2557 1444 2621 par,
1468 2556 1528 2602 non
1546 2537 1676 2620 sybabis,

360 2639 523 2704 autetiam
548 2639 690 2722 dactylus,
719 2643 770 2723 qui
794 2652 840 2704 est
862 2661 878 2704 e
903 2640 989 2722 longa
1014 2649 1043 2704 ct
1066 2641 1184 2704 duabus
1211 2640 1371 2712 brevibus,
1401 2643 1426 2706 si
1455 2651 1502 2705 est
1525 2645 1678 2724 proximus

359 2765 375 2808 a
405 2753 576 2828 postremo,
611 2762 718 2826 parum
746 2742 919 2809 volubiliter
947 2747 1086 2826 pervenit
1116 2744 1152 2808 ad
1183 2755 1367 2828 extremum,
1400 2747 1426 2808 si
1454 2755 1499 2810 est
1529 2728 1686 2807 extremus'

359 2847 491 2910 choreus
513 2856 565 2910 aut
587 2848 755 2929 spondeus:
780 2866 941 2931 numquam
966 2852 1048 2911 enirn
1071 2851 1212 2918 interest,
1245 2857 1313 2912 uter
1341 2851 1381 2912 sit
1408 2867 1513 2912 eorum
1541 2850 1574 2911 in
1604 2848 1678 2928 pede

359 2956 506 3014 extremo.
552 2949 604 3012 sed
627 2950 719 3013 iidem
746 2951 779 3012 hi
802 2958 866 3014 tres
894 2949 988 3034 pedes
1015 2950 1093 3015 male
1121 2949 1358 3024 concluduntur,
1389 2955 1485 3036 siquis
1513 2970 1618 3014 eorum
1644 2953 1715 3013 inas

360 3064 496 3117 extremo
519 3052 636 3116 locatus
660 3061 713 3124 est,
742 3055 799 3117 uisi
822 3072 980 3144 cumpro
1007 3055 1122 3118 cretico
1151 3066 1325 3136 postremus
1354 3065 1399 3118 est
1426 3055 1575 3138 dactylus:
1607 3052 1678 3116 nihil

359 3159 439 3222 enirn
464 3159 603 3226 interest,
634 3155 768 3238 dactylus
796 3158 835 3218 sit
863 3167 1017 3220 extremus
1044 3174 1081 3220 an
1110 3162 1257 3238 creticus,
1286 3161 1356 3242 quia
1387 3167 1538 3241 postrema
1569 3156 1679 3239 syllaba

360 3259 462 3323 brevis
485 3277 521 3321 an
547 3259 635 3338 longa
657 3261 711 3330 sit,
742 3279 781 3322 ne
804 3263 947 3323 inversu
969 3261 1091 3344 quidem
1115 3261 1221 3325 refert.
1259 3281 1355 3345 quare
1379 3265 1469 3326 etiam
1493 3279 1606 3344 paeana
1629 3261 1679 3343 qui

360 3364 434 3425 dixit
457 3365 616 3442 aptiorem,
640 3365 671 3424 in
695 3381 754 3444 quo
779 3372 858 3426 esset
881 3364 969 3445 longa
993 3372 1156 3446 postrema,
1185 3365 1266 3428 ridet
1287 3383 1408 3448 parum,
1437 3367 1579 3446 quoniam
1606 3362 1679 3426 nihil

360 3466 485 3528 adrem
516 3473 575 3534 cst,
607 3475 878 3548 postrema-quam
907 3466 994 3547 longa
1022 3464 1173 3552 situlam
1204 3486 1314 3549 paean,
1346 3468 1426 3552 quod
1455 3467 1560 3549 plures
1589 3466 1716 3528 habetao

359 3567 497 3650 syllabas,
522 3585 667 3631 numerus
696 3586 711 3630 a
743 3568 940 3651 quibusdam,
971 3588 1031 3632 non
1060 3589 1115 3652 pes
1144 3573 1358 3634 existimatur!
1409 3571 1487 3635 idem
1516 3569 1621 3634 Cicero
1648 3571 1677 3630 in

429 3759 461 3810 18
480 3759 505 3808 in
524 3757 575 3808 alio
595 3757 652 3810 loco
671 3759 709 3810 sic
727 3757 782 3814 Cic.
802 3757 875 3810 Orat.
893 3761 940 3822 od,
958 3761 1010 3812 216

359 3861 565 3872 ..ιη-.-

319 3985 321 3992 ¹
427 3911 546 3964 inolitis
566 3911 592 3962 B
695 3916 861 3964 luteremur
880 3909 952 3984 cum]
973 3926 1086 3966 uteretur
1102 3925 1194 3972 rums
1298 3913 1459 3984 bqnadam]
1477 3915 1612 3980 quidems

360 3999 526 4049 bnaminem
545 4013 593 4050 om.
611 3998 691 4059 ΑΒς,
709 3999 775 4051 add.
795 3999 839 4050 A*
927 4001 1037 4052 isocrate
1056 3999 1096 4050 A*
1114 4002 1227 4054 isocratd
1246 4002 1299 4054 AB
1317 4003 1455 4054 isocratem
1474 4013 1491 4058 ς
1572 4003 1588 4052 0
1607 4003 1677 4051 item·

360 4097 412 4146 que
430 4084 455 4133 A
474 4091 583 4151 utroque
605 4086 670 4143 loco,
694 4087 755 4136 irem
773 4085 818 4144 Bc
866 4139 874 4157 ,Ι
888 4085 967 4137 relata
987 4087 1226 4154 Cappercnnerr‘us,
1245 4089 1345 4156 perlata
1362 4091 1388 4141 A
1406 4095 1515 4156 utroque
1533 4089 1589 4140 loco
1612 4093 1637 4137 et
1653 4083 1678 4135 B

1046 4185 1060 4224 a

267 4251 273 4258 -
361 4219 497 4286 prolatas
602 4221 884 4287 senseriacum*
907 4225 1104 4290 contrat-iaquae
1127 4225 1153 4277 A
1176 4225 1506 4292 contrariaquaeqneBs
1609 4219 1677 4292 isi]

360 4306 462 4356 etiamsi
482 4305 573 4358 cicero
645 4309 677 4358 10
696 4309 795 4374 primus
813 4321 897 4367 oms
968 4313 997 4362 11
1018 4311 1051 4362 iis
1070 4324 1110 4362 est
1127 4325 1191 4362 usus
1210 4309 1255 4363 A*
1273 4311 1305 4364 iis
1324 4328 1389 4364 usus
1408 4313 1485 4364 estA
1504 4311 1545 4364 bis
1563 4322 1676 4362 estusas

359 4391 403 4448 Be
476 4393 506 4442 10
524 4391 632 4444 alterum
651 4407 740 4445 eorum
754 4393 808 4447 AB
825 4394 965 4447 alterorum
985 4397 1027 4448 A*
1097 4407 1180 4449 aetate
1199 4398 1375 4464 praecurritA
1393 4407 1503 4466 utroque
1521 4399 1585 4460 loco,
1603 4409 1675 4464 prae-

359 4480 439 4529 currit
456 4489 539 4529 aetate
557 4477 584 4527 B
654 4481 686 4531 13
705 4479 793 4531 atille
811 4493 893 4538 coss
963 4484 997 4535 00
1014 4493 1059 4533 aut
1077 4499 1124 4552 par
1142 4495 1182 4534 est
1198 4482 1293 4536 choreo
1310 4483 1373 4536 Aru.
1448 4485 1480 4536 01
1499 4483 1634 4534 trochaeus
1651 4481 1676 4531 in

360 4565 433 4616 hirto
453 4565 586 4617 Ciceromr
603 4567 720 4618 omissum
743 4569 848 4620 seclusit
867 4567 1045 4635 Gaissordium
1073 4577 1133 4636 port
1150 4569 1245 4621 choreo
1268 4577 1484 4637 transposuerunt
1505 4571 1619 4621 editores
1637 4565 1677 4617 Gi·

360 4654 463 4703 eerom's
526 4649 579 4703 sed
598 4667 645 4704 oar.
664 4653 728 4706 Vere
798 4654 832 4704 06
850 4653 897 4705 sed
915 4653 1023 4705 idemB
1091 4655 1118 4707 bi
1137 4671 1185 4710 orn.
1198 4671 1224 4718 ς,
1243 4657 1269 4707 in
1285 4658 1348 4708 Arc.
1419 4652 1675 4708 concluduntcicero
1791 4673 1796 4678 ·

411 4737 446 4787 00
463 4753 521 4788 cum
540 4753 589 4790 om,
607 4736 661 4803 Bc,
680 4739 742 4790 odd.
759 4740 785 4790 A
855 4739 889 4790 09
907 4741 1034 4806 aptiorem
1055 4741 1145 4794 Cicero
1164 4746 1284 4794 artiorem
1303 4741 1356 4796 AB
1374 4744 1544 4796 arctiorem&
1613 4739 1677 4791 uidit

362 4821 453 4875 Cicero
523 4826 557 4876 30
574 4837 653 4888 quarn
672 4824 751 4892 longa
769 4821 814 4891 sit]
834 4824 921 4877 breuis
939 4841 973 4878 aa
992 4826 1071 4894 longa
1089 4829 1158 4885 sits
1227 4831 1259 4880 01
1280 4825 1445 4896 quibusdam]
1465 4827 1558 4892 quibus
1577 4825 1604 4880 B
1669 4891 1674 4897 ¹
