3850 5560
779 393 829 443 ura
852 393 1071 446 srarcrvrus
1148 365 1152 376 ’
1223 441 1227 444 .
1296 357 1303 368 ”
1431 381 1433 386 ’
1523 379 1587 447 627

1405 483 1589 536 mmmm

730 675 794 750 nn
821 645 1119 751 converrere

261 899 267 902 ·
319 891 325 909 .
348 865 600 942 Quattuordecim
624 866 680 930 tibi
703 873 935 956 structurarum·
949 872 1112 948 praecepta
1128 866 1291 935 transmisi,
1316 885 1353 930 ex
1376 865 1485 950 quibus
1507 867 1589 932 velut
1692 939 1697 948 ¹

259 969 501 1050 gubernaculum
525 973 780 1053 compositionum
806 951 938 1032 teneres.
991 968 1061 1032 binc
1092 971 1173 1032 enim
1197 968 1331 1054 reliquas
1360 977 1413 1034 aut
1440 957 1496 1052 per
1525 990 1588 1035 anr-

261 1073 438 1156 piiationem
462 1082 513 1138 aut
535 1073 795 1157 persolutionem
819 1073 912 1142 nasci,
940 1073 966 1134 si
989 1071 1249 1144 animadverteris,
1279 1073 1505 1156 comprobabis.
1551 1096 1588 1140 ex

234 1177 407 1242 atrccbaeo
431 1186 461 1240 et
483 1175 717 1260 palimbacchio,
740 1186 773 1240 ut
792 1176 904 1240 doctus
926 1185 1039 1239 orator.
1086 1196 1123 1239 ex
1152 1175 1296 1239 trochaeo
1319 1185 1350 1240 et
1377 1176 1524 1250 molosso,
1555 1188 1589 1243 ut

213 1272 223 1283 ’
260 1299 346 1359 sacra
378 1281 529 1344 maiestas.
575 1271 614 1343 ex
650 1280 793 1344 trochaeo
822 1287 853 1342 et
879 1297 996 1364 paeone
1027 1282 1131 1351 tertio,
1167 1287 1201 1343 ut
1231 1298 1329 1362 poena
1358 1277 1505 1363 capitalis.
1551 1302 1589 1345 ex

261 1383 406 1447 trochaeo
439 1393 470 1446 et
503 1403 621 1466 paeone
649 1387 765 1467 primo,
800 1391 833 1447 ut
862 1384 960 1447 iracta
991 1383 1137 1448 uaricula.
1187 1401 1225 1445 ex
1253 1383 1400 1447 trochaeo
1429 1395 1459 1448 et
1487 1387 1588 1449 ionico

261 1492 387 1558 maiore,
412 1497 444 1552 ut
468 1468 679 1554 rtrs'teticior.
724 1508 761 1552 ex
777 1487 924 1553 tribrachi
948 1499 978 1551 et
1000 1487 1229 1570 palimbacchio,
1253 1496 1286 1551 ut
1307 1488 1433 1551 timidus
1456 1489 1586 1552 auditor.

262 1612 298 1656 er
322 1592 466 1656 tribrachi
490 1603 521 1656 et
544 1594 688 1670 molosso,
719 1603 751 1680 ut
766 1587 897 1674 ¹misera'
914 1591 1047 1656 libertas.
1095 1611 1130 1654 ex
1161 1591 1297 1673 spondeo
1326 1597 1357 1655 et
1385 1591 1525 1664 bacchio,
1556 1601 1589 1655 ut

222 1695 378 1762 rolulmen
411 1697 553 1760 tonantis.
600 1715 636 1760 err
666 1698 784 1780 dactylo
813 1706 844 1760 et
872 1695 1063 1767 ditrochaeo,
1094 1703 1127 1758 ut
1157 1694 1302 1759 Romulus
1329 1699 1505 1779 amputarit.
1552 1715 1586 1760 ex

133 1811 136 1816 ’
229 1862 242 1880 .
259 1785 427 1883 anapaesto
449 1807 480 1862 et
495 1799 683 1870 ditrochaeo,
708 1810 742 1879 ut
758 1798 863 1862 oculus
879 1799 1043 1880 virginalis.
1081 1818 1117 1863 ex
1133 1797 1339 1881 amphimacro
1355 1809 1385 1862 et
1399 1799 1586 1872 ditrochaeo,

261 1912 296 1966 ut
319 1905 432 1984 optime
455 1905 638 1966 cantitastis.
677 1921 712 1965 ex
737 1901 854 1984 dactylo
877 1909 907 1964 et
922 1904 1099 1984 antispasto,
1124 1912 1158 1965 ut
1181 1903 1312 1966 dedecus
1334 1905 1512 1966 amicorum.
1552 1921 1587 1966 ex

172 2031 178 2040 ·
262 1996 426 2088 anapaesto
449 2013 479 2072 et
501 2009 686 2088 antispasto,
716 2016 749 2068 ut
771 2005 898 2099 cupidus
923 2003 1119 2084 voluptatum.
1163 2023 1201 2068 ex-
1228 1997 1435 2086 amphimacro
1459 2015 1489 2068 et
1511 2009 1588 2069 anti·

262 2107 421 2192 spasteut
444 2113 575 2190 impetus
598 2105 798 2192 retardavit}
835 2137 841 2144 ·
1181 2107 1183 2112 ’

137 2263 140 2268 .
223 2235 249 2276 rs
351 2212 517 2280 ttselxtttt
540 2209 842 2293 clausulae'possuut
865 2223 895 2275 et
917 2216 955 2274 ita
981 2231 1064 2284 esso,
1097 2231 1131 2274 ex
1157 2212 1299 2275 trochaeo
1325 2223 1355 2275 at
1377 2214 1525 2284 molosso,
1556 2226 1590 2275 ιιι

263 2319 352 2380 iortis
375 2320 529 2379 herreasr.
550 2335 584 2376 ex
610 2317 752 2378 trochaeo
770 2325 799 2378 et
821 2315 1022 2386 antibacchio,
1046 2326 1079 2379 ut
1102 2307 1362 2378 docturos-aron·
1386 2335 1421 2377 ex
1446 2316 1589 2380 trochaeo

155 2484 162 2492 ,
262 2431 293 2482 et
316 2415 432 2500 paeone
458 2418 508 2491 ΙΙΙ,
533 2429 565 2480 ut
588 2417 698 2500 templa
723 2422 884 2483 revocavit.
931 2439 968 2481 es
993 2421 1138 2482 trochaeo
1162 2427 1192 2479 et
1213 2421 1313 2481 ionico
1330 2421 1449 2488 minori,
1474 2429 1507 2480 ιιι
1531 2420 1588 2482 lato
1637 2453 1640 2460 ·

262 2523 444 2602 repararint.
490 2540 526 2583 ex
550 2522 693 2584 trochaeo
717 2531 746 2584 et
769 2523 869 2584 ionico
893 2525 1009 2592 maiori,
1042 2531 1074 2583 ut
1097 2522 1328 2602 arsalunouia.
1375 2541 1410 2584 ex
1442 2521 1588 2584 tribrachi

264 2635 296 2687 et
319 2624 461 2695 urclosso,
485 2634 518 2686 ut
541 2636 663 2686 revocat
685 2625 820 2688 insanos.
867 2645 902 2687 ex
927 2623 1074 2688 tribrachi
1098 2613 1128 2686 et
1151 2624 1382 2709 palimbacchio,
1411 2634 1444 2686 ut
1466 2634 1590 2706 reparat

222 2753 249 2793 ao
263 2739 376 2792 orator.
420 2747 459 2798 er
481 2726 627 2791 tribrachi
650 2735 680 2790 et
702 2729 802 2790 ionico
825 2729 942 2801 maiori,
967 2739 998 2791 ut
1022 2737 1161 2824 punierat
1184 2728 1348 2810 impendia.
1393 2747 1431 2790 ex
1453 2727 1589 2808 spondeo

264 2841 295 2894 et
314 2830 554 2912 amphibracho,
589 2840 620 2892 ut
649 2839 766 2894 urentes
795 2840 967 2894 nocentum.
1014 2851 1050 2894 es
1078 2831 1273 2914 spondeo'et
1296 2831 1526 2913 amphibrachy,
1558 2840 1590 2895 ut

168 2953 174 2958 ·
263 2930 386 2998 calcans
409 2936 549 2996 arcticum.
596 2952 633 2995 ex
656 2942 797 3012 quattuor
819 2933 928 3014 longis,
953 2952 1081 3014 quarum
1105 2934 1203 2998 media
1233 2933 1333 2998 brevis
1357 2944 1411 3002 est,
1436 2944 1470 2998 ut
1492 2931 1590 2996 retici·

154 3022 160 3030 ⁹
263 3027 351 3102 tates.
398 3031 670 3118 examptrrbrach'y
694 3046 724 3100 et
745 3037 936 3113 ditrochaeo,
961 3047 993 3100 ut
1017 3036 1146 3100 insulam
1171 3038 1364 3117 comparavit.
1411 3055 1448 3098 ex
1470 3037 1589 3118 dactylo

264 3151 295 3203 et
319 3139 504 3212 ditrochaeo,
530 3147 562 3202 ut
585 3143 718 3221 optimus
741 3143 919 3222 imperator.
967 3161 1002 3203 ex
1026 3139 1143 3222 dactylo
1168 3149 1198 3201 et
1220 3142 1342 3221 epitrito
1365 3139 1399 3212 ΙΙ,
1424 3148 1457 3202 ut
1472 3140 1589 3202 arbiter

222 3243 444 3325 erimperandi.
638 3325 641 3330 Ι
1553 3307 1557 3317 ,

275 3373 279 3380 ·
351 3347 410 3410 Sed
435 3354 464 3410 et
487 3345 550 3419 has,
574 3351 649 3429 ipuas
674 3351 838 3411 memorari
862 3347 1018 3417 clausulas,
1048 3347 1073 3408 si
1097 3349 1196 3410 acrius
1225 3348 1377 3418 advertas,
1408 3349 1438 3409 in
1463 3346 1589 3409 duarum

263 3451 451 3531 generalium
476 3469 636 3514 numerum
661 3451 833 3532 reputabis,
864 3470 899 3513 ex
922 3451 1064 3549 trochaeo
1088 3460 1117 3513 et
1142 3452 1282 3538 molosso,
1313 3447 1459 3515 tribrachi
1491 3459 1521 3512 et
1544 3449 1589 3512 di·

265 3554 419 3615 trochaeo.
467 3551 546 3619 Vale.

269 3741 475 3754 *ᾖ*

335 3845 360 3896 Β
378 3847 465 3897 codex
484 3843 630 3908 Baliaricis,
652 3862 718 3898 nunc
740 3846 946 3899 Vindobonenaia
966 3851 998 3898 ld

337 3933 360 3982 Ρ
376 3933 462 3982 codex
482 3932 618 3981 Parisinus
638 3935 716 3996 7530,
736 3933 780 4000 qui
795 3935 904 3998 primurn
921 3941 1023 4000 purtem
1041 3941 1233 3985 structurarum
1252 3935 1267 3983 2
1287 3957 1319 3970 -
1340 3934 1372 3984 ΙΙ
1390 3933 1504 3984 continet

319 4017 350 4068 'l
370 4015 414 4068 DE
433 4013 645 4068 stittcrttrts
665 4035 711 4074 om,
731 4017 769 4082 B,
789 4015 851 4072 add.
871 4021 896 4071 Ρ
964 4019 1043 4070 artui
1063 4035 1110 4074 om.
1129 4021 1160 4082 P,
1179 4019 1286 4077 oddss
1361 4029 1548 4068 structurarum
1567 4017 1594 4068 Ρ

268 4159 483 4224 ipsorrourarum
505 4155 528 4206 B
620 4158 751 4209 {iteneris
775 4158 801 4209 P
891 4160 908 4209 Ι
931 4173 978 4226 per
1001 4106 1253 4210 sororro‘r‘fflffscr
1279 4158 1300 4207 ai
1325 4155 1540 4206 animaduerteris
1566 4154 1591 4204 B

174 4279 186 4286 -
224 4301 229 4304 ,
266 4243 491 4312 persolutionem
522 4257 581 4292 nuru
604 4244 745 4294 nce-iussi
779 4242 993 4294 animaduerteris
1023 4244 1046 4294 Ρ
1131 4244 1199 4294 8ut
1226 4241 1333 4292 timidus
1355 4241 1460 4309 auditor
1482 4257 1529 4291 om.
1558 4241 1589 4303 Ρ,

265 4327 367 4382 autu
437 4329 586 4380 iimdiosso
606 4341 633 4378 ut
652 4327 1062 4381 lucereconsueruntntrnisera
1082 4327 1227 4380 libertas?
1297 4330 1325 4377 tl
1346 4325 1590 4392 oculosuirginnles
1669 4329 1672 4336 ’

211 4433 336 4469 ·corr.
358 4412 649 4480 ocutuauirgiunliaB
756 4415 786 4465 12
805 4416 951 4466 caruitasria
972 4415 1211 4466 BraurnrrisrisP
1317 4416 1352 4490 1³⁴
1365 4428 1396 4464 es
1417 4425 1542 4478 »rnapesro
1567 4423 1591 4461 et

267 4505 415 4568 nutispasto
441 4511 468 4550 ut
492 4500 595 4550 nouitas
619 4501 762 4551 retardnrrit
789 4499 847 4568 (2²6)
876 4501 922 4552 sed
949 4501 997 4552 has
1025 4517 1090 4564 quns
1118 4499 1420 4550 nremcr·arri·r·lnusulas
1449 4501 1470 4548 si
1498 4499 1592 4548 acriter
1687 4489 1690 4494 ’

266 4589 388 4640 aduertaa
408 4589 434 4638 iu
452 4587 563 4636 duarum
582 4585 742 4652 generalium
762 4599 895 4636 numerum
915 4587 1033 4654 pertabis
1052 4589 1159 4654 reliquia
1177 4591 1276 4639 omisatr
1296 4587 1320 4637 Ρ
1402 4587 1432 4635 rt
1451 4583 1592 4635 retardauir

267 4674 373 4740 explicit
392 4672 501 4724 feliciter·
519 4671 543 4723 B
631 4673 662 4722 17
680 4667 788 4738 minori]
809 4673 897 4724 maino
916 4689 985 4724 corr.
1008 4675 1078 4722 nriuc
1100 4671 1124 4721 B
1212 4675 1243 4723 ‘21
1263 4667 1463 4737 amphitrrnchy]
1484 4669 1591 4719 arntlbrr't

183 4765 187 4770 '
267 4761 357 4826 priore
380 4762 436 4810 ioco
460 4757 494 4814 Β.
534 4759 819 4809 condens-structurum
847 4775 901 4808 curu
930 4759 1028 4810 duodece
1051 4761 1177 4824 exerrplia
1200 4763 1286 4823 pocot
1307 4760 1487 4822 prouocatione

172 4832 180 4840 ’
266 4848 301 4894 ⁴2⁴2
320 4840 455 4912 quattuor]
476 4845 591 4909 quinque
611 4841 662 4899 B.·
682 4859 714 4894 ex
733 4845 847 4906 quinque
871 4843 977 4909 syllabis
996 4860 1105 4906 uirorum
1125 4845 1197 4895 tertia
1218 4845 1303 4894 creua
1323 4857 1361 4892 est
1379 4844 1488 4895 coniecit
1505 4843 1592 4893 editor

272 4927 477 4983 Vindobonerraic
547 4933 579 4982 at
599 4932 743 4997 reportabis
762 4945 832 4982 corr.
851 4931 984 4997 reputabis
1005 4929 1029 4980 B

219 5107 234 5142 9
