3888 5550
340 1580 379 1644 dl.
405 1575 520 1641 Claudii
544 1574 717 1640 Sacerdotis
741 1578 851 1641 artium
875 1577 1140 1656 grammaticarum
1165 1570 1234 1634 libri
1258 1570 1319 1634 dno
1342 1591 1358 1634 a
1382 1574 1487 1638 conice
1510 1573 1577 1637 Bo·

254 1683 393 1755 biensi,
417 1700 499 1746 nnnc
522 1679 747 1745 vindobonensi
765 1677 814 1750 16.
839 1683 969 1765 primum
987 1680 1060 1744 editi
1083 1687 1154 1744 sunt
1176 1677 1214 1740 ab
1232 1675 1427 1742 Eichenieldo
1451 1687 1480 1741 ct
1494 1679 1573 1743 End·

257 1787 372 1852 lichero
400 1788 431 1849 in
461 1783 605 1848 analectis
634 1787 840 1868 grammaticis
863 1785 1059 1848 vindobonae
1083 1804 1109 1849 a.
1136 1787 1230 1854 1837.
1275 1789 1410 1852 codicem
1439 1793 1579 1846 accurate

253 1891 415 1974 descripsit
444 1891 642 1954 Endlicherus
665 1890 732 1954 cod.
757 1890 900 1973 philolog.
933 1889 1015 1958 latin.
1040 1888 1112 1954 bibi.
1143 1891 1235 1956 Palat.
1267 1889 1437 1956 vindobon.
1462 1911 1491 1974 p.
1514 1889 1579 1954 215

253 2017 335 2081 sqq:
358 1997 397 2060 cl.
422 2013 549 2077 gramm.
573 1994 657 2058 latin.
683 2017 708 2058 v.
734 1995 769 2058 lv
792 2016 822 2077 p.
848 1995 907 2060 vn.
954 1995 991 2058 de
1015 2014 1050 2058 ea
1073 2005 1173 2059 autern
1197 2005 1283 2079 parte
1308 1994 1435 2066 codicis,
1466 1997 1577 2078 inqua

254 2101 430 2166 Sacerdotis
453 2097 523 2168 libri
547 2101 653 2182 scripti
676 2109 762 2172 sunt,
787 2098 919 2162 editores
943 2098 1189 2164 vindobonenses
1217 2101 1291 2163 haec
1316 2099 1525 2164 indicauerunt
1547 2101 1577 2162 in

256 2205 443 2288 praelatione
461 2224 489 2286 p.
506 2203 528 2276 l,
552 2203 671 2286 ‘implet
694 2213 840 2268 tractatus
863 2211 967 2265 noster
991 2213 1059 2265 octo
1082 2213 1111 2267 et
1135 2207 1237 2286 viginti
1262 2205 1331 2268 lolia
1349 2201 1577 2266 membranacea

253 2305 447 2390 (lte-139)
476 2307 578 2371 seculo
607 2309 735 2390 septimo
766 2307 809 2370 nel
840 2311 965 2370 ineunte
995 2316 1115 2378 octavo.
1146 2308 1322 2374 charactere
1353 2306 1578 2386 longobardico.

213 2475 227 2488 ,
254 2413 366 2483 iorma,
390 2431 480 2495 quarn
505 2413 534 2475 in
558 2411 631 2476 lolio
654 2413 763 2474 minori
787 2416 887 2485 ainnt,
910 2415 1034 2493 scripta.
1060 2447 1098 2458 -
1123 2431 1194 2476 sane
1218 2411 1381 2478 dolendum
1406 2417 1579 2481 Sacerdotis

254 2513 432 2600 opusculum
457 2534 517 2578 nnn
542 2517 709 2598 integrum,
733 2516 785 2579 sed
810 2515 1061 2600 quaternionibus
1085 2514 1182 2579 tribus
1206 2517 1382 2580 mulctatum
1412 2519 1448 2582 acl
1473 2539 1578 2584 aerum

253 2634 391 2688 nostrum
422 2622 606 2706 pervenisse.
652 2621 762 2684 desunt
791 2621 933 2683 nimirum
964 2621 1181 2700 quaterniones
1205 2624 1323 2704 priores
1345 2622 1415 2690 duo.
1446 2627 1578 2707 itemque

254 2727 412 2808 quaternio
428 2728 562 2810 quintus.
610 2725 707 2808 quinti
723 2727 879 2795 iacturam,
903 2725 1025 2806 quaein
1043 2721 1153 2788 librum
1171 2725 1337 2792 secundnm
1355 2727 1469 2799 incidit,
1495 2731 1578 2811 eqni·

254 2831 322 2896 dern
353 2831 537 2894 moderatius
568 2827 648 2891 lerre
678 2825 849 2910 possemus,
878 2828 1020 2908 quoniam
1052 2838 1190 2894 contenta
1220 2830 1289 2892 libri
1320 2831 1446 2894 secundi
1470 2831 1577 2895 Sacer·

254 2936 333 3000 dotls
357 2954 425 2998 curn
443 2933 535 2998 Probi
551 2931 708 2996 catholicis
725 2935 802 2995 mire
818 2937 1028 3005 consentiunt:
1053 2935 1205 3017 prioribus
1220 2932 1339 2997 duobus
1362 2953 1433 2996 vero
1449 2937 1578 3005 amissis,

255 3038 343 3102 simul
368 3037 544 3102 Sacerdotis
568 3039 665 3100 nostri
688 3036 725 3099 cle
750 3039 871 3100 nomina
895 3037 959 3100 lere
983 3041 1080 3102 ononis
1103 3047 1133 3102 et
1161 3039 1198 3100 de
1221 3039 1399 3117 pronomine
1424 3038 1579 3102 intercidit

260 3143 425 3206 doctrina':
458 3151 487 3204 et
517 3143 548 3204 in
578 3140 773 3203 adnotatione
802 3141 837 3203 ari
868 3144 999 3222 primum
1024 3141 1134 3204 librum
1158 3162 1188 3225 p.
1214 3140 1243 3212 l,
1266 3142 1386 3223 ‘incipit
1417 3145 1578 3223 quaternio

258 3249 392 3327 signatus
419 3264 476 3328 pro
503 3247 593 3308 tertio
618 3242 678 3326 (lli)
710 3242 746 3305 ab
775 3247 841 3326 ipso
869 3244 1004 3310 librario.
1050 3247 1158 3310 desunt
1183 3247 1275 3326 igitur
1299 3245 1347 3306 hic
1371 3249 1491 3326 priores
1514 3244 1525 3306 Ι
1549 3256 1580 3308 et

256 3349 291 3417 ll.
315 3351 340 3412 si
365 3351 466 3412 minias
490 3350 553 3420 toti,
577 3346 683 3411 saltem
709 3367 744 3410 ex
769 3359 853 3428 parte
876 3349 1017 3414 destinati
1042 3349 1160 3419 Nostro,
1191 3368 1270 3414 nunc
1294 3341 1477 3432 duepciip’.
1524 3350 1578 3438 ita·

256 3471 315 3535 qna
339 3454 468 3534 primum
485 3473 522 3515 er
538 3453 680 3523 numeris,
705 3453 756 3533 qui
773 3455 803 3514 in
820 3453 1074 3534 quaternionibus
1097 3455 1201 3534 scripti
1224 3463 1303 3522 sunt,
1328 3462 1453 3535 apparet
1469 3453 1575 3516 Sacer·

257 3557 336 3618 clntis
360 3554 455 3619 libros
484 3554 555 3618 oiim
583 3555 620 3616 ab
650 3558 685 3616 tis
709 3559 974 3636 grammaticorum
999 3557 1100 3626 libris,
1130 3559 1180 3638 qui
1204 3575 1284 3620 nnnc
1307 3565 1376 3618 ante
1399 3576 1451 3619 eos
1474 3557 1503 3619 in
1527 3576 1577 3619 eo·

259 3661 324 3724 dice
348 3660 436 3742 positi
460 3666 542 3731 sunt,
567 3669 731 3741 separatos,
757 3669 861 3742 postea
885 3660 1006 3725 demum
1031 3680 1099 3724 cum
1123 3659 1180 3722 illis
1204 3663 1381 3724 coniunctos
1404 3679 1479 3723 esse.
1526 3661 1578 3722 de·

257 3763 327 3826 inde
351 3781 418 3824 eunt
443 3771 505 3824 tres
530 3762 775 3826 membranarum
798 3764 932 3828 lacisculi
959 3765 1113 3844 perierint,
1138 3767 1168 3826 in
1192 3766 1297 3845 ‹printo
1320 3764 1441 3846 quidem
1458 3772 1578 3847 quater·

260 3869 360 3935 niune.
384 3867 435 3948 qui
460 3867 647 3929 insecundo
671 3867 749 3928 iihrn
773 3867 868 3939 deest,
893 3868 971 3930 lualid
989 3869 1081 3932 dubie
1105 3887 1138 3930 ea
1162 3869 1291 3950 quaein
1315 3867 1471 3932 catholicis
1487 3868 1578 3931 Probi

258 3990 285 4052 p.
313 3967 362 4041 10,
390 3963 525 4041 iti-25,
553 3967 593 4031 12
622 3969 763 4050 leguntur
796 3975 907 4053 scripta
938 3981 1033 4036 erant.
1080 3973 1116 4036 de
1140 3975 1239 4054 primo
1263 3981 1362 4034 autern
1392 3981 1421 4036 et
1444 3972 1577 4036 secundo

258 4091 317 4136 non
351 4073 439 4156 plane
468 4082 599 4150 constat,
630 4081 730 4136 utrum
761 4093 793 4136 ea
824 4079 939 4147 ornnia,
968 4095 1046 4159 quae
1075 4079 1228 4159 inprime
1256 4074 1335 4139 libro
1359 4075 1577 4148 desiderantur,

263 4179 480 4249 continuerint,
504 4197 541 4240 an
566 4185 686 4259 praeter
702 4178 895 4242 Sacerdotem
919 4181 975 4243 alia
999 4183 1030 4243 in
1054 4179 1101 4242 his
1123 4183 1235 4261 scripta
1261 4179 1384 4242 inerint.
1430 4197 1499 4242 nam
1522 4179 1576 4240 ini·

259 4283 333 4344 tium
357 4292 440 4344 certe
463 4280 677 4362 disputationis
700 4280 737 4343 de
761 4280 890 4345 ablativo
913 4303 994 4355 casu,
1019 4303 1034 4345 a
1058 4303 1116 4366 qua
1139 4285 1230 4366 primi
1246 4279 1317 4346 libri
1341 4283 1506 4360 iragmcnta
1530 4282 1576 4343 in·

259 4385 388 4464 cipiunt,
414 4387 444 4447 in
468 4385 527 4448 llne
542 4383 667 4446 secundi
683 4387 889 4466 quaternionis
902 4388 1048 4468 scriptum
1065 4395 1139 4450 erat.
1185 4389 1337 4465 integrum
1355 4393 1453 4446 autem
1471 4383 1577 4447 Sacer·

258 4485 337 4548 dotis
360 4486 471 4550 librum
494 4487 604 4569 legisse
627 4487 744 4551 videtur
766 4491 800 4560 is,
825 4509 915 4572 quem
939 4499 1093 4552 auctorem
1117 4497 1238 4554 secutus
1262 4485 1392 4569 llaphael
1409 4485 1578 4549 volaterra-

257 4609 315 4652 nus
344 4599 541 4654 commentar.
572 4589 680 4654 urban.
709 4589 730 4654 l.
755 4592 791 4654 lv
815 4595 836 4656 i.
861 4593 922 4656 Lvi
951 4593 998 4654 ed.
1023 4593 1109 4656 ilem.
1134 4611 1160 4654 a.
1188 4589 1373 4655 iuuenum
1403 4590 1576 4667 grammati·

259 4712 327 4756 curn
351 4696 433 4756 inter
456 4693 552 4757 libros
577 4694 663 4757 Bobii
686 4713 712 4757 a.
731 4692 814 4759 1493
836 4704 974 4778 repertos
999 4693 1186 4753 enumeravit
1209 4693 1265 4762 ita,
1289 4689 1414 4752 ‘Caseus
1436 4687 1578 4751 sacerdos

260 4790 296 4852 cla
319 4801 388 4855 octo
412 4791 551 4872 partibus
574 4791 740 4854 erationis’.
786 4801 888 4872 postea
914 4793 1017 4856 lanum
1033 4792 1242 4864 Parrhasium,
1267 4810 1334 4854 curn
1359 4789 1451 4852 Probi
1473 4792 1578 4854 catho-

259 4891 314 4956 lica
338 4894 458 4972 ederet,
488 4895 593 4958 codice
622 4895 794 4958 Sacerdotis
823 4914 908 4960 nsum
933 4916 998 4960 esse
1023 4896 1084 4958 diri
1109 4913 1236 4977 gramm.
1265 4895 1346 4959 latin.
1372 4913 1397 4957 r.
1423 4894 1460 4957 lv
1483 4912 1511 4975 p.
1538 4896 1574 4958 x.
