3906 5564
353 347 414 414 158
856 309 1174 406 suau'mcroemr

377 465 399 506 r·
413 451 472 496 ²⁰⁰⁵·
486 453 499 494 ⁰
517 451 539 497 Ρ.
1477 467 1501 512 p.
1516 455 1607 498 arr-rs
1620 455 1648 500 e.

438 541 582 606 Decursis
611 541 753 604 omnibus
782 539 819 604 ab
842 540 1033 607 incunabulis
1062 545 1136 606 artis
1158 543 1286 606 huiusce
1308 543 1473 624 generibus
1495 557 1674 614 metrorum,

349 645 462 726 'quibus
490 645 590 728 magni
619 652 760 708 auctores
789 655 849 708 tarn
873 647 994 708 nomina
1026 645 1176 710 dederunt
1199 663 1289 727 quam
1313 647 1402 710 etlam
1430 648 1605 731 frequenter
1627 650 1673 712 usi

350 759 436 824 sunt,
465 767 525 814 non
548 747 587 812 ab
610 767 644 812 re
667 748 799 813 arbitror
828 758 898 812 ante
925 747 1153 814 conclusionem
1184 748 1352 814 elucubrat!
1375 769 1392 814 a
1416 751 1504 814 nobis
1526 750 1672 836 opusculi,

351 855 435 936 prius
458 872 548 938 quarn
572 851 609 915 de
632 854 738 917 metris
762 854 856 917 nostri
879 853 965 934 lyrici
987 853 1175 930 carminibus
1197 854 1438 936 comprehensis,
1466 874 1545 938 quae
1569 854 1672 937 singil-

350 956 432 1021 latim
454 975 509 1040 per
533 954 672 1020 ordinem
701 955 737 1019 ad
763 955 945 1040 explendum
969 957 1095 1021 studiosi
1126 958 1248 1024 lectoris
1275 960 1411 1021 animum
1440 961 1584 1041 persequi
1608 959 1699 1040 pla-s

349 1063 422 1134 cuit,
447 1060 605 1124 exordium
630 1061 746 1136 faciam,
772 1057 842 1144 [ita]
867 1063 1024 1142 attingere,
1048 1061 1128 1143 quod
1153 1060 1311 1125 nonnulli
1336 1071 1488 1144 tamquam
1511 1062 1691 1126 eruditioni*

350 1165 570 1256 etproiundae
593 1165 738 1228 scientiae
762 1165 968 1252 necessarium
998 1162 1124 1228 sollicite
1147 1167 1349 1230 sciscitatione
1372 1173 1587 1247 percontantes
1610 1168 1672 1228 exl-

349 1275 435 1349 gunt,
465 1268 545 1332 unde
574 1277 740 1332 metrorum
771 1277 861 1351 atque
889 1269 987 1332 omnis
1016 1271 1151 1334 musicae
1180 1269 1329 1334 elementa
1358 1271 1578 1350 processerint,
1613 1251 1673 1351 quo

351 1379 486 1451 parente,
518 1389 575 1455 qua
600 1374 727 1453 origine,
757 1371 867 1455 quibus
891 1371 1023 1436 exordiis
1045 1373 1127 1436 initia
1153 1371 1156 1454 Ι
1182 1373 1347 1436 earundem
1372 1375 1480 1436 artium
1504 1373 1670 1454 coeperint.

350 1493 405 1540 nec
428 1476 485 1540 hoc
509 1477 596 1540 satis:
619 1476 711 1539 iidem
735 1485 852 1557 rogant,
876 1476 943 1558 quis
966 1474 1154 1540 articulatam
1176 1494 1280 1540 rocem
1303 1495 1319 1539 a
1343 1476 1469 1540 conlusa
1485 1476 1670 1548 discreverit,
1686 1493 1712 1533 ω

348 1581 416 1660 quis
438 1580 554 1660 primus
583 1579 713 1662 syllabas
742 1581 771 1642 in
802 1579 987 1642 enuntiando
1002 1575 1016 1664 ΙΙ
1032 1578 1125 1644 denso
1155 1597 1208 1642 seu
1237 1578 1298 1642 leni
1325 1581 1490 1662 spiramine
1519 1577 1670 1652 extulerit,

349 1684 415 1765 quis
443 1682 566 1764 longum
600 1691 719 1766 tempus
754 1693 805 1746 aut
834 1682 926 1746 breve
961 1684 991 1744 in
1022 1681 1191 1746 elocutione
1226 1685 1308 1746 vocis
1341 1691 1463 1748 nostrae
1497 1684 1669 1766 captaverit.

350 1803 426 1866 quac
450 1788 500 1868 qui
524 1787 612 1850 anxie
641 1787 719 1850 scire
748 1785 930 1857 desiderant
961 1784 1063 1849 dicant
1085 1785 1182 1858 selim,
1206 1789 1274 1868 quis
1298 1786 1385 1850 nobis
1407 1789 1438 1849 in
1461 1785 1559 1850 lucem
1584 1787 1671 1850 editis

349 1891 471 1970 gestire,
501 1899 632 1972 reptare,
661 1889 772 1962 ridere,
798 1889 878 1970 quod
901 1891 1059 1973 proprium
1083 1890 1199 1976 lroprini
1223 1897 1337 1953 tantum
1362 1899 1415 1963 est,
1440 1892 1507 1970 quis
1529 1891 1669 1954 alimonia

349 1993 434 2058 lactis
463 1995 539 2057 rictu
567 1995 629 2058 orls
651 2003 805 2076 appetere,
836 1994 903 2074 quis
931 2011 1038 2068 sonum
1067 1995 1211 2058 contusae
1234 1997 1317 2056 vocis
1345 1994 1375 2056 in
1404 1992 1495 2056 rerba
1525 1994 1710 2059 dlduccre1⁵

349 2117 401 2160 sen
425 2115 481 2180 pro
505 2107 583 2161 statu
608 2115 679 2179 erga
702 2117 735 2161 sc
759 2099 869 2160 mentis
886 2106 976 2178 atque
993 2099 1084 2160 animi
1101 2115 1182 2160 nunc
1198 2097 1302 2161 lletum
1325 2117 1361 2160 ac
1383 2116 1564 2172 maerorem,
1588 2115 1669 2162 nunc

349 2198 535 2264 alacritatem
564 2201 768 2283 laetitiamque
801 2202 963 2283 concipere
993 2209 1099 2264 auctor
1127 2200 1305 2265 ostenderit.
1346 2221 1417 2266 nam
1444 2202 1520 2266 baec
1547 2220 1669 2286 quoquc

348 2303 602 2368 sciscitationibus
626 2305 792 2368 eorundem
815 2305 913 2387 parili·
927 2306 1127 2386 propositioni
1150 2312 1355 2369 consentanea
1384 2312 1558 2370 occurrunt
1604 2308 1669 2389 qni·

348 2407 405 2472 bus
434 2417 533 2472 tamen
563 2411 607 2473 sic
636 2407 880 2491 respondendum
906 2413 963 2478 cst,
995 2407 1161 2472 naturalem
1191 2407 1280 2472 nobis
1309 2409 1386 2472 hanc
1415 2411 1560 2473 musicam
1589 2408 1668 2472 haud

348 2510 429 2576 alias
450 2530 539 2594 quarn
569 2511 711 2589 adlectus,
735 2513 836 2574 animo
865 2511 1046 2592 corporique
1076 2521 1174 2574 motus
1204 2513 1350 2584 existere,
1387 2531 1514 2596 eamque
1543 2521 1709 2594 parentem

348 2625 453 2680 natura
477 2614 567 2680 simul
590 2633 658 2680 cum
681 2615 750 2677 luce
773 2617 852 2678 ritae
881 2633 1033 2695 sensuque
1057 2615 1194 2678 traditam
1218 2629 1347 2698 cumque
1370 2617 1436 2697 ipso
1459 2616 1584 2679 homine
1607 2615 1668 2679 edi·

348 2729 407 2784 tam
438 2729 633 2800 exortamque
668 2717 840 2783 coalescere
869 2737 904 2780 ex
938 2718 985 2781 his
1013 2736 1089 2798 quae
1118 2721 1149 2782 in
1179 2729 1321 2802 promptu
1351 2723 1450 2801 posita
1483 2729 1553 2784 suut
1581 2719 1668 2784 lacile

348 2821 491 2906 intellegi.
531 2841 660 2906 namque
677 2830 710 2885 ut
725 2822 859 2904 opinioni
882 2831 1004 2886 nostrae
1027 2825 1115 2885 otiam
1139 2821 1196 2886 sub
1220 2823 1366 2906 exemplis
1381 2821 1567 2906 respondeat
1582 2822 1667 2902 tides,

227 2977 232 2984 .
347 2946 448 2992 nonne
465 2935 544 2990 muta
561 2926 695 2988 ridemus
711 2923 850 2989 animalia
867 2943 947 2996 mor,
973 2935 1005 2988 ut
1027 2925 1103 2988 lucis
1126 2944 1248 2989 usuram
1266 2926 1430 2999 hauserint,
1453 2936 1546 3008 prout
1560 2937 1666 2990 natura

347 3051 401 3095 sua
431 3033 541 3111 cuique
564 3038 624 3103 est,
654 3023 710 3092 alia
738 3031 898 3112 pinnarum
921 3029 1089 3094 rtbrauone
1117 3029 1245 3093 sublime
1273 3033 1352 3093 aeris
1380 3037 1501 3112 petere,
1531 3029 1588 3094 alia
1611 3031 1707 3095 subm

348 3137 435 3217 aquis
459 3134 580 3198 natandi
609 3143 707 3197 meatu
733 3136 811 3196 varie
835 3135 1006 3217 pervagari,
1031 3132 1107 3196 haec
1129 3151 1185 3216 per
1208 3143 1319 3197 terram
1343 3133 1429 3196 tardo
1451 3135 1587 3208 incessu,
1617 3133 1666 3198 illa

347 3241 377 3302 in
400 3236 510 3302 saltum
533 3256 718 3317 cursumque
746 3237 928 3318 procedere,
959 3255 1014 3300 nec
1037 3239 1136 3300 minus
1160 3236 1196 3300 ad
1220 3236 1359 3301 alimonia
1383 3238 1460 3300 vitae
1483 3236 1540 3306 alia
1564 3241 1667 3302 matris
1703 3287 1706 3294 .

348 3342 441 3406 rubera
465 3361 544 3416 mox,
575 3351 607 3405 ut
630 3339 800 3405 clambente
823 3343 928 3404 matris
950 3339 1051 3422 lingua
1074 3340 1193 3404 detersa
1216 3341 1285 3414 sint,
1310 3344 1389 3405 rictu
1412 3342 1474 3404 cris
1496 3341 1665 3420 adtrahere,

346 3447 421 3510 haec
445 3445 620 3518 visceribus,
648 3444 696 3508 illa
720 3443 824 3508 herbis
846 3444 894 3518 ali,
919 3443 1065 3527 quaedam
1090 3443 1228 3524 frugibus
1250 3454 1302 3506 aut
1324 3446 1421 3527 pcmls
1443 3443 1587 3509 arborum
1610 3465 1665 3510 nu·

348 3552 433 3613 tririi
464 3550 543 3614 unde
566 3547 672 3632 procul
696 3548 787 3612 dubio
809 3548 943 3630 intellegi
967 3547 1055 3612 datur
1074 3547 1207 3630 adaeque
1224 3547 1312 3611 nobis
1328 3556 1453 3632 parente
1477 3548 1581 3612 eadem
1606 3559 1665 3612 tam
1679 3565 1706 3607 ao

347 3655 384 3718 ad
407 3655 617 3738 rhythmorum
640 3655 869 3734 conceptionem
898 3670 987 3734 quarn
1012 3652 1047 3715 ad
1072 3661 1237 3714 metrorum
1262 3671 1405 3715 numeros
1433 3671 1468 3715 ac
1492 3661 1578 3718 tonos
1601 3673 1665 3716 mu·

346 3762 437 3832 sicae,
460 3759 512 3822 sed
537 3765 565 3819 et
589 3765 739 3820 momenta
763 3765 935 3838 temporum
965 3757 995 3818 in
1019 3757 1227 3819 enuntiatione
1251 3774 1367 3828 vocum,
1397 3757 1519 3820 insitum
1543 3759 1665 3839 ingenio

347 3881 382 3926 ac
410 3861 550 3925 sensibus
579 3859 726 3936 studium,
758 3877 817 3922 non
846 3858 998 3936 doctrina,
1028 3858 1081 3922 sed
1110 3867 1217 3922 natura
1245 3858 1383 3922 haustum
1413 3878 1447 3922 ao
1473 3857 1485 3943 ΙΙ
1511 3860 1663 3931 traditum,

347 3985 476 4050 cumque
500 3967 529 4027 in
553 3965 618 4046 ipsc
642 3966 754 4047 pariter
770 3963 892 4026 homine
908 3971 1094 4045 procreatur,
1119 3960 1148 4024 id
1172 3973 1275 4044 postea
1291 3962 1507 4026 observationis
1530 3972 1665 4027 struente

415 4159 431 4209 2
449 4156 544 4222 quibus
562 4180 596 4192 -
615 4154 658 4206 usi
676 4165 738 4206 suut
753 4171 781 4222 p.
802 4154 921 4213 1³1,32.
939 4154 1029 4214 m‚8

415 4313 563 4364 determine
580 4309 761 4378 comprehensi
781 4307 874 4364 Aee
948 4305 1098 4376 singillatim
1118 4309 1144 4361 A
1167 4307 1317 4375 singulatim
1336 4306 1391 4366 ςΒ
1459 4307 1519 4360 eid
1538 4311 1664 4376 attingere

251 4437 258 4448 ,
347 4383 483 4435 Putccltius
540 4383 627 4446 iique
646 4379 851 4447 originesque
871 4379 969 4444 origine
989 4377 1053 4430 AB
1111 4375 1664 4436 10aconlnsneaooulusicneABs.

346 4467 436 4504 rocem
456 4467 471 4502 a
489 4449 600 4502 confusa
617 4452 711 4501 tamena
728 4452 819 4501 relicta
837 4463 884 4500 nm.
904 4449 962 4501 Vnt,
1036 4447 1064 4497 11
1085 4445 1135 4498 letti
1154 4459 1171 4503 ς
1189 4447 1239 4499 leui
1259 4445 1322 4498 AB
1398 4447 1430 4498 ta
1448 4447 1493 4512 qui
1512 4449 1618 4514 longum
1638 4449 1663 4500 A

347 4520 373 4572 B
384 4533 401 4578 ς
489 4522 521 4572 13
543 4520 631 4570 dicant
647 4519 724 4571 uelim
744 4517 799 4574 ςΒ
821 4516 909 4567 dicant
928 4517 1050 4568 uelintA
1141 4517 1172 4568 ts
1194 4519 1363 4584 proprinms
1386 4517 1498 4582 primum
1517 4515 1578 4568 AB

348 4593 380 4643 15
397 4590 524 4642 deducere
544 4587 636 4646 ABe
719 4589 751 4639 16
772 4588 888 4651 sortasse
906 4602 952 4654 pro
971 4595 1040 4636 statu
1058 4584 1161 4637 diverso
1182 4590 1274 4638 mentis
1356 4583 1663 4643 metamaucensem

346 4659 394 4711 hoo
413 4659 478 4712 AB
549 4659 580 4710 18
599 4658 779 4726 propositione
798 4657 820 4706 A
831 4655 882 4711 Βς
953 4657 983 4705 te
1005 4655 1042 4705 sic
1061 4655 1272 4722 respondendum
1290 4667 1308 4710 ς
1330 4655 1352 4704 si
1370 4653 1580 4720 respondendum
1600 4655 1664 4707 AB

406 4727 707 4794 idscrtucsettdiectus
726 4727 804 4778 orrimi
824 4725 994 4790 corporisque
1013 4735 1099 4775 motus
1161 4737 1403 4790 eantqueseaque
1422 4721 1486 4773 AB
1547 4725 1581 4775 25
1599 4739 1662 4791 pen·

347 4798 512 4856 nartrm·;B
583 4797 631 4848 sub
651 4808 773 4861 aqueae
847 4795 880 4846 at
903 4793 936 4844 ad
954 4792 1101 4844 alimoniam
1122 4793 1215 4851 ΑΒς
1289 4790 1589 4850 issslutelisuntd

347 4869 381 4919 29
403 4869 494 4918 nutriri
514 4867 539 4917 B
563 4867 673 4917 rtrttrtriri
691 4868 717 4918 A
736 4865 842 4917 enutriri
862 4875 878 4918 ς
966 4863 999 4914 34
1014 4861 1131 4926 fortusse
1150 4877 1260 4926 eumque
1278 4863 1336 4928 ipso
1356 4862 1452 4928 puriter
1474 4860 1579 4912 homine
1602 4877 1650 4930 pro

347 4949 460 4988 creatum
479 4938 556 5000 idque
575 4949 668 5002 postea
1619 4957 1622 4964 ‹
