3906 5564
599 351 679 408 ΛΒΤ.
699 351 810 404 GRAM.
831 351 898 407 LIB.
918 351 946 403 11
963 355 988 416 t,
1007 353 1040 404 25
1059 378 1092 389 -
1111 356 1135 412 d,
1155 356 1171 406 2
1509 349 1551 416 83

255 465 275 508 p.
288 453 347 496 reae
361 454 388 494 so
403 452 425 494 e.
1358 463 1380 507 p.
1394 454 1484 494 rra-rs
1498 451 1524 495 c.

230 544 279 625 qui
294 550 411 606 constat
426 562 463 606 ex
479 541 597 606 duobus
615 544 811 614 tetrametrls‚
839 544 996 624 superiore
1012 543 1188 614 acatalecto,
1206 551 1350 626 sequente
1367 521 1550 614 catalectico,

231 645 308 728 quod
332 664 457 708 enorme
482 665 548 710 esse
564 646 759 712 manifestum
775 658 836 724 cst,
862 665 931 710 cunr
954 648 1033 711 ultra
1057 666 1218 712 numerum
1234 648 1356 728 triginta
1380 654 1550 728 temporum

231 767 385 831 egressum
407 751 456 812 sit.
502 750 645 814 traditum
664 759 710 814 est
734 752 814 814 enim
839 750 936 814 colum
960 754 1039 814 intra
1056 751 1161 816 decem
1185 759 1215 815 et
1236 761 1304 814 octo
1329 759 1464 834 tempora
1485 769 1550 814 esse

231 853 355 931 debere,
385 863 515 918 metrum
546 864 645 919 autem
676 873 711 918 ex
743 853 863 918 duobus
893 853 966 919 colis
996 855 1163 919 subsistere
1195 875 1251 920 nec
1279 856 1405 938 provebi
1434 853 1552 936 longius

207 965 386 1041 coponem,
417 959 564 1042 siquidem
587 957 599 1043 l
620 977 678 1022 una
708 976 845 1041 quaeque
869 959 960 1022 duum
991 958 1103 1041 pedum
1127 961 1298 1039 coniugatio
1322 968 1390 1023 octo
1415 968 1550 1042 tempora

231 1061 366 1142 colligat,
390 1061 421 1124 ld
445 1071 490 1126 cst
513 1070 566 1126 aut
589 1061 716 1146 spondei
740 1071 770 1125 ct
793 1065 947 1146 anapaesti
969 1073 1021 1125 aut
1035 1061 1145 1144 dactyli
1168 1075 1198 1126 et
1213 1066 1368 1144 anapaesti
1391 1072 1443 1127 aut
1458 1063 1551 1126 duum

231 1173 470 1247 anapaestorum.
516 1165 547 1228 hi
570 1177 640 1230 sunt
663 1169 743 1229 euim
767 1169 819 1249 qul
842 1175 965 1248 practer
987 1176 1106 1230 ceteros
1121 1166 1214 1248 pedes
1237 1169 1269 1228 in
1291 1165 1430 1230 iambicis
1447 1169 1552 1230 metris

101 1251 127 1318 ‘l
232 1267 418 1354 temporibus
441 1267 605 1332 abundant.
651 1271 703 1352 qui
733 1271 765 1332 lit
795 1277 826 1332 ut
849 1280 912 1333 tres
938 1269 1031 1353 pedes
1060 1288 1116 1352 per
1145 1270 1284 1351 syzygian
1314 1283 1421 1334 xxtnt
1446 1269 1451 1356 Ι
1475 1280 1551 1334 tem·

232 1373 355 1456 poribus
384 1373 583 1456 impleantur,
614 1383 740 1455 quartus
769 1392 856 1444 vero,
888 1376 941 1456 qui
971 1382 1019 1437 est
1045 1373 1253 1444 catalecticus,
1284 1393 1337 1436 sex
1366 1375 1553 1457 temporibus

197 1491 219 1532 1⁰
232 1479 424 1548 terminetur,
455 1479 572 1542 seilicet
595 1487 628 1541 ut
649 1481 729 1541 intra
758 1478 881 1558 triginta
899 1487 1048 1560 'tempora
1077 1495 1182 1540 versus
1210 1476 1368 1540 habeatur.
1413 1476 1551 1560 plerique

232 1590 387 1645 auctorum
412 1579 557 1645 nobilium
588 1580 617 1642 id
641 1580 854 1653 obtinuerunt,
884 1592 917 1644 ut
940 1580 1104 1644 iambicum
1133 1582 1320 1651 trimetrum,
1351 1582 1430 1664 qtrod
1455 1593 1551 1646 acata-

232 1686 342 1750 lectum
366 1687 554 1758 nominatur,
585 1697 638 1747 xn
660 1683 784 1767 syllabis
813 1685 1039 1756 terminaretur,
1074 1683 1153 1768 quod
1177 1693 1249 1748 tuuc
1274 1685 1388 1757 evenit,
1413 1687 1552 1768 quotiens

233 1807 249 1852 e
270 1789 411 1872 spondeis
440 1797 472 1852 ct
494 1775 606 1852 iambis
634 1788 744 1872 pedum
768 1790 940 1870 coniugatio
965 1793 1110 1851 societur.
1156 1797 1187 1852 at
1213 1790 1301 1852 enim
1323 1788 1553 1852 incurrentibus

233 1894 340 1956 celeris
364 1891 495 1977 pedibus
518 1903 548 1956 et
570 1891 753 1974 syllabarum
779 1903 809 1956 et
832 1899 1004 1974 temporum
1027 1896 1217 1956 incrementa
1242 1901 1422 1964 nascuntur,
1454 1901 1484 1956 et
1507 1896 1553 1956 ni·

196 2005 220 2046 ¹⁵
233 1996 293 2060 hilo
314 1997 414 2060 minus
432 2005 503 2058 sunt
525 1995 647 2060 iambici
669 2014 773 2060 versus
797 2004 954 2060 constante
978 2015 1129 2060 mensura.
1177 2003 1207 2059 et
1223 1996 1405 2080 syllabarum
1429 1975 1552 2078 quidem

234 2104 418 2164 incrementa
446 2103 490 2163 sic
519 2101 642 2182 recipit.
675 2107 707 2162 ut
735 2120 751 2163 a
775 2114 827 2178 xm
855 2097 978 2182 syllabis
1008 2101 1045 2163 ad
1073 2113 1149 2162 xvn
1177 2099 1307 2183 syllabas
1342 2100 1552 2182 protendatur.

234 2214 405 2286 temporum
427 2215 529 2267 autem
552 2207 594 2268 ita
618 2221 723 2266 versus
752 2202 842 2266 habet
864 2205 1065 2276 incrementa,
1094 2213 1128 2267 ut
1150 2222 1166 2265 a
1189 2217 1281 2268 xum
1305 2204 1492 2286 temporibus
1516 2204 1551 2269 ad

233 2321 336 2372 xxnn
365 2311 549 2391 porrigatur.
596 2309 756 2370 novissima
794 2309 909 2371 etenim
944 2304 1056 2388 syllaba
1090 2307 1269 2371 indifferens
1305 2307 1447 2378 liabetur.
1483 2308 1554 2372 licet

235 2413 332 2476 brevis
353 2414 409 2484 sit,
442 2419 474 2474 ut
502 2410 609 2493 longae
633 2411 726 2473 vicem
756 2409 909 2492 praebent.
956 2412 1062 2492 tragici
1091 2421 1192 2475 autem
1216 2422 1356 2476 auctores
1386 2421 1417 2476 et
1446 2414 1553 2492 comici

56 2524 61 2537 ‘
197 2537 221 2577 eo
235 2515 321 2600 paulo
343 2514 432 2598 plura
462 2523 492 2578 et
513 2517 545 2579 in
568 2512 692 2596 syllabis
714 2521 745 2576 et
769 2518 799 2576 in
831 2512 1019 2596 temporibus
1042 2517 1231 2580 incrementa
1255 2517 1408 2587 lecerunt,
1438 2519 1552 2598 quippe

166 2609 169 2617 ’
234 2638 299 2683 cum
329 2619 452 2702 quidam
480 2619 613 2682 inductis
635 2620 821 2681 tetrametris
849 2621 992 2681 novitatis
1019 2617 1120 2682 studio
1149 2623 1213 2684 ausi
1243 2623 1305 2683 sint
1332 2627 1435 2682 contra
1465 2639 1552 2702 prac-

234 2726 377 2804 scrlptum
400 2719 525 2802 triginta
548 2731 719 2805 temporum
744 2721 803 2785 duo
826 2720 954 2792 adicere,
979 2741 1035 2784 nec
1058 2724 1217 2806 quisquam
1242 2723 1370 2787 ulterius
1394 2732 1506 2804 postea.
1526 2721 1537 2806 ΙΙ

553 2981 576 3028 s
672 2911 721 2975 ou
744 2877 876 2975 nisano
899 2911 1115 2976 rnocnnco

317 3033 519 3098 Trochaicum
543 3042 672 3095 metrum
695 3034 818 3096 eosdem
842 3034 934 3116 pedes
958 3052 1032 3114 quos
1055 3042 1086 3096 et
1108 3033 1270 3096 iambicum
1295 3037 1433 3114 recipcre
1457 3039 1552 3098 mani·

200 3153 224 3197 ra
239 3136 344 3202 lectum
368 3145 414 3200 est
437 3136 553 3219 (cadem
577 3139 658 3199 enlm
682 3139 839 3220 utriusque
863 3138 1025 3217 progenies
1041 3135 1108 3218 est),
1132 3147 1259 3219 excepto
1276 3137 1430 3201 dumtaxat
1452 3137 1552 3202 iambo

237 3241 325 3307 simili
353 3244 435 3306 iuter
457 3259 490 3304 se
514 3242 738 3304 contrarietatis
761 3241 892 3312 ratione,
923 3257 980 3320 qua
1011 3248 1040 3304 et
1067 3243 1202 3306 trocbaei
1229 3243 1261 3304 lu
1292 3240 1423 3304 iambico
1451 3241 1553 3306 exclu-

237 3347 355 3410 duntur.
412 3363 594 3428 quamquam
628 3345 842 3414 Terentianus,
884 3362 945 3407 non
979 3344 1178 3427 paenitendus
1211 3347 1292 3408 inter
1325 3353 1445 3408 ceteros
1479 3349 1554 3408 artis

237 3453 377 3514 metricae
401 3457 522 3520 auctor,
554 3447 659 3512 sedulo
690 3448 870 3528 refragetur.
917 3465 985 3510 nam
1014 3447 1176 3511 secundam
1205 3448 1307 3512 sedem
1338 3450 1368 3510 in
1400 3449 1553 3520 trochaico

237 3571 321 3617 rersu
349 3557 490 3616 trimetro
519 3550 681 3615 acatalecto
703 3552 785 3614 uelut
815 3550 977 3630 legitimam
1007 3551 1108 3614 iambo
1132 3551 1291 3634 adsignat,·
1313 3571 1383 3650 eum
1412 3553 1492 3616 idem
1516 3554 1553 3616 ab

305 3747 489 3820 larotnlecto]
509 3749 673 3800 acatalectico
693 3749 757 3801 AB
839 3752 1007 3816 degressum
1026 3751 1060 3800 sia
1078 3749 1132 3805 ςΒ
1151 3765 1285 3816 egressum
1304 3752 1385 3802 sicA
1465 3752 1552 3802 decem

237 3833 261 3872 et
279 3833 335 3872 octo
354 3821 410 3878 ςΒ
428 3821 517 3871 decem
535 3835 550 3870 e
567 3831 592 3870 ct
610 3831 667 3869 octo
688 3819 713 3870 A
731 3819 817 3868 decem
838 3830 863 3868 et
881 3820 996 3882 quinque
1014 3822 1091 3870 oolna't
1104 3820 1283 3871 camerariam
1302 3821 1336 3886 cs.
1356 3821 1434 3876 Psell.
1452 3824 1553 3888 proleg.

149 3884 156 3896 '
237 3893 262 3941 ia
279 3891 387 3974 abptlaap.
406 3890 422 3952 ς
441 3893 474 3942 12
483 3887 567 3970 ι(ιιιιω.
579 3887 717 3968 obenan!
734 3905 759 3938 α.
774 3888 843 3938 1812
855 3905 882 3966 p.
896 3889 961 3951 621)
984 3877 1131 3965 ordiendae
1150 3885 1182 3940 al
1203 3889 1342 3954 φαίνεται
1361 3881 1393 3942 τὸ
1412 3885 1468 3956 pla
1487 3885 1553 3958 ἰαμ-

237 3957 437 4084 dimitti
450 3973 611 4079 a‘tttntt
626 3947 1138 4081 l²¹⁰²dltttiltid⁶ti⁰”‘12
1157 3956 1358 4093 ..⁶31²th
1372 3961 1552 4080 tina...

237 4098 378 4163 syllables
467 4097 499 4148 14
521 4109 546 4147 et
564 4093 732 4147 nibilominus
751 4093 807 4155 ςΒ
830 4093 1029 4146 enilrllcmluus
1049 4096 1073 4145 Α
1163 4097 1194 4148 15
1216 4091 1332 4164 quidem]
1352 4095 1423 4160 quod
1441 4095 1467 4148 B

239 4168 269 4218 16
285 4169 384 4234 recepit
402 4165 428 4216 B
509 4165 632 4230 adltVlll
652 4164 766 4229 syllabas
786 4165 810 4214 Α
825 4162 851 4214 Β
869 4163 903 4215 ad
922 4165 1062 4215 octodecim
1083 4164 1195 4230 syllabas
1214 4177 1232 4221 ς
1254 4165 1288 4216 ad
1305 4164 1481 4232 septendecim
1499 4165 1553 4232 syl-

236 4235 306 4288 labas
324 4235 490 4288 Omeroaa'ca
566 4235 598 4285 17
617 4233 650 4285 ad
668 4236 751 4280 xxrtll
767 4245 890 4296 quattuor
908 4235 1057 4300 porrigetur
1075 4235 1100 4284 A
1173 4237 1205 4286 is
1224 4235 1258 4286 sit
1275 4244 1300 4284 et
1317 4234 1411 4302 longae
1430 4235 1455 4287 A
1474 4236 1509 4286 sit
1526 4244 1554 4285 ut

237 4317 262 4355 et
278 4305 371 4372 longae
391 4304 446 4362 ςΒ
532 4304 568 4356 20
586 4313 611 4354 et
628 4301 788 4368 temporibus
807 4301 862 4357 sB
948 4303 980 4354 at
1000 4299 1116 4370 quidam]
1135 4303 1215 4355 aclol.
1235 4303 1379 4369 Hepbnest
1393 4321 1424 4384 p.
1444 4306 1553 4368 199,15

237 4375 277 4429 ed.
300 4374 421 4441 Wealplr.
491 4373 525 4426 26
548 4367 650 4440 eodem]
669 4370 749 4423 codol.
768 4371 915 4437 Heplceat.
932 4389 960 4439 p.
980 4375 1040 4436 155,
1054 4375 1087 4422 12
1110 4363 1223 4437 γένεσίς
1242 4366 1274 4425 ae'
1292 4365 1370 4426 ἔστιν
1389 4364 1552 4440 succipere}

237 4433 319 4510 αὐτή.
407 4443 442 4494 26
460 4442 486 4492 in
504 4438 627 4509 iambico]
648 4443 673 4492 in
692 4440 778 4490 lumbo
798 4441 823 4492 A
836 4439 892 4497 Bc
978 4443 1011 4492 27
1038 4439 1188 4493 Terentloni
1208 4447 1278 4495 loeus
1301 4445 1327 4494 in
1350 4445 1383 4494 iic
1404 4457 1469 4510 quoe
1488 4458 1554 4493 ncnc

236 4521 374 4578 supersunt
391 4527 443 4564 non
456 4511 595 4576 ,inanitum
617 4511 752 4577 pertinere
771 4515 855 4561 autem
872 4511 938 4562 illaad
953 4515 1120 4576 praeceptum
1137 4513 1239 4564 videtur
1258 4512 1293 4563 ori
1311 4514 1451 4562 trimetrum
1469 4511 1553 4563 clori-

237 4583 356 4634 aaabicuna
373 4597 410 4634 ιω
428 4581 544 4632 ametro
562 4581 694 4633 nociaco
712 4580 854 4630 derivatum
871 4582 911 4631 oet
932 4588 1003 4632 certa
1022 4579 1058 4630 od
1074 4596 1173 4632 oeream
1196 4597 1232 4633 ex
1250 4582 1359 4646 dipodio
1376 4581 1510 4632 trochaico
1527 4587 1555 4631 ct

236 4651 381 4704 monialae
403 4649 584 4718 comportem..
604 4649 638 4714 cf.
658 4649 740 4701 aanor.
759 4647 906 4714 Hepnoeat.
925 4665 954 4715 p.
969 4651 1026 4710 158,
1041 4650 1086 4704 23.
1110 4649 1288 4716 Westpboliuc
1306 4649 1388 4701 iliata.
1411 4649 1427 4700 1
1449 4666 1477 4716 p.
1503 4651 1554 4702 119

242 4719 419 4774 Terentinam
436 4721 462 4770 r'n
480 4719 523 4779 iia,
540 4735 607 4786 quae
624 4721 652 4770 iar
666 4721 719 4784 fine
737 4721 827 4783 operis
839 4719 871 4769 de
883 4721 972 4771 metria
990 4719 1146 4770 Horatianis
1165 4722 1222 4772 olim
1233 4718 1337 4770 raberius
1354 4721 1455 4785 scripto
1472 4719 1554 4782 fuisse

237 4790 352 4856 patabat,
371 4805 426 4842 nora
445 4789 477 4840 de
495 4803 571 4840 amru
588 4787 714 4855 sappbico
731 4788 770 4838 itu
788 4789 944 4852 disputaret,
962 4795 989 4840 ut
1007 4788 1073 4839 baram
1085 4790 1110 4838 iar
1124 4797 1178 4840 tres
1191 4789 1326 4840 trochaeos
1339 4796 1365 4839 et
1375 4789 1554 4853 pentlaeminre·

237 4861 279 4909 rln
295 4859 426 4911 iambicam
444 4859 579 4916 divideret.
598 4860 631 4908 aie
648 4859 699 4908 lato
717 4857 897 4908 troodaneornm
914 4865 941 4909 ct
959 4857 1095 4910 iamborum
1117 4861 1239 4911 mixtione
1258 4861 1357 4911 dixisse
1377 4859 1485 4909 coniecit
1664 4853 1668 4864 '

238 4929 271 4978 ac
287 4925 368 4995 icem]
387 4945 410 4979 a.
432 4929 502 4978 aare

1311 5011 1347 5064 6.
