3858 5560
375 327 439 394 254
775 328 896 383 catnsn
916 331 1016 384 cassi
1037 329 1293 382 arnaannsrru

377 523 546 598 hagionno
576 538 610 580 ex
644 519 784 580 ticiniensi
814 521 917 583 coaice
946 523 976 582 iu
1006 519 1152 583 analectis
1179 522 1385 600 grammaticis
1408 520 1693 584 Viruioboueusilurs

377 645 405 704 p.
428 620 492 686 516
516 641 582 704 sipp.
607 623 696 691 eiius,
721 643 810 704 saepe
834 627 1033 693 consentiret;
1058 643 1235 703 graecarum
1258 635 1357 687 autern
1377 636 1533 706 poetarum
1556 626 1691 708 esernpia

376 727 539 806 corrrphua,
558 746 634 806 (puae
650 726 687 788 ah
700 727 870 796 Heliodoro,
892 738 924 788 ut
936 727 1064 798 ridetur,
1084 728 1120 789 aii
1134 727 1234 790 luhaur
1255 739 1418 810 propagata
1432 740 1526 800 erant,
1546 739 1691 792 seruaret.

464 830 597 909 benique
621 839 651 891 et
680 838 747 910 post
776 831 976 909 fragmentum
1001 830 1097 893 Caesii
1120 833 1205 894 Bassi
1235 842 1264 893 et
1294 843 1361 914 post
1384 835 1632 896 carruuentariunr
1655 835 1691 894 rie

378 936 480 995 metris
504 932 617 994 iiaratii
649 934 744 994 eicient
776 932 921 995 tributum
950 936 982 994 iu
1011 934 1114 996 codice
1138 935 1278 998 bobiensi
1301 939 1412 1019 scripta
1444 948 1530 1001 ernau
1552 945 1691 1016 excerpta

376 1038 581 1116 grammatica.
627 1055 702 1116 «pirae
731 1055 910 1117 quarurprmu
941 1036 977 1096 ab
1008 1037 1065 1099 iliis
1095 1038 1179 1100 libris
1207 1039 1303 1102 alicua
1327 1051 1406 1107 snut.
1437 1049 1534 1101 tarneu
1559 1060 1691 1101 connun-

377 1141 531 1201 dissimum
550 1157 616 1202 essc
634 1141 726 1201 risuin
752 1148 796 1200 est
819 1159 852 1200 ea
876 1142 905 1200 iu
930 1139 1060 1204 editione
1085 1143 1190 1204 cedern
1216 1141 1290 1214 iuro,
1316 1164 1375 1226 (pun
1399 1147 1430 1204 in
1455 1143 1558 1206 roilice
1582 1147 1691 1222 scripta

377 1251 471 1312 eraut.
500 1242 653 1304 exhibere.
699 1243 750 1302 seii
782 1241 886 1304 erbis
916 1247 1066 1324 excerptis
1095 1264 1171 1326 rpuae
1200 1248 1231 1308 iu
1261 1249 1361 1326 priore
1391 1246 1458 1308 ioca
1481 1248 1592 1327 scripta
1622 1255 1693 1307 srrut

376 1367 410 1407 ea
434 1365 503 1427 pars
527 1365 603 1426 <puae
627 1355 671 1406 est
694 1346 731 1406 tie
755 1346 890 1426 analogia
913 1348 1068 1410 [turnino
1092 1353 1213 1412 naruinc
1237 1353 1391 1431 inscripta,
1415 1369 1469 1412 ers
1488 1355 1692 1426 pruuonntico

376 1459 505 1528 acceptu
533 1470 573 1512 ca
601 1452 753 1513 (triduario
781 1449 959 1532 Boeotiam,
989 1471 1023 1512 ex
1054 1452 1164 1533 (pribus
1194 1456 1222 1514 in
1252 1454 1407 1516 codicibus
1438 1451 1526 1518 ct'in
1556 1455 1692 1536 principe

376 1553 508 1615 editione
543 1552 616 1613 iacta
654 1563 699 1614 est
732 1555 887 1634 inscriptio
917 1556 1089 1618 Doractb'nni
1111 1557 1336 1633 frequentem,
1375 1577 1443 1619 curn
1474 1558 1598 1620 Charisii
1629 1567 1692 1618 arte

376 1658 570 1736 grammatica
595 1659 636 1717 ita
660 1661 824 1726 censentit,
853 1667 884 1719 ut
907 1678 942 1720 ex
967 1660 1022 1720 hac
1045 1672 1166 1740 recepta
1191 1680 1255 1721 esse
1280 1663 1423 1725 rideatur.
1470 1678 1537 1722 nain
1563 1663 1692 1741 priurnnr

300 1830 304 1838 Ι
377 1759 414 1820 dc
444 1762 565 1821 ncrrrine
598 1759 752 1839 arraiogiae
782 1771 902 1841 praeter
931 1782 1036 1843 pannea,
1066 1783 1142 1844 (puae
1171 1763 1209 1824 ab
1239 1765 1323 1824 initia
1353 1763 1401 1825 hic
1430 1764 1552 1826 uberius
1576 1767 1692 1845 scripta

377 1869 457 1929 sunt.
482 1881 569 1944 ipuanr
599 1881 680 1926 nutrc
703 1865 780 1946 apud
806 1864 975 1927 Charisiuni
1005 1865 1158 1947 legantur,
1186 1869 1290 1930 cedern
1322 1866 1359 1929 ab
1388 1867 1439 1931 iiie
1468 1878 1591 1931 auctare
1620 1867 1693 1929 iuiic

378 1966 513 2029 bonraua
537 1966 644 2028 hadita
666 1979 735 2030 sunt
759 1989 787 2049 p.
808 1967 876 2037 116.
894 1967 945 2031 30.
981 1971 1090 2031 deinde
1114 1971 1150 2032 de
1175 1971 1347 2034 nominibus
1370 1990 1385 2032 a
1410 1969 1508 2034 littera
1525 1973 1693 2034 terminatis

377 2072 477 2133 canitia
502 2088 577 2150 quae
601 2070 648 2131 hic
671 2071 813 2150 leguntur
836 2073 913 2154 aptati
945 2073 1073 2136 cirruiern
1097 2092 1125 2154 p.
1149 2071 1200 2147 52,
1218 2073 1237 2137 6
1265 2067 1470 2138 inrchrinntin·.
1517 2097 1550 2136 ca
1576 2093 1693 2156 qnoque

377 2191 453 2254 «pirae
483 2181 552 2234 aute
582 2173 659 2236 heac
687 2184 801 2254 partein
832 2175 914 2239 nulio
943 2187 1026 2239 certa
1056 2178 1161 2240 antioc
1190 2182 1304 2258 scripta
1330 2190 1399 2242 sunt
1428 2180 1464 2240 de
1489 2179 1691 2247 distinctione,

377 2277 414 2336 rie
438 2277 529 2346 chria,
554 2277 761 2356 depasente,
786 2279 823 2342 de
848 2299 945 2351 rersu,
970 2282 1007 2343 rie
1030 2281 1212 2348 accentibus,
1237 2301 1271 2342 ex
1296 2303 1330 2344 ra
1354 2293 1438 2362 parte
1462 2284 1533 2344 artis
1558 2283 1690 2352 Charisii,

377 2397 453 2458 (puae
486 2383 518 2440 in
553 2379 748 2461 Neapolitano
783 2384 884 2445 codice
919 2383 987 2445 huie
1020 2405 1035 2447 a
1072 2384 1157 2448 titula
1187 2388 1225 2447 de
1252 2388 1378 2448 tectione
1405 2395 1434 2447 et
1459 2389 1601 2464 partibus
1630 2388 1694 2448 eins

378 2485 514 2563 [gramm.
538 2481 586 2544 iat.
615 2502 639 2542 r.
664 2483 676 2545 1
699 2504 727 2565 p.
746 2484 775 2555 ὁ,
794 2484 823 2562 81
848 2487 946 2568 periit,
972 2490 1032 2568 peti
1057 2499 1206 2568 poterant.
1241 2508 1309 2550 narn
1332 2489 1458 2570 piurima
1484 2509 1521 2550 cx
1545 2489 1591 2550 bis
1614 2490 1691 2568 apati

378 2585 562 2656 biornedem,
587 2584 772 2660 Dositheou,
799 2589 992 2658 i'ictarinnni.
1017 2593 1067 2669 qui
1088 2593 1216 2654 errrulenr
1240 2595 1314 2654 artis
1336 2603 1489 2654 auctorem
1514 2603 1601 2672 atquc
1619 2591 1693 2654 tiba-

376 2691 465 2752 risius
495 2690 589 2751 secuti
621 2698 690 2751 suut
719 2702 748 2753 ct
778 2713 845 2756 cani
875 2693 932 2755 hoc
964 2699 1136 2758 cnrrseutirc
1165 2695 1272 2766 soient,
1307 2696 1446 2758 similiter
1475 2698 1587 2776 scripta
1615 2706 1693 2756 suut.

343 2875 346 2880 ,
377 2811 470 2874 ‹puare
500 2793 578 2854 bauti
609 2793 808 2874 improbabile
840 2807 884 2858 est
912 2796 962 2858 iiia
992 2817 1111 2880 ipuutpue
1140 2809 1291 2880 excerpta.
1321 2819 1398 2881 quae
1428 2802 1598 2880 posteriore
1628 2797 1692 2860 iare

377 2905 444 2976 pest
467 2899 715 2958 camerientarinrn
741 2900 777 2960 de
802 2903 932 2982 quinque
949 2900 1134 2964 caraniuibns
1151 2902 1267 2964 Horatii
1290 2901 1399 2981 scripta
1423 2913 1502 2974 suat,
1526 2902 1563 2967 ab
1587 2904 1691 2964 cariem

378 3002 494 3078 origiue
519 3000 682 3079 repetenda
715 3022 789 3066 esse.
836 3015 865 3065 et
889 3005 925 3066 tie
950 3007 985 3066 iis
1008 3005 1129 3085 urridens
1152 3025 1228 3087 uriae
1259 3005 1492 3067 denominibus
1515 3005 1627 3087 perium
1652 3005 1691 3066 ibi

377 3105 487 3182 scripta
511 3112 581 3163 sunt
604 3101 675 3164 iihui
701 3109 867 3186 suspicatus
891 3118 936 3170 est
959 3109 1163 3190 Wnstphniins
1185 3109 1270 3170 bietr.
1295 3127 1320 3168 r.
1346 3108 1357 3170 1
1381 3128 1408 3187 p.
1436 3105 1505 3178 118.
1531 3119 1691 3190 propterea

377 3205 454 3286 quat
480 3205 623 3286 pieraiptc
647 3213 816 3290 praeceptis
835 3212 993 3284 biornoth,
1019 3211 1196 3290 quibuscum
1214 3213 1385 3274 consentire
1402 3211 1554 3274 Charisius
1571 3213 1692 3283 soleret,

377 3308 484 3370 siruilia
509 3318 617 3374 esseut.
