3904 5556
372 313 414 382 36
849 316 985 369 mann
1004 316 1195 371 neronam
1281 318 1285 326 ·

398 429 421 471 p.
435 417 495 459 scra.
509 416 535 460 as
549 415 572 460 a.
1515 433 1537 478 p.
1550 424 1584 466 rs
1598 422 1625 464 cs
1639 420 1666 464 c,

371 514 494 578 natura,
516 507 669 570 interdum
685 513 898 582 consonantes,
924 507 993 589 quia
1017 517 1047 570 et
1062 507 1214 592 praelatae
1230 519 1260 570 et
1282 507 1436 572 subiectae
1457 512 1523 574 aliis
1539 509 1693 574 vocalibus

371 619 482 674 coeunt
504 621 534 674 et
555 609 699 692 syllabam
723 608 863 682 reddunt,
886 611 966 692 quod
982 613 1116 695 reliquae
1141 611 1241 675 lacere
1263 630 1324 674 non
1345 623 1473 692 possunt
1495 627 1529 678 ut
1551 613 1691 697 [eaedem

371 723 402 777 et
423 723 624 778 consonantes
645 716 705 776 sint
728 721 758 776 et
780 710 924 796 vocales}
963 732 1031 779 narn
1049 723 1173 778 cum'et
1195 717 1274 778 inter
1296 735 1329 778 se
1351 717 1547 797 geminantur
1570 727 1690 782 etcum

369 817 436 882 aliis
458 820 636 899 iunguntur,
661 817 758 898 prima
781 835 884 881 earum
914 821 1044 898 quaein
1068 818 1180 902 syllaba
1209 818 1300 882 inerit
1328 820 1458 884 evidenti
1481 823 1597 885 ratione
1618 839 1690 883 oon·

369 941 482 986 sonans
504 925 577 994 erit,
608 923 720 1004 quippo
743 940 812 985 cum
837 922 917 986 vocis
939 941 1032 986 sonus
1059 925 1091 984 in
1113 921 1246 986 subiecta
1270 932 1386 986 tantum
1416 922 1510 987 vocali
1539 925 1718 996 audiatur,s

371 1037 405 1090 ut
433 1025 564 1089 iaculum
593 1024 668 1089 luno
697 1035 764 1088 rota
787 1022 884 1089 vultus
920 1037 951 1088 et
973 1026 1020 1090 his
1042 1025 1159 1090 similia.
1206 1039 1325 1098 octavo,
1356 1029 1381 1088 si
1411 1038 1551 1110 correpta
1580 1025 1690 1090 vocalis

369 1130 479 1194 desiuit
502 1132 533 1191 in
556 1137 788 1201 consonantem,
819 1147 877 1213 qua
906 1147 977 1211 pars
1000 1130 1143 1192 orationis
1166 1131 1302 1198 liniatur,
1333 1138 1363 1192 et
1384 1148 1515 1212 sequens
1536 1130 1648 1213 syllaba
1673 1151 1688 1192 a

369 1235 465 1297 vocali
487 1235 625 1315 incipiat,
649 1243 684 1296 ut
705 1232 794 1297 ‘hoc
818 1236 917 1298 erat'
941 1245 972 1298 et
994 1233 1070 1297 ‘bic
1093 1236 1174 1296 alt’.

455 1337 542 1400 Nunc
570 1337 608 1400 de
637 1336 848 1400 communibus
882 1338 1056 1419 plenissime
1089 1347 1270 1409 tractemus,
1303 1339 1386 1401 unde
1417 1357 1522 1403 sumus
1550 1339 1687 1421 digressi.

367 1457 496 1524 quarum
520 1437 526 1525 1
549 1443 580 1503 in
605 1441 707 1504 metris
730 1439 839 1522 triplex
861 1443 938 1504 ratio
956 1451 986 1504 et
1008 1459 1098 1505 causa
1112 1443 1280 1525 reperitur,
1304 1441 1452 1524 siqnidem
1482 1461 1541 1506 una
1565 1443 1685 1506 eadem·
1703 1467 1730 1508 ao

368 1563 427 1628 que
455 1542 569 1626 syllaba
598 1563 680 1608 nnnc
709 1542 797 1624 longa
832 1561 913 1608 nunc
941 1543 1039 1607 brevis
1074 1547 1231 1628 utriusque
1265 1547 1410 1626 temporis
1439 1544 1506 1627 lege
1535 1546 1686 1627 iungatur.

367 1647 590 1712 sciscitantibus
613 1659 729 1719 autem,
753 1666 808 1734 cur
830 1657 893 1710 tres
916 1647 998 1710 modi
1021 1650 1226 1712 communium
1249 1647 1434 1732 syllabarum
1458 1652 1527 1722 siut,
1552 1649 1687 1714 dicemus

367 1749 487 1834 longam
510 1749 656 1832 syllabam
680 1759 731 1814 aut
752 1758 859 1814 natura
889 1751 956 1814 lieri
979 1759 1029 1814 aut
1051 1753 1212 1832 positione.
1258 1752 1333 1815 haec
1357 1751 1413 1816 sub
1437 1763 1564 1835 utraque
1586 1755 1687 1836 specie

367 1873 559 1919 communem
581 1857 612 1916 ln
635 1857 741 1917 metris
762 1853 907 1936 syllabam
930 1853 1035 1928 dabir,
1051 1856 1080 1920 id
1104 1863 1150 1919 est
1171 1865 1364 1928 aurasium,
1389 1877 1457 1921 cum
1473 1857 1578 1920 ultimo
1600 1857 1686 1939 pedis

367 1957 475 2040 dactyli
497 1957 586 2037 longa
608 1959 774 2039 reperitur,
798 1967 833 2022 ut
855 1957 1020 2021 ‘insulae
1043 1958 1152 2022 lonio
1175 1961 1211 2021 iu
1235 1963 1399 2042 magno’,
1419 1958 1430 2044 ΙΙ
1448 1970 1499 2023 aut
1527 1963 1728 2042 positionem

367 2081 437 2126 cum
465 2063 637 2126 inferuntur
665 2060 749 2126 brevi
777 2060 908 2146 syllabae
936 2063 1013 2125 duae
1041 2071 1257 2136 consonantes,
1289 2081 1418 2146 quarum
1453 2067 1538 2145 prior
1566 2083 1687 2147 semper

366 2176 464 2238 muta,
488 2184 617 2248 sequens
640 2165 752 2248 liquida
776 2175 831 2228 est.
875 2174 1015 2248 superest
1037 2174 1143 2229 natura
1166 2164 1281 2238 brevis,
1306 2171 1391 2232 cuius
1414 2186 1492 2231 unus
1516 2168 1632 2240 modus,
1656 2167 1685 2230 id

367 2280 413 2332 est
443 2287 512 2333 cum
548 2279 688 2353 correpta
717 2269 828 2332 vocalis
857 2269 966 2333 desinit
993 2271 1025 2332 in
1049 2280 1281 2344 consonantem,
1314 2291 1348 2334 ea
1377 2271 1532 2336 dumtaxat
1561 2269 1627 2352 lege
1654 2281 1689 2333 ut

365 2391 495 2456 sequem
525 2372 638 2454 syllaba
666 2372 827 2455 incipiata
855 2371 966 2442 vocali,
996 2383 1149 2454 umquam
1171 2372 1251 2437 ‘hic
1281 2377 1334 2437 ait
1362 2385 1398 2438 et
1427 2377 1601 2438 nostris’.
1646 2377 1685 2436 ita

366 2477 539 2540 ellicinntur
563 2475 658 2548 modi,
683 2489 821 2558 utsupra
839 2477 953 2540 dictum
970 2485 1032 2547 est,
1056 2488 1129 2540 tres.
1174 2479 1266 2557 igitur
1281 2480 1380 2558 prima
1396 2479 1513 2559 species
1535 2480 1595 2541 crit
1609 2497 1684 2560 qnae
1699 2505 1727 2542 so

366 2579 475 2663 dactyli
497 2580 583 2662 pedis
606 2581 725 2644 tertiam
747 2579 869 2643 brevem
892 2599 946 2643 seu
969 2580 1116 2661 producta
1132 2581 1227 2644 vocali
1249 2599 1304 2644 seu
1320 2581 1446 2644 duarum
1463 2585 1685 2653 coniunctione,

365 2683 394 2745 id
418 2693 464 2746 est
487 2681 690 2766 diphthongo,
720 2683 841 2764 longam
866 2684 999 2746 alliciens
1020 2693 1125 2746 contra
1149 2683 1247 2764 legem
1270 2683 1437 2749 hexametri
1460 2685 1547 2748 heroi
1570 2685 1685 2768 amphi-

365 2805 501 2850 macrum
524 2786 653 2859 inducit,
687 2788 738 2868 qni
760 2806 816 2869 pro
839 2787 956 2869 dactylo
980 2785 1046 2866 lege
1069 2789 1276 2850 communium
1306 2787 1487 2868 syllabarum
1512 2791 1684 2871 accipietur,

365 2891 404 2952 ita
434 2901 533 2954 tamen
563 2899 597 2952 ut
624 2907 800 2972 sequensa
828 2889 925 2953 vocali
953 2908 1006 2971 pes
1034 2891 1165 2955 inchoet.
1210 2893 1295 2954 cuius
1324 2890 1494 2974 exemplum
1523 2891 1603 2975 apud
1626 2892 1685 2955 llo·

366 3011 483 3057 merum
513 2987 646 3071 ’ἄνδρα
672 3014 731 3078 μοι
757 2987 896 3078 lovem,
927 2993 1083 3066 Modca’,
1115 2994 1193 3077 apud
1217 3001 1353 3058 nostrum
1385 2995 1552 3060 ‘insulae
1580 2996 1725 3061 lonioes

364 3099 400 3160 in
424 3099 601 3176 magno’:
633 3115 703 3160 nam
732 3096 789 3160 suh
818 3096 867 3159 illa
897 3099 1107 3161 coniunctione
1136 3097 1244 3178 longae
1273 3117 1349 3181 quae
1378 3109 1448 3162 sunt
1475 3101 1564 3163 huius
1592 3100 1683 3171 modi,

366 3203 525 3283 utriusque
546 3200 660 3265 rocam
682 3219 793 3264 nomen
816 3201 991 3273 incurrunt,
1016 3209 1047 3263 et
1069 3203 1100 3263 ln
1124 3201 1278 3265 collisione
1301 3204 1431 3285 spatium
1454 3206 1602 3286 temporis
1622 3205 1683 3288 ipsa

365 3304 581 3388 pronuntiandi
612 3303 766 3368 celeritate
797 3306 999 3368 consumitur:
1036 3323 1215 3387 quamquam
1244 3321 1306 3367 nou
1344 3305 1419 3368 nulli
1451 3308 1537 3387 quasi
1564 3306 1684 3370 finalem

364 3406 507 3490 syllabam
523 3415 649 3491 propter
663 3407 905 3478 indifferentiam,
929 3410 1059 3490 quaein
1083 3409 1187 3472 metris
1209 3407 1349 3472 omnibus
1372 3412 1525 3492 competit,
1551 3410 1678 3482 tradant,

364 3531 457 3595 snper
480 3531 539 3594 quo
559 3509 698 3592 'plerique
720 3509 876 3592 ambigunt
897 3513 927 3573 in
951 3513 1011 3573 isto
1026 3512 1180 3575 dumtaxat
1201 3511 1384 3594 syllabarum
1400 3515 1605 3576 communium
1622 3516 1682 3596 pri·
1697 3536 1724 3578 so

368 3614 488 3698 vilegio.
534 3614 642 3678 harum
671 3615 765 3692 altera
794 3623 854 3684 est,
887 3633 955 3677 cnm
985 3614 1120 3678 eiusdem
1156 3613 1242 3697 pedis
1269 3614 1401 3678 secunda
1436 3615 1548 3700 syllaba
1578 3627 1683 3680 natura

365 3737 488 3801 semper
510 3718 625 3788 brevis,
654 3727 758 3800 utpote
788 3720 925 3799 sequenti
953 3717 1019 3781 loco
1041 3719 1072 3778 ln
1103 3717 1220 3801 dactylo
1248 3719 1341 3800 pede,
1371 3722 1539 3783 coniunctis
1568 3719 1683 3784 duabus

366 3821 620 3894 consonantibus,
645 3839 771 3902 querum
795 3822 878 3902 prior
894 3831 991 3892 muta,
1016 3841 1147 3904 sequeus
1169 3821 1278 3903 liquida
1302 3824 1354 3894 sit,
1379 3821 1498 3904 longam
1516 3825 1607 3886 efficit
1630 3845 1681 3905 po·

369 3927 492 3998 sitione,
517 3935 551 3988 ut
573 3935 619 3988 est
641 3927 755 3988 ‘vidit
778 3926 1031 3996 turicremis',
1062 3925 1092 3986 in
1115 3945 1146 3996 r,
1179 3933 1209 3986 et
1231 3924 1242 4008 ΙΙ

433 4152 449 4203 s
468 4161 560 4202 octavo
579 4176 607 4187 -
629 4151 645 4201 8
664 4149 705 4200 hic
723 4151 759 4201 alt
775 4167 801 4216 p.
823 4152 921 4210 22,17.
940 4153 982 4210 27,
996 4153 1020 4202 6.
1040 4152 1084 4212 30,
1100 4154 1140 4202 21.
1162 4153 1253 4214 37,15

435 4340 603 4410 ipreelaruc
625 4341 734 4392 coniecit
757 4340 922 4402 drinfordiur
945 4340 1061 4409 prolatas
1080 4337 1168 4395 ΑΒς
1257 4335 1509 4405 2qnod1qnaeB
1596 4340 1681 4392 Bhoe

365 4407 431 4479 arur]
455 4413 535 4478 Verg.
554 4411 622 4462 Aen.
641 4408 675 4459 11
693 4411 744 4460 664
762 4409 811 4460 hoc
830 4421 884 4460 erat
901 4411 969 4460 atram
987 4425 1081 4477 parens
1169 4409 1210 4459 hie
1229 4406 1276 4476 aix]
1300 4410 1380 4473 Verp.
1397 4410 1465 4464 Aen.
1485 4409 1553 4460 IIII
1572 4415 1621 4460 591
1640 4411 1681 4459 hie

364 4483 400 4532 aia
422 4491 448 4531 et
469 4479 566 4530 nostris
588 4477 707 4528 inluserit
728 4478 829 4529 advena
846 4481 933 4545 regnis
1024 4481 1053 4530 11
1077 4493 1145 4528 narnc
1169 4477 1248 4545 longa
1270 4493 1338 4528 nunc
1357 4477 1443 4528 breuis
1462 4493 1529 4528 nunc
1548 4479 1681 4542 utriusque

364 4547 1168 4684 “mittitis“mitti,21¹lt¹‘'¹¹tt‚:‘*niiti⁰
1188 4550 1212 4598 Α
1224 4545 1576 4667 {discalciati
1591 4549 1682 4674 lile·

365 4620 466 4738 mhi
484 4685 648 4754 diphthongo
667 4698 684 4742 ς
701 4683 883 4752 diphthongon
899 4635 927 4737 hl
946 4655 1100 4753 dyptongon
1120 4684 1160 4736 B·
1214 4687 1247 4735 25
1265 4631 1372 4750 o'r'hdpor]
1394 4685 1470 4736 Hom.
1490 4683 1537 4735 Od.
1558 4685 1581 4736 A
1602 4689 1617 4736 1

363 4751 477 4824 inertiae]
500 4754 796 4822 Vcrp.Aen.1112!t
828 4761 830 4768 ’
866 4757 899 4807 26
917 4753 1034 4822 subilla]
1054 4754 1142 4805 subtili
1162 4753 1304 4818 ΑΒςσῙ,
1323 4771 1350 4817 p.
1366 4756 1455 4810 3219
1474 4755 1680 4806 subunoenua-

365 4826 429 4875 tintu
446 4825 600 4876 coniunctae
667 4826 700 4875 at
724 4821 827 4890 atomon]
850 4825 966 4887 sortasse
985 4827 1108 4875 radonem
1180 4825 1212 4875 28
1232 4818 1320 4890 pransi]
1346 4823 1449 4886 quibust
1469 4839 1539 4874 corr.
1560 4826 1635 4887 qraasi
1655 4825 1680 4875 B

434 4897 468 4944 ³4
486 4890 561 4961 vidit]
585 4895 665 4961 Verg.
681 4895 746 4944 Aen.
764 4893 778 4943 I
783 4893 813 4944 II
819 4894 831 4942 l
852 4897 904 4945 iss
