3874 5556
603 429 605 434 ,
792 361 862 416 aas
881 363 933 428 aa
951 389 985 402 -
1003 365 1056 426 aa
1522 355 1587 424 283

292 465 463 525 percaeca.
1401 461 1560 516 ,ιοθοοοο

266 557 342 622 duos
371 558 506 636 integros
535 557 627 639 pedes
656 565 686 620 et
714 554 881 619 dimidium.
927 562 957 617 et
980 553 1066 618 colon
1091 553 1203 617 dictum
1234 555 1356 634 quasia
1381 550 1585 635 corporeab·

266 662 378 724 scisum
406 663 560 744 integrum
589 660 775 732 membrum,
812 679 927 722 comma
959 677 1030 722 vero
1061 661 1145 750 quasi
1175 668 1281 722 trunca
1310 675 1381 742 pars
1410 654 1538 720 membri
1569 675 1584 717 a

266 783 395 847 corpore
418 773 580 848 amputata.

353 973 440 1037 Nunc
469 973 571 1036 dicere
599 971 761 1053 aggredior
791 983 886 1036 metra
916 971 1111 1054 principalia,
1142 989 1218 1052 quas
1242 992 1257 1034 θ
1281 974 1403 1036 Graecis
1427 979 1585 1055 prototypa

229 1094 243 1134 s
270 1087 300 1140 et
323 1077 488 1156 archigona
510 1075 663 1140 dicuntur.
708 1085 809 1140 cetera
833 1077 912 1140 enim
937 1097 973 1140 er
997 1077 1043 1139 bis
1066 1085 1134 1138 nata
1158 1084 1243 1145 sunt,
1273 1096 1348 1158 quae
1373 1075 1506 1138 rrttuiiata
1530 1095 1585 1158 per

267 1179 331 1245 cola
355 1189 385 1244 et
406 1191 554 1244 commata
583 1189 634 1243 aut
662 1178 799 1263 partibus
829 1180 1054 1260 adglutinantur
1082 1179 1231 1270 similibus
1260 1190 1311 1243 θυι
1333 1177 1395 1242 sola
1420 1189 1584 1262 ponuntur.

269 1293 298 1348 et
320 1293 441 1347 sumunt
466 1284 510 1348 vei
534 1302 551 1346 θ
576 1283 703 1366 pedibus
726 1287 848 1348 nomina
873 1303 909 1346 ex
933 1283 1042 1364 quibus
1065 1293 1213 1355 constant,
1239 1293 1271 1344 ut
1294 1283 1438 1365 dactylica
1463 1293 1493 1346 et
1513 1303 1583 1346 ana·

267 1389 415 1470 paestica;
445 1388 489 1450 vel
511 1387 550 1450 ab
573 1388 797 1460 inventoribus,
829 1399 861 1450 ut
890 1387 1043 1471 plralaecia
1060 1387 1063 1468 l
1083 1386 1128 1451 rel
1151 1386 1302 1458 soladium
1333 1386 1377 1450 ccl
1401 1385 1439 1449 ab
1463 1387 1510 1450 bis
1532 1389 1584 1469 qui

268 1511 302 1554 ea
326 1495 457 1554 maxime
480 1491 726 1573 frequentarunt,
759 1500 791 1556 ut
813 1493 1019 1576 aristopirania
1042 1500 1072 1555 et
1094 1489 1291 1574 asclepiadia;
1320 1499 1372 1555 aut
1394 1490 1431 1554 ab
1456 1509 1527 1564 usu,
1552 1500 1585 1553 ut

230 1617 255 1657 ιο
269 1597 411 1676 prisma:
436 1604 486 1657 aut
508 1614 524 1658 a
548 1613 676 1658 numero
700 1595 897 1679 syllabarum,
922 1606 955 1660 υι
977 1595 1244 1678 hendecasyllabo,
1268 1605 1320 1658 θυι
1342 1616 1358 1658 θ
1382 1613 1509 1658 trunrero
1533 1614 1584 1678 pe·

266 1699 347 1770 doru,
371 1709 405 1762 ut
429 1717 532 1763 uersus
555 1703 693 1765 senarios
716 1701 860 1774 dicimus,
884 1713 936 1764 aut
958 1721 975 1763 a
998 1717 1126 1763 numero
1148 1700 1349 1784 apamiarum,
1373 1707 1406 1762 ut
1430 1699 1585 1762 trimetros

266 1813 295 1866 et
319 1811 511 1868 tetrametros
534 1803 677 1876 dicimus,
701 1813 753 1867 aut
775 1825 790 1868 a
813 1803 1019 1887 passionibus,
1043 1813 1075 1866 υι
1098 1803 1219 1866 coluros
1242 1811 1272 1866 et
1294 1811 1462 1874 scazontes,
1493 1813 1545 1866 aut
1567 1822 1584 1866 a

267 1917 414 1986 tempore,
439 1916 473 1970 υι
503 1910 669 1979 saturnios,
699 1909 779 1991 quod
810 1908 915 1972 eodem
952 1915 1088 1991 tempore
1124 1909 1255 1987 primutu
1285 1909 1315 1968 in
1340 1906 1423 1970 italia
1446 1907 1582 1988 usurpati

266 2019 344 2082 sunt,
368 2029 428 2094 quo
444 2010 584 2074 Saturnia
608 2010 779 2075 nubserat.
817 2013 909 2092 igitur
933 2011 1091 2092 originalia
1106 2021 1185 2082 sunt,
1209 2019 1243 2074 ut
1265 2011 1335 2081 dixi,
1359 2028 1487 2074 numero
1503 2019 1583 2079 octo,

228 2133 342 2195 cquae
371 2116 472 2178 omnia
500 2117 626 2198 proprio
654 2134 709 2178 suo
732 2115 810 2196 pede
833 2117 1015 2187 consistunt,
1045 2112 1126 2178 uncle
1149 2116 1269 2178 nomina
1300 2122 1497 2198 acceperunt,
1519 2109 1533 2199 ΙΙ
1556 2123 1586 2176 et

266 2228 336 2282 sunt
371 2218 462 2290 baec,
496 2218 694 2302 dactylicum,
728 2221 968 2301 anapaesticum,
1005 2217 1183 2290 iambicum,
1220 2217 1424 2289 trochaicum,
1454 2218 1586 2303 ionicum

265 2315 331 2387 aab
359 2322 526 2406 μείζονος,
563 2325 694 2387 ionicum
724 2315 784 2385 ἀπ’
815 2318 1018 2397 ἐλάσσονος,
1049 2321 1301 2392 choriambicum,
1342 2323 1583 2404 antispasticum.

265 2427 311 2488 bis
339 2427 461 2510 quidam
485 2423 621 2489 adiciunt
643 2425 931 2508 proceleumaticum
956 2437 985 2490 et
1008 2427 1202 2509 paeonicum,
1233 2446 1309 2508 quate
1336 2435 1463 2508 possunt
1491 2425 1586 2487 citiori
1671 2461 1673 2467 ,
1753 2403 1758 2414 ⁶

266 2549 326 2593 nou
349 2532 429 2592 inter
453 2537 610 2612 prototypa
633 2531 787 2610 ponenda,
823 2531 875 2593 scd
911 2534 990 2594 inter
1023 2529 1073 2593 illa
1102 2550 1178 2613 quae
1208 2549 1242 2592 cx
1267 2533 1434 2613 prototypis
1457 2547 1584 2592 nascun-

227 2651 252 2691 θο
267 2645 325 2696 tur.
371 2635 423 2698 sed
447 2654 503 2698 nos
526 2641 593 2717 prust
616 2644 684 2697 octo
708 2643 865 2718 prototypa
889 2635 964 2698 baec
987 2633 1047 2697 duo
1070 2635 1297 2715 coniungentes.

784 2826 834 2890 ott
858 2823 1068 2891 ortcTtttco

351 2945 535 3027 [dactylicum
559 2955 689 3011 metrum
714 2947 843 3018 dictum,
868 2947 946 3030 (prod
971 2967 1006 3010 ex
1031 2946 1172 3010 omnibus
1199 2944 1325 3026 dactylis
1347 2953 1473 3008 coruscat.
1513 2941 1582 3028 [sed

266 3049 372 3113 arelius
395 3060 482 3112 sonat
505 3069 609 3114 verstrs
638 3051 801 3134 dactylicus
825 3052 1012 3120 hexameter,
1043 3052 1067 3112 si
1096 3049 1289 3114 catalecticus
1317 3051 1382 3120 ltat,
1411 3048 1468 3110 boc
1491 3057 1537 3110 est
1559 3049 1584 3109 si

266 3152 442 3236 disyllabum
466 3153 573 3237 pcdcnr
597 3156 627 3217 in
652 3153 758 3218 ultimo
782 3154 901 3232 lrabeat,
927 3165 960 3218 ut
982 3161 1026 3217 est

229 3277 255 3318 ss
410 3268 447 3320 θι
469 3255 558 3322 tuba
582 3257 797 3321 terribilem
821 3259 985 3321 sortitum
1009 3257 1148 3340 procul
1172 3277 1261 3320 aere
1285 3257 1439 3339 canoro]

267 3360 319 3423 sed
343 3361 491 3426 admissus
520 3363 550 3424 in
580 3363 755 3426 societatem
785 3361 894 3446 tlaetpli
924 3361 1093 3444 spondeus,
1124 3361 1239 3426 scilicet
1263 3371 1389 3446 propter
1412 3370 1582 3446 temporum

265 3465 395 3527 similem
419 3473 607 3546 potestatem,
631 3465 758 3527 beroum
782 3467 863 3528 iecit.
903 3465 1005 3528 volunt
1028 3468 1106 3528 enirn
1132 3466 1258 3528 beroum
1283 3463 1334 3528 illo
1357 3464 1469 3528 distare
1492 3487 1508 3527 a
1532 3465 1583 3529 da·

267 3566 384 3650 ctplico,
408 3549 488 3648 parad
512 3567 676 3650 dactylicus
701 3587 738 3631 ex
761 3569 879 3651 dactylo
901 3568 965 3632 solo
989 3571 1036 3639 sit,
1062 3569 1174 3632 herous
1197 3579 1227 3632 ct
1251 3587 1285 3631 cx
1309 3570 1454 3652 spondeo.
1493 3568 1584 3631 bexa-

333 3749 365 3800 21
387 3746 423 3800 De
441 3747 567 3816 dactylico
587 3749 659 3801 Mar.
683 3749 781 3804 Victor.
802 3753 843 3816 70,
859 3753 891 3801 11

336 3907 349 3956 l
368 3921 383 3955 a
401 3919 510 3973 corpore
528 3905 584 3963 ςΒ
602 3921 616 3954 θ
635 3921 761 3972 corporea
779 3907 804 3958 Α
869 3903 1015 3959 rclrscissum
1035 3907 1060 3958 A
1074 3905 1129 3963 Βς
1189 3909 1284 3959 dante
1303 3905 1377 3958 Narnc
1399 3908 1473 3957 anius
1495 3922 1584 3958 rerem

264 3975 373 4039 θρνιὶιοοθ
390 3975 507 4026 reuera·
529 3983 569 4027 cst
591 3978 617 4025 ιο
640 3988 665 4031 ς.
696 3977 790 4026 omisca
808 3983 891 4028 autem
915 3985 955 4028 est
977 3977 1113 4042 iares-iptio
1132 3976 1169 4026 De
1193 3977 1281 4026 metris
1305 3975 1492 4043 priucipatibus
1515 3991 1583 4038 quae

265 4055 325 4093 snm
338 4057 445 4094 rrrrmcro
459 4055 517 4095 octo
536 4047 576 4096 ccl
587 4043 619 4094 de
633 4054 690 4095 octo
704 4045 908 4111 pt·ctotypis.ari
924 4063 999 4113 quara
1017 4049 1209 4112 inacripticucrn
1227 4053 1347 4110 spectant
1360 4048 1392 4098 tt
1405 4044 1484 4111 igitur
1503 4045 1584 4110 origi-

266 4111 332 4162 nalia
350 4123 420 4170 sunt,
440 4125 466 4163 ut
483 4113 549 4176 dixi,
568 4128 674 4163 rtttntero
694 4125 751 4164 octo
821 4115 994 4181 aggrediar:
1052 4117 1068 4168 5
1086 4116 1234 4182 crclrcgona
1251 4115 1304 4171 ςΒ
1379 4127 1438 4164 truta
1455 4127 1532 4169 υνυς

265 4196 311 4247 per
328 4181 385 4232 cola
404 4181 429 4232 B
448 4183 567 4249 percolo
589 4183 611 4233 Α
631 4197 678 4248 per
696 4182 767 4235 colos
784 4194 802 4239 ς
871 4185 887 4235 b
905 4195 949 4234 θυι
969 4185 1074 4250 paribus
1092 4185 1288 4252 agglutinantur
1305 4185 1355 4234 sibi
1374 4183 1511 4234 Putsclrina

265 4246 406 4318 similibus]
426 4253 476 4302 sibi
494 4255 519 4303 Α
534 4251 589 4308 Βς
664 4253 680 4302 ¹1
699 4263 726 4302 ut
743 4250 870 4317 dactylica
888 4255 1055 4320 atrupaestica
1074 4267 1091 4310 ς
1110 4266 1134 4304 et
1151 4254 1277 4318 ‹lnctylicn
1297 4265 1321 4305 ct
1338 4253 1504 4319 anapaestis-a
1524 4253 1544 4303 A
1559 4250 1584 4301 B

333 4319 395 4371 eut
414 4319 533 4372 Phalcciu
553 4320 705 4377 sotadicus
792 4323 808 4372 9
833 4333 860 4371 ut
875 4323 1021 4389 aristoplriu
1044 4334 1068 4373 et
1086 4323 1244 4390 asclepiadis
1263 4321 1327 4373 AB
1351 4333 1378 4371 ut
1396 4321 1584 4387 Aristophanis

266 4388 429 4455 Asclepiadis
448 4401 465 4445 ς
554 4393 583 4440 ll
607 4401 653 4440 aut
676 4405 782 4440 rrtrmero
807 4393 975 4456 syzygiurum
1000 4403 1027 4442 ut
1046 4393 1174 4442 trimetros
1194 4394 1218 4443 A
1238 4405 1283 4442 aut
1301 4406 1332 4441 us
1353 4390 1520 4456 syzygiarnm
1539 4403 1584 4439 aut
1670 4451 1673 4456 Ι

265 4459 393 4509 trimetros
416 4456 439 4508 B
456 4471 501 4510 aut
519 4475 533 4509 θ
553 4473 660 4510 numero
680 4461 848 4524 syzp'aiarum
867 4463 997 4511 trimetros
1016 4472 1034 4516 ς
1105 4464 1136 4513 13
1155 4460 1227 4526 quod
1246 4475 1276 4510 eo
1296 4470 1412 4525 tempore
1430 4461 1455 4508 iu
1476 4458 1547 4508 italia
1566 4473 1583 4514 ς

335 4529 366 4578 l‘i
390 4517 449 4579 eiad
467 4526 600 4592 μείζονος
618 4537 645 4580 et
662 4517 715 4578 ἀπ’
736 4511 892 4589 ἐλάσσονος
909 4531 935 4580 ia
953 4530 1051 4580 lacrmis
1068 4541 1147 4586 ονος
1211 4530 1409 4595 antispasricum
1428 4543 1486 4578 curn
1507 4528 1547 4579 bis
1566 4541 1583 4584 ς

317 4597 349 4648 19
369 4596 491 4663 ponenda
510 4623 540 4635 -
559 4600 592 4648 iil
611 4611 671 4649 octo
692 4610 832 4664 prototypa
850 4611 926 4654 orm
984 4600 1017 4648 22
1036 4597 1082 4647 sed
1101 4599 1193 4649 melius
1213 4625 1243 4635 —
1264 4601 1297 4649 ‘lo
1315 4613 1374 4648 acre
1392 4612 1497 4654 canoro,
1516 4613 1583 4664 puae

265 4664 300 4714 ad
316 4671 489 4733 mentionem
502 4669 534 4718 dc
547 4669 634 4719 rdtimo
651 4669 719 4732 pede
732 4667 878 4718 hexametri
892 4671 1032 4732 pertineat,
1053 4683 1104 4718 nou
1122 4675 1184 4732 apte
1203 4667 1251 4719 boc
1268 4671 1324 4718 loco
1343 4668 1499 4731 interposita
1516 4675 1584 4729 arnt,

265 4750 344 4800 nepae
365 4739 543 4788 catalecticum
564 4739 614 4787 red
634 4739 803 4786 acatalecticus
826 4753 925 4788 versum
947 4751 1005 4788 carc
1029 4738 1106 4787 coluit
1128 4739 1309 4802 proponatis-us
1327 4735 1400 4796 infra
1417 4747 1443 4800 ρ,
1463 4738 1524 4799 285,
1540 4739 1583 4790 12.

266 4819 344 4868 quare
356 4803 435 4856 cerba
447 4813 547 4870 pastea.
567 4813 594 4856 at
611 4807 721 4862 videtur,
740 4806 876 4870 adscripta
894 4814 919 4858 ct
938 4822 974 4857 ea
986 4807 1101 4872 ruarpt'rre
1112 4806 1187 4856 illata
1198 4807 1292 4857 seclusi
1343 4806 1376 4856 23
1395 4819 1486 4855 versus
1506 4821 1552 4860 om.
1567 4819 1583 4861 ς

331 4873 365 4924 25
383 4868 502 4941 attuba]
526 4873 605 4940 Vcrp.
627 4876 693 4925 Aca.
717 4873 812 4924 VIIII
831 4877 884 4926 503
945 4889 1003 4926 aere
1021 4873 1182 4944 sBpraA
1248 4875 1282 4926 28
1300 4873 1478 4926 hexametrum
1497 4887 1581 4926 autem

265 4939 401 4994 Putrcbiac
418 4957 443 4992 et
462 4953 620 4994 exametrum
640 4956 725 4994 autem
745 4942 834 4999 ΑΒς
