3906 5564
487 422 490 428 Ι
661 344 740 398 sits.
760 343 871 398 GRAM.
891 343 961 398 LlB.
980 345 1009 398 11
1026 345 1052 404 θ,
1071 346 1166 396 bib
1533 339 1572 406 91

283 443 452 498 pecasse.
1386 457 1408 502 p.
1424 440 1549 487 nanc.

256 536 285 594 in
310 550 369 614 quo
392 551 471 598 unus
492 535 610 598 ionicus
633 543 663 597 et
684 535 820 598 trochaei
844 537 976 618 quinque
999 541 1085 607 suut;
1109 533 1198 600 buius
1222 531 1417 598 acatalectum

526 675 598 722 uras
621 656 724 722 nitidis
746 655 905 720 frondibus
928 656 1027 720 euban
1049 655 1174 721 hederis
1197 654 1308 738 illigat,

257 777 326 840 item
349 775 559 842 catalecticum
582 777 697 862 primae
720 775 853 862 syllabae
876 774 1054 841 solutionem
1077 797 1198 862 passum
1221 777 1312 841 huius
1335 775 1433 848 modi,

497 917 564 963 mea
587 896 672 964 Delia
694 909 776 964 casta
799 895 925 982 pulchra
948 917 1044 982 paene
1067 899 1201 964 siderum
1225 899 1330 969 decus,

233 1021 287 1082 sin
309 1037 370 1103 quo
393 1037 472 1082 unus
495 1020 611 1086 ionicus
634 1029 664 1084 et
692 1021 825 1104 quinque
854 1021 989 1085 continui
1014 1021 1157 1084 trochaei.
1202 1029 1425 1102 pentametrum
1454 1035 1575 1102 quoque

257 1122 548 1206 brachycatalectum
571 1125 629 1188 erit
651 1123 724 1196 tale,
1335 1123 1343 1130 “

423 1227 569 1310 Dictynna
593 1227 682 1292 deum
706 1230 879 1310 progenies,
905 1229 1005 1312 aspice
1027 1230 1095 1310 quis
1119 1235 1148 1292 te
1172 1227 1283 1292 chorus
1306 1227 1403 1292 astris.

339 1331 500 1396 Praeterea
525 1343 555 1396 et
576 1352 614 1396 ex
637 1349 669 1394 se
692 1333 758 1396 sine
780 1332 840 1396 ulla
863 1332 972 1416 pedum
990 1330 1173 1396 admixtione
1196 1332 1389 1412 componitur
1412 1338 1441 1394 et
1464 1349 1518 1414 per
1543 1349 1575 1392 se

257 1443 314 1498 stet
335 1436 454 1517 integer
482 1455 537 1518 per
559 1435 742 1520 synaphian.
774 1445 806 1500 ut
829 1435 937 1500 Graeci
966 1435 1083 1508 dieunt,
1113 1434 1219 1497 idest
1246 1453 1316 1497 cum
1339 1437 1466 1517 repetita
1490 1433 1575 1498 iden-

221 1539 345 1602 1⁰tidem
374 1543 439 1610 vice
468 1539 576 1603 breves
603 1539 699 1622 longis
721 1548 773 1602 aut
799 1548 903 1603 contra
934 1538 1076 1602 brevibus
1104 1535 1210 1620 longae
1239 1537 1440 1602 subiciuntur.
1485 1545 1578 1619 atque

257 1645 296 1706 ita
307 1643 386 1708 inter
397 1663 430 1707 se
442 1644 557 1708 alterna
570 1645 734 1706 mutatione
749 1646 911 1714 variantur.
927 1661 1005 1727 quos
1018 1631 1085 1706 άπὸ
1098 1640 1251 1725 μείζονος
1265 1651 1295 1705 et
1307 1635 1374 1704 άπὸ
1390 1635 1575 1715 ἐλάσσονος

258 1748 363 1811 musici
386 1755 504 1818 vocant,
528 1756 561 1810 ut
583 1745 662 1830 apud
686 1747 844 1810 lloratium
875 1745 879 1830 l

335 1852 573 1924 ,miserarum
598 1860 654 1914 est
676 1869 798 1932 neque
822 1852 941 1914 amori
964 1851 1054 1914 clare
1077 1849 1203 1914 iudum
1227 1865 1348 1928 neque
1371 1849 1487 1914 dulci.

257 1955 343 2018 huius
358 1954 525 2036 primordio
548 1955 573 2018 si
595 1953 706 2017 adicias
730 1959 766 2015 ‘o
789 1956 907 2036 qusm',
931 1955 989 2018 erit
1010 1955 1129 2016 ionicus
1152 1946 1220 2016 cino*
1235 1951 1389 2035 μείζονος
1404 1952 1574 2017 adiectione

221 2058 397 2140 respondei,
421 2067 455 2122 ut
1596 2043 1598 2048 ’

317 2160 319 2164 ’
362 2181 380 2225 ο
402 2181 492 2246 quam
516 2163 693 2226 miserarum
718 2171 763 2224 est
785 2180 883 2243 neque
906 2164 1001 2226 amori
1024 2161 1096 2225 dare
1118 2161 1224 2228 ludum
1246 2181 1346 2246 neque
1370 2160 1460 2226 dulci.

257 2265 389 2346 adaeque
411 2267 532 2331 ionicus
554 2257 621 2328 άπὸ
646 2260 832 2342 ἐλάσσονος
855 2285 891 2328 ex
921 2267 1097 2348 apomizone
1119 2265 1275 2329 creabitur
1298 2266 1430 2347 demptis
1458 2264 1574 2330 duabus

191 2429 195 2440 ,
257 2369 366 2451 longis,
390 2372 522 2454 quaein
544 2372 697 2454 principio
721 2389 825 2434 versus
847 2369 962 2433 locatae
986 2373 1197 2450 reperiuntur,
1224 2379 1259 2433 ut
1281 2380 1326 2434 est

559 2474 635 2538 Galli
658 2473 755 2538 timidi
776 2475 969 2538 semianimes
994 2481 1114 2554 tergora
1138 2481 1274 2543 vertuntt

219 2581 370 2642 coloniens
391 2571 459 2641 άνὸ
484 2573 671 2654 ἐλάσσονος
689 2582 743 2654 net
766 2583 824 2658 ito,

615 2683 714 2746 timidi
733 2685 923 2745 semianimes
944 2689 1070 2759 terpora
1092 2689 1220 2744 uniunt.

256 2785 371 2850 ionicus
393 2791 493 2849 nutem
516 2784 658 2848 sotadeus
680 2794 797 2850 constat
826 2805 862 2850 ex
884 2786 1018 2868 spondeo
1041 2795 1072 2848 et
1094 2783 1250 2869 pariambo
1278 2785 1392 2848 alterna
1423 2786 1486 2848 vice
1508 2785 1574 2846 sine

257 2889 476 2952 intermissione
500 2889 708 2962 currentibus,
733 2908 766 2953 ea
790 2897 891 2953 tamen
915 2889 996 2972 lege,
1020 2899 1053 2952 ut
1068 2909 1084 2952 a
1101 2887 1236 2970 spondeo
1251 2889 1374 2970 incipiat
1396 2897 1426 2950 et
1439 2887 1573 2971 spondeo

256 2995 448 3066 terminetur,
472 2995 551 3056 sicut
565 2995 698 3056 ionicum
715 2994 818 3065 decet,
842 3003 876 3056 ut
890 2991 922 3056 in
939 2994 1043 3074 longas
1059 2989 1176 3056 desinat
1191 2991 1327 3075 syllabas.
1360 2991 1440 3055 unde
1456 2993 1574 3056 ionicus

219 3101 360 3170 semnion,
384 3099 437 3180 qni
460 3096 578 3160 duabus
602 3097 745 3162 brevibus
767 3099 957 3168 terminatur,
982 3095 1113 3160 adsumit
1135 3095 1193 3160 sibi
1214 3095 1396 3179 plerumque
1418 3097 1450 3158 in
1469 3095 1573 3159 ultimo

257 3201 329 3264 duas
351 3200 471 3282 longas,
501 3211 533 3266 ut
555 3203 595 3264 sit
618 3217 720 3265 versus
743 3221 759 3264 e
787 3201 886 3264 tribus
909 3201 1038 3283 syzygiis
1061 3207 1092 3262 et
1114 3199 1267 3281 semipede
1290 3199 1442 3283 spondeo,
1472 3211 1506 3262 ut
1527 3209 1575 3264 est

524 3340 542 3384 o
565 3323 623 3386 mei
646 3321 727 3403 quod
751 3339 823 3404 apes
845 3319 986 3384 omnibus
1010 3339 1026 3384 o
1048 3317 1175 3384 llorihus
1197 3319 1303 3384 libant.

256 3444 371 3525 insigne
395 3451 440 3506 est
464 3441 554 3527 [tale]
577 3452 677 3507 autem
699 3445 833 3506 ionicum
856 3450 1063 3506 tetrametrum
1087 3440 1393 3522 brachycatalectum,
1418 3449 1451 3504 ut
1467 3439 1479 3525 11

513 3563 562 3626 dic
585 3582 680 3636 nunc,
704 3580 760 3644 age
784 3563 862 3636 Clio,
887 3565 960 3628 mibi
983 3563 1032 3628 dic
1054 3563 1156 3628 nobile
1179 3583 1313 3628 carmen.

218 3709 244 3748 ao
257 3684 286 3747 id
308 3693 406 3748 autem
429 3683 510 3768 quod
526 3683 700 3749 trochaeum
717 3687 826 3768 recipit
841 3682 1014 3768 praxillium
1031 3685 1181 3758 dixerunt,
1197 3687 1353 3749 inventum
1371 3704 1386 3748 a
1402 3681 1572 3757 l’rnnillide

257 3790 369 3870 poetria
393 3790 547 3871 Sicyonia,
578 3789 657 3872 qnod
682 3798 726 3852 est
749 3792 920 3854 trimetrum
944 3789 1236 3872 brachycatalectum
1261 3788 1376 3852 babens
1399 3807 1519 3870 semper
1543 3790 1572 3850 in

255 3893 383 3956 secunda
406 3895 531 3974 regione
554 3895 738 3957 trochaicam
762 3891 847 3956 basin
872 3902 939 3977 post
962 3895 1093 3958 ionicam
1115 3897 1260 3976 primam,
1286 3903 1437 3976 tamquam

255 4049 460 4064 ’.υ-ι.-

321 4139 337 4188 2
361 4151 426 4187 naues
450 4136 515 4187 Atti.
546 4135 651 4188 Fortun.
675 4138 744 4188 2694
836 4137 852 4188 8
881 4135 1015 4186 Praetereo
1038 4159 1070 4171 -
1094 4135 1137 4194 92,
1157 4135 1191 4185 20
1212 4133 1349 4184 decoratur
1365 4151 1393 4200 p.
1414 4137 1473 4198 128,
1494 4138 1574 4186 12—

256 4208 363 4343 53:2²1?
383 4205 488 4326 ζὸοέἒολ.
504 4205 592 4257 Macar.
606 4207 790 4257 2005-2092
862 4207 893 4258 tu
912 4203 977 4257 Galli
995 4206 1110 4271 pout
1130 4204 1191 4256 stit.
1210 4203 1319 4258 Fortun.
1339 4205 1407 4254 2678
1479 4205 1511 4255 ⁵29
1530 4203 1574 4254 dic

259 4405 459 4415 ——nu—

321 4485 457 4549 3psssus
476 4479 502 4530 B
590 4485 621 4533 11
645 4471 1000 4538 bttoennhocoitocn
1092 4484 1124 4534 13
1148 4475 1312 4545 miserantm]
1332 4479 1403 4534 Hor.
1420 4496 1500 4532 eorm.
1520 4481 1573 4533 111

255 4554 297 4616 12,
311 4554 334 4606 1.
352 4551 388 4615 cf.
400 4567 429 4617 p.
441 4553 485 4610 di,
499 4553 532 4601 17
583 4551 617 4603 20
639 4551 740 4602 ionicus
759 4541 818 4602 άπὸ
839 4543 992 4612 ἐλάσσονος
1013 4577 1043 4588 ·-
1062 4553 1094 4602 ‘21
1114 4559 1216 4602 vertunt
1233 4547 1389 4606 consilis
1442 4550 1475 4600 27
1493 4549 1574 4602 libant

255 4620 355 4689 insigne
373 4633 391 4677 ς
409 4619 478 4670 liben
492 4619 577 4687 isigne
593 4619 620 4672 B
638 4628 665 4673 et
681 4623 774 4698 λάινον
786 4621 894 4673 duarum
912 4625 951 4673 nel
968 4622 1044 4683 trium
1062 4622 1206 4673 litterarum
1222 4624 1283 4684 post
1300 4617 1369 4668 lihnn
1384 4619 1477 4669 relicto
1495 4621 1520 4670 Α

256 4715 287 4768 28
303 4715 381 4766 ionici
401 4716 426 4766 A
439 4713 495 4770 Bc
555 4717 590 4768 30
607 4701 747 4783 praxillirm
766 4717 792 4767 Α
853 4716 976 4766 dixerunt
993 4726 1022 4764 ut
1039 4725 1148 4766 metrum
1168 4729 1183 4765 u
1201 4711 1230 4780 (n
1242 4729 1290 4765 ont.
1305 4711 1333 4776 ς)
1353 4711 1491 4780 prnxillide
1510 4727 1574 4780 poe*

257 4785 302 4834 triu
318 4784 437 4850 sicyonio
456 4782 548 4840 Ans
566 4783 689 4836 dixerunt
706 4795 734 4836 ut
752 4795 860 4835 metmm
879 4785 1007 4836 meillae
1025 4786 1142 4850 poetriae
1160 4777 1298 4848 Sicyonius
1316 4781 1482 4834 Cerneres-ino
1499 4783 1573 4834 dixe·

256 4863 312 4908 runt
333 4866 442 4904 metriun
466 4851 611 4905 sPrexilla
635 4857 735 4923 poetriu
758 4851 880 4921 Sicyonis
905 4855 1078 4918 Gaissordiuo.
1114 4852 1253 4904 Praxillide
1273 4867 1325 4919 pro
1344 4850 1458 4904 Praxillo
1479 4855 1572 4908 dietum

260 4921 391 4976 Victorino
410 4923 570 4975 tribuendum
589 4925 690 4977 cicietur
