3906 5564
637 339 716 392 aar.
736 337 848 392 anau.
866 339 936 392 nte.
956 339 1042 403 1111,
1064 340 1153 390 ι-ιι
1494 333 1552 398 101

261 450 281 493 p.
295 437 352 481 ibib.
365 439 391 480 to
408 437 429 480 l'.
471 496 479 506 .
1366 449 1387 491 p.
1404 437 1447 482 rat.
1461 437 1487 479 98
1501 435 1527 479 G.

236 528 346 590 minato
385 535 555 592 crustarum
592 547 718 592 numero
751 529 909 612 multiplici
938 529 1102 594 earundem
1132 529 1311 591 variatarum
1342 528 1443 607 specie
1474 542 1554 588 nuno

235 633 331 701 naris.
357 649 438 693 nuuc
461 631 596 712 gladius,
620 652 700 696 nunc
723 631 883 696 arbuscula
901 642 930 696 ct
952 635 1037 716 siqua
1054 633 1113 696 alia
1129 635 1305 713 ligurantur,
1330 632 1369 692 ita
1386 637 1552 694 metrorum

235 743 316 797 certo
345 753 379 797 aa
410 734 526 816 origine
555 755 682 800 numero
711 738 788 798 intra
819 735 924 800 decem
953 745 1110 819 prototypa
1147 733 1368 814 comprehenso
1397 733 1553 816 multiplex

235 837 393 900 admodum
419 841 571 904 varietatis
587 843 673 922 copia
690 847 883 922 propagatur.
929 858 998 903 uam
1015 850 1047 902 ut
1064 838 1130 924 [ea]
1148 839 1316 902 exercentis
1332 847 1382 900 aut
1399 837 1552 918 ingenium

208 950 286 1004 aaut
307 940 466 1005 voluntatis
489 941 648 1007 arbitrium
672 953 733 1015 cst,
760 943 801 1005 ita
831 945 929 1007 ramae
952 962 986 1006 ac
1015 942 1213 1006 multiformes
1243 950 1408 1004 metrorum
1438 941 1554 1022 species

235 1045 439 1126 proieruntur.
484 1047 653 1127 figurantur·
681 1049 762 1110 enim
790 1045 985 1127 generalibus
1019 1045 1118 1110 modis
1152 1045 1284 1116 duobus,
1323 1045 1497 1128 quantitatis
1524 1051 1554 1106 et

235 1147 398 1228 qualitatis,
427 1149 608 1232 specialibus
631 1160 731 1214 autern
755 1158 834 1214 octo.
880 1167 948 1213 nam
973 1153 1125 1230 quantitas
1148 1148 1318 1212 immutabit
1348 1157 1478 1212 metrum
1502 1157 1553 1212 aut

234 1270 288 1333 per
310 1252 510 1317 adiectionem
534 1262 584 1317 aut
606 1273 661 1335 per
683 1253 935 1325 detuiuutionent;
965 1254 1091 1336 qualitas
1114 1262 1212 1316 autem
1238 1271 1292 1335 per
1315 1249 1552 1321 translationem.

233 1357 479 1439 permixtionem.
515 1359 827 1437 transfigurationem,
863 1356 1057 1428 divisionem,
1092 1358 1254 1426 unitatem,
1290 1357 1550 1437 compositionem.

197 1468 263 1522 oet
285 1479 320 1524 cx
344 1460 438 1526 heroo
462 1461 583 1542 quidem
606 1479 662 1544 per·
685 1458 883 1524 adiectionem
907 1460 1040 1543 syllabae
1064 1461 1114 1523 tiet
1138 1463 1194 1531 ita,

480 1565 583 1628 blusae
607 1567 647 1626 mi
671 1563 806 1628 Pierides
829 1563 1007 1646 Clariosque
1030 1563 1155 1628 adsistat
1176 1561 1300 1642 Apollo:

234 1669 299 1731 ‘mi'
322 1669 403 1730 enim
426 1665 540 1750 syllaba
563 1667 697 1731 detracta
725 1669 782 1731 erit
804 1668 988 1734 hexameter.
1028 1687 1083 1750 per
1106 1667 1344 1730 deminutionem
1368 1675 1467 1729 autem
1492 1665 1551 1748 syl-

234 1769 317 1834 labae
340 1781 462 1836 octavae
485 1773 547 1834 site
571 1789 668 1834 nonae
690 1791 727 1834 ex
751 1775 890 1836 trimetro
913 1772 1043 1836 iambico
1065 1773 1124 1842 sic,

614 1874 719 1938 heatus
742 1874 792 1938 ille
815 1877 865 1958 qui
888 1875 995 1957 procul
1019 1873 1177 1938 messibus.

197 1999 220 2041 ts
234 1997 286 2060 per
309 1977 536 2042 translationem
552 1997 633 2042 vero
658 1977 818 2042 verborum
843 1997 879 2042 ex
904 1978 997 2042 heroo
1020 1977 1077 2049 sic,
1102 1975 1114 2060 ΙΙ
1274 1965 1276 1968 ’

480 2080 665 2145 instimulata
689 2081 789 2146 choris
813 2082 910 2162 qualis
933 2099 1039 2144 socrus
1062 2083 1175 2144 excutit
1198 2078 1299 2142 ulnas·

233 2186 282 2248 fiet
304 2161 498 2249 tetrametrns
521 2185 694 2249 trochaicus
719 2187 777 2262 ita,

473 2291 504 2351 in
528 2289 630 2352 choris
652 2288 805 2354 stimulata
829 2290 927 2371 qualis
950 2305 1056 2351 socrus
1079 2285 1165 2350 ulnas
1188 2289 1309 2350 excutit.

233 2411 286 2474 per
308 2393 486 2456 divisionem
511 2405 626 2462 autern.
655 2395 681 2454 si
704 2391 991 2474 proceleumaticum
1021 2395 1053 2454 in
1076 2393 1301 2474 anapaesticum
1326 2400 1454 2454 ruetmm
1478 2391 1551 2455 clivi·

196 2496 330 2558 rodendo
352 2497 396 2559 sic
418 2497 585 2578 percutias,

655 2583 685 2646 id
709 2584 789 2662 agite
811 2581 946 2664 peragite
969 2580 1119 2646 celeriter.

232 2705 285 2768 per
307 2687 453 2750 unitatem
479 2705 565 2758 vero,
588 2704 657 2749 cum
682 2686 856 2768 pariambus
878 2683 989 2768 duplex
1013 2687 1162 2764 iungitur,

605 2791 684 2870 agite
708 2791 766 2852 iam
790 2791 870 2870 agite
893 2791 952 2851 cito
977 2788 1065 2851 modo
1088 2807 1169 2864 mea,

234 2903 261 2955 et
283 2895 316 2956 lit
338 2892 618 2975 proceleumaticus.
665 2911 719 2974 per
734 2895 1027 2972 transfigurationem
1044 2911 1179 2975 quoque,
1204 2911 1271 2954 com
1297 2893 1407 2955 herous
1425 2893 1550 2974 liguram

196 2997 358 3060 astrimetrl
381 2998 504 3079 accipit.
529 2994 609 3059 velut
633 2993 637 3079 l

187 3101 189 3105 ’
539 3099 646 3162 Albani
669 3102 763 3164 muris
786 3098 891 3164 Albam
917 3099 1047 3180 Longam
1071 3101 1243 3162 cinxerunt:

234 3203 281 3266 hic
303 3205 426 3267 enimsi
448 3221 502 3286 per
517 3202 653 3284 dipodias
669 3205 872 3286 percutiatur,
897 3204 947 3266 stet
962 3207 1127 3267 trimetros.
1167 3203 1218 3268 secl
1241 3213 1270 3264 ct
1291 3221 1347 3284 per
1363 3204 1549 3272 mixtionem,

233 3326 299 3370 cum
323 3298 459 3370 diversae
481 3305 569 3370 bases
592 3308 773 3382 miscentur,
798 3317 829 3370 ut
852 3314 923 3389 puta
947 3305 1148 3369 choriambica
1174 3316 1204 3368 ct
1225 3305 1369 3379 landrica,
1394 3306 1484 3369 veluti

501 3409 601 3491 Lydia,
625 3410 674 3476 dic
695 3428 805 3492 precor
827 3408 934 3481 libens,
958 3409 1038 3472 unde
1062 3410 1132 3473 celis
1156 3413 1277 3473 reverti.

196 3533 286 3596 super
309 3514 557 3596 compositionem
587 3521 702 3586 autem,
732 3515 757 3576 si
785 3534 821 3576 ex
852 3514 946 3577 heroo
973 3514 1119 3584 dimetro,
1155 3514 1203 3576 cui
1233 3513 1345 3594 syllaba
1374 3513 1488 3576 atliccta
1519 3515 1548 3575 in

235 3619 394 3682 nousstmo
417 3618 490 3689 erit,
514 3617 593 3698 quod
616 3619 871 3699 penthemimeres
895 3627 1030 3688 tucatur,
1055 3616 1135 3697 quod
1159 3625 1204 3680 est
1226 3615 1300 3687 tale,

663 3721 944 3801 arboribusque
968 3740 1109 3789 comae.

233 3824 346 3888 adiecto
369 3825 498 3889 dimetro
521 3825 651 3888 iambico
674 3827 724 3888 liat
748 3834 876 3888 metrum
901 3824 975 3901 tale,

298 3999 330 4048 at
349 3997 374 4048 id
392 3999 462 4063 agite
478 4015 507 4064 p.
527 3999 568 4060 99
590 4001 622 4049 ld

300 4155 313 4203 l
335 4155 490 4204 variamrum
510 4149 610 4221 specie]
632 4154 732 4204 orariam
751 4169 774 4203 te
793 4155 816 4204 A
847 4154 979 4203 uariaticie
998 4151 1023 4202 B
1046 4166 1091 4202 uar
1093 4153 1144 4201 tota
1163 4165 1250 4218 specte
1269 4163 1285 4207 ς
1314 4153 1456 4202 uariatione
1476 4152 1548 4204 Gaia·

231 4221 331 4282 sordlua
410 4237 478 4273 trono
497 4237 576 4272 nattes
597 4218 785 4289 uoucgludios
806 4221 866 4273 AB
886 4235 1050 4273 uuneuaoes
1071 4235 1138 4270 norae
1156 4219 1272 4287 gladiis
1347 4217 1461 4287 3iutm]
1481 4221 1547 4272 inira

235 4289 324 4347 Alte
399 4293 540 4342 lmetrum
559 4289 615 4348 ςΒ
632 4301 731 4342 metron
752 4292 777 4341 A
852 4291 956 4344 Sordo
975 4293 1150 4356 sumptos-anu
1166 4289 1336 4340 subiectorum
1354 4290 1503 4354 postulabat
1521 4297 1548 4341 ut

231 4359 386 4412 scriberem
413 4360 524 4425 qualitas
546 4373 632 4412 tttuem
657 4375 703 4428 per
724 4358 918 4411 translationem
943 4359 1093 4418 x‚erborum
1118 4359 1282 4422 divisionem,
1306 4359 1438 4422 unitatem,
1463 4371 1547 4410 traus-

233 4427 421 4494 bguratiouem,
445 4430 606 4490 mixtionem,
629 4431 855 4496 compositionem.
881 4431 1117 4496 sedprumaautlco
1140 4430 1323 4495 potiusquam
1346 4427 1461 4479 librariis
1484 4429 1548 4480 baec

233 4499 390 4564 ueplepentt‘a
413 4498 612 4552 tribunatum
700 4502 732 4550 10
754 4496 871 4564 quidem]
892 4497 962 4562 qnod
980 4497 1006 4548 B
1095 4499 1126 4548 11
1150 4497 1302 4560 Clariosque
1323 4497 1433 4548 odsismt
1453 4498 1546 4562 Apollo

234 4565 345 4618 Hmtiua
366 4565 515 4634 claritasque
537 4567 607 4619 adsit
628 4567 714 4636 apollo
736 4567 795 4619 AB
818 4579 844 4618 et
864 4568 959 4618 clurius
981 4569 1045 4618 assit
1072 4566 1164 4633 hpollo
1183 4577 1201 4621 ς
1289 4566 1321 4615 16
1344 4566 1434 4628 quoles
1454 4569 1478 4616 A
1493 4566 1547 4621 uc

298 4637 444 4688 excutit·-
466 4637 497 4688 18
515 4652 607 4689 socrus
625 4653 673 4691 ιιι.
691 4639 725 4702 A,
742 4637 805 4687 criti.
818 4637 909 4688 chl.
982 4639 1013 4688 tt
1032 4647 1194 4687 tetrametuts
1214 4633 1358 4686 trochaicus
1385 4634 1437 4684 Ba
1454 4636 1512 4686 Vut.
1531 4650 1547 4692 ς

234 4713 392 4758 tetrametros
411 4705 557 4757 trochaicus
577 4708 602 4759 A
681 4707 710 4757 18
733 4705 817 4769 qualia
836 4721 927 4757 socrus
946 4707 1043 4756 excutit
1061 4705 1135 4756 ulnas
1148 4705 1174 4756 B
1192 4703 1275 4767 qualis
1295 4703 1370 4754 ulnas
1389 4706 1486 4754 cxctu'xt
1504 4720 1546 4755 so·

233 4787 324 4830 crues·
393 4777 427 4826 24
446 4771 485 4837 lit]
505 4779 539 4826 sit
559 4774 647 4832 Alta
728 4777 762 4826 26
780 4789 860 4824 murts
881 4776 1046 4837 Guiaforrlius
1064 4790 1150 4826 mures
1171 4773 1234 4825 AB
1245 4787 1263 4830 ς
1344 4774 1378 4825 28
1396 4773 1442 4822 bn
1446 4789 1473 4824 cs
1492 4773 1547 4829 ςΒ

234 4841 338 4895 basiaA
400 4839 898 4912 iihpdta]rs.Hcrcut-ta.18,1
960 4841 1132 4910 30dimetro]
1153 4856 1234 4894 metro
1254 4841 1348 4899 ABs·
1414 4845 1448 4895 32
1471 4845 1547 4894 artro-

233 4909 364 4979 rlbusque]
386 4913 454 4970 Hor.
467 4931 544 4967 ιιιιιιι.
557 4913 664 4973 11117,
678 4918 694 4966 2
764 4917 798 4967 33
815 4911 938 4979 dimetro]
958 4925 1038 4964 metro
1058 4914 1083 4964 A
1098 4913 1152 4970 Βς
