3888 5550
709 377 822 430 rarus
847 378 1109 430 onauuamcan
1502 365 1564 430 421

244 565 360 625 auctor,
383 557 482 618 rninrrs
506 567 623 621 certum
641 569 687 620 est
703 557 862 627 indicium,
887 558 1029 638 tpuonlam
1054 576 1123 638 pars
1147 557 1210 620 eiras
1233 557 1353 620 delectu
1376 556 1567 620 rarenrhrana·

242 677 310 722 rum
328 662 428 740 periit,
447 680 546 744 neque
562 669 688 732 constat,
705 679 776 722 num
794 662 927 722 universi
944 662 1045 741 operis
1061 662 1178 723 initium
1195 663 1226 723 in
1238 659 1284 722 his
1296 660 1388 724 inerit
1403 663 1566 741 lntegrum.

242 763 313 846 quid
337 773 439 828 antem
463 765 493 826 in
518 783 552 828 ea
575 775 662 847 parte
679 763 828 826 Sacerdos
845 764 1035 833 tractaverit,
1060 772 1090 826 et
1112 783 1149 826 ex
1165 783 1250 826 more
1267 764 1451 847 reliquorum
1467 783 1567 845 gram·

243 869 423 931 rusticorum
449 870 499 948 qui
524 867 561 930 de
584 877 648 930 arte
672 869 863 950 scripserunt
880 867 1046 928 existimari
1069 875 1179 948 potest,
1204 877 1234 930 et
1258 885 1293 929 ex
1310 869 1348 929 iis
1371 869 1494 950 quaein
1518 887 1566 931 se·
1665 870 1666 873 ’

243 972 343 1034 curtalo
372 980 402 1033 ει
430 973 461 1032 in
492 971 582 1034 tertio
611 969 691 1034 libro
721 989 757 1033 ex
785 964 834 1032 llla
858 978 944 1050 parte
973 971 1062 1032 citata
1086 981 1155 1032 sunt
1178 969 1372 1052 intellegitur,
1402 989 1430 1052 p.
1455 968 1496 1034 68
1520 971 1566 1036 ed.

243 1073 330 1136 vtnd.
356 1072 458 1152 (Proh.
482 1093 511 1156 p.
535 1069 589 1146 39,
615 1073 643 1154 1)
672 1083 701 1137 et
724 1071 814 1137 Proh.
839 1090 867 1151 p.
895 1068 944 1144 10,
967 1069 1009 1134 23
1033 1071 1070 1133 de
1094 1071 1111 1132 t
1136 1073 1250 1146 littera,
1283 1073 1371 1139 l‘roh.
1396 1093 1426 1156 p.
1452 1073 1501 1146 10,
1523 1071 1567 1138 32

242 1175 280 1238 tle
307 1197 326 1260 q
355 1176 468 1246 littera,
499 1196 528 1259 p.
554 1174 597 1240 'lO
618 1179 665 1241 ed.
695 1177 782 1240 Vind.
815 1173 915 1255 (l‘rob.
940 1195 968 1257 p.
990 1172 1042 1244 40,
1071 1175 1118 1257 15)
1149 1187 1178 1238 ει
1200 1197 1231 1259 p.
1254 1173 1340 1241 2626
1368 1177 1406 1241 de
1429 1177 1565 1260 pedibus,
1668 1223 1677 1238 .

241 1279 330 1347 l‘rob.
356 1301 386 1362 p.
405 1279 454 1353 14,
471 1275 492 1343 9
514 1280 552 1344 de
569 1281 742 1346 nominibus
759 1281 877 1343 numeri
894 1287 1010 1343 tantum
1035 1279 1207 1360 singularis.
1253 1280 1458 1362 sequebantur
1480 1283 1565 1344 dein·

242 1401 314 1466 ceps
336 1403 414 1467 qnae
438 1403 520 1448 nunc
542 1387 572 1448 in
596 1385 739 1449 Bnhiensi
762 1383 866 1446 codice
890 1390 1020 1453 restant,
1045 1383 1082 1444 do
1105 1382 1235 1446 ablativo
1259 1401 1328 1446 casu
1353 1387 1511 1448 nominum
1535 1395 1566 1448 ει

240 1493 456 1570 pronominum
488 1499 518 1550 ει
541 1491 770 1572 participiorum
802 1495 831 1550 ct
855 1486 892 1549 de
920 1506 971 1550 sex
996 1485 1131 1567 partibus
1155 1487 1314 1559 orationis,
1343 1486 1380 1550 de
1409 1490 1565 1570 praeposi·

242 1593 338 1664 tione,
369 1591 407 1654 de
431 1589 540 1664 verbo,
571 1592 608 1655 de
631 1591 788 1662 adverbio,
819 1589 856 1652 dc
880 1591 1057 1672 participio,
1088 1589 1126 1652 de
1149 1591 1377 1663 coniunctione,
1408 1592 1445 1654 de
1472 1595 1564 1655 inter·

241 1697 382 1758 lectione.
426 1697 457 1756 in
482 1693 593 1778 quibus
608 1696 679 1779 quid
704 1695 741 1758 de
763 1696 892 1776 genuina
917 1692 1014 1756 lorma
1037 1702 1183 1756 mactatum
1206 1697 1261 1766 sit,
1285 1713 1340 1776 per
1362 1695 1480 1775 singula
1503 1715 1564 1758 non

239 1817 422 1880 persequar:
448 1817 518 1862 nam
535 1799 727 1864 manifestum
745 1808 790 1862 est
805 1796 881 1860 baec
897 1798 953 1868 ita,
978 1806 1010 1860 ut
1025 1815 1107 1859 nnnc
1124 1797 1290 1869 habentur,
1314 1818 1329 1861 a
1348 1808 1449 1884 vetere
1465 1817 1564 1878 gram·

240 1905 350 1966 matico
373 1904 485 1984 scripta
509 1921 568 1968 non
594 1923 669 1966 csse.
716 1902 887 1965 accuratius
910 1909 994 1963 retus
1017 1899 1088 1962 libri
1111 1900 1208 1962 sorim
1232 1903 1262 1963 in
1288 1903 1456 1981 posteriore
1479 1912 1565 1982 parte

240 2005 279 2066 de
303 2005 380 2068 ritiis
404 2007 563 2077 orationis,
593 2005 631 2069 de
657 2005 878 2077 schematibus,
910 2003 947 2065 de
971 2005 1069 2085 tropis
1093 2023 1122 2086 p.
1147 1999 1188 2066 27
1212 2021 1277 2086 sqq.
1307 2005 1354 2067 ed.
1384 2005 1471 2068 Vind.
1501 2025 1565 2069 ser·

239 2117 306 2172 rata
330 2127 396 2172 esse
420 2109 553 2183 ridetur,
581 2109 735 2193 siquidem
758 2118 790 2172 et
813 2107 888 2170 ordo
911 2125 1013 2170 rerum
1037 2109 1066 2169 in
1090 2107 1147 2170 bac
1170 2117 1255 2189 parto
1284 2110 1383 2172 minus
1405 2107 1565 2189 perturba·

241 2219 289 2298 tus
305 2218 366 2282 nst,
391 2219 420 2274 et
435 2213 542 2275 endem
561 2214 650 2276 modo
669 2212 844 2295 dispositam
861 2211 938 2274 hanc
954 2219 1070 2293 partem
1087 2209 1159 2290 legit
1175 2211 1372 2276 Cassiodorus
1387 2212 1424 2274 de
1436 2231 1564 2292 gramm.

240 2335 269 2398 p.
293 2311 388 2386 2323.
417 2318 574 2380 schemata
597 2325 667 2380 sant
689 2315 983 2392 transformationes
1004 2331 1174 2378 emonam
1202 2317 1250 2378 ael
1271 2319 1491 2379 sententiarum
1514 2334 1564 2378 or·

238 2429 329 2481 aratus
356 2437 466 2498 causa*
482 2424 601 2500 posita,
632 2437 755 2499 qaoea
783 2421 914 2496 pandam
943 2419 1128 2495 arttnropho
1154 2423 1276 2481 nomiae
1303 2419 1470 2483 Sacerdote
1502 2421 1561 2482 col·

238 2524 318 2586 lecta
344 2531 416 2586 sunt
443 2541 569 2587 nmero
596 2527 765 2601 nonnainto
794 2533 824 2586 et
846 2533 928 2595 octo,
958 2525 1000 2584 ita
1023 2530 1122 2584 tumea
1145 2530 1179 2585 nt
1199 2540 1279 2599 qaae
1301 2541 1322 2584 α
1345 2525 1566 2586 Doaittodnter

239 2629 315 2690 vitia
336 2631 437 2704 posito
459 2637 531 2691 sant
551 2630 583 2691 in
606 2631 674 2706 ipso
696 2643 824 2690 numero
845 2629 975 2690 collecta
997 2623 1239 2704 claudantur*).
1285 2627 1337 2689 sed
1363 2645 1396 2688 ea
1420 2645 1496 2708 quae
1519 2627 1564 2690 iu·

240 2739 287 2792 ter
316 2738 476 2812 utramque
508 2739 627 2812 partem
651 2731 827 2812 interposita
851 2739 921 2792 srrnt
945 2749 973 2812 p.
998 2724 1136 2799 25—27,
1167 2728 1203 2791 de
1226 2731 1355 2811 septimo
1378 2749 1448 2794 casu
1473 2731 1563 2794 etde

239 2851 294 2896 sex
316 2833 421 2913 liguris
450 2835 610 2906 orationis,
640 2833 676 2896 ab
700 2833 757 2897 hoc
780 2833 848 2897 loco
870 2833 966 2895 aliena
992 2851 1057 2895 esse
1081 2841 1266 2895 mortuorunt
1294 2833 1427 2896 editores
1450 2832 1561 2897 Vindo-

240 2935 392 3000 bonenses
415 2937 510 3018 praei.
528 2957 557 3019 p.
575 2937 611 3000 ll.
650 2958 666 3001 ε
682 2937 792 3020 quibus
809 2937 931 2999 brevem
956 2936 992 2998 dc
1016 2939 1145 3018 septimo
1167 2954 1237 2999 casu
1253 2935 1486 3019 disputationem
1503 2954 1562 2999 nou

237 3039 336 3102 solnm
360 3059 397 3101 ex
420 3059 457 3102 eo
479 3041 562 3111 loco,
585 3040 637 3102 ubi
662 3041 699 3102 de
722 3040 843 3104 casibus
867 3041 1020 3102 nominum
1045 3041 1159 3102 dictum
1183 3050 1263 3112 arat,
1293 3039 1353 3104 hnc
1377 3040 1561 3112 transslatarn,

238 3143 292 3205 sed
317 3145 408 3204 ctiam
432 3145 462 3206 in
487 3143 700 3225 compendium
724 3143 877 3206 redactam
902 3162 967 3206 esse
995 3145 1178 3224 comparatis
1201 3142 1328 3206 aliorum
1351 3145 1562 3223 grammatico·

238 3264 307 3308 rum
332 3246 423 3320 locis,
453 3265 528 3328 quos
557 3250 588 3311 in
613 3249 749 3328 margine
772 3246 918 3319 indicari,
949 3255 1084 3329 apparet.
1131 3245 1246 3329 reliqua
1276 3255 1393 3317 autern,
1425 3265 1501 3328 quae
1525 3266 1560 3309 ex

239 3349 381 3413 uberiore
403 3353 621 3414 commentario
645 3351 681 3414 de
707 3351 911 3433 metaplasmis
936 3359 1075 3432 excerpta
1099 3358 1183 3420 sunt,
1212 3353 1323 3432 partim
1347 3360 1449 3433 postea
1474 3369 1561 3432 repe·

237 3462 360 3521 tantur.
389 3454 426 3516 de
448 3474 581 3537 syncope
611 3473 640 3536 p.
664 3451 721 3526 29,
752 3455 788 3515 de
811 3453 935 3535 synalila
968 3464 997 3515 ει
1027 3454 1063 3514 de
1087 3455 1240 3534 synaeresi
1270 3471 1299 3533 p.
1323 3449 1375 3525 30,
1405 3455 1442 3516 de
1471 3457 1558 3517 tmesi

240 3575 270 3637 p.
286 3552 340 3628 42,
364 3563 493 3639 partim,
519 3566 552 3620 ut
575 3558 611 3620 da
636 3557 781 3628 diaeresi,
806 3559 842 3620 de
867 3575 924 3638 qna
949 3560 1057 3619 iterum
1081 3557 1242 3620 dicendum
1263 3566 1328 3620 erat
1350 3577 1378 3639 p.
1395 3555 1447 3629 30,
1472 3577 1560 3639 aper·

243 3667 304 3721 tam
329 3661 511 3743 excerpendi
536 3660 756 3743 neglegentiam
781 3679 907 3743 praese
931 3662 1041 3722 terrant.

324 3761 356 3824 ln
380 3764 515 3826 secundo
539 3765 633 3838 libro,
663 3766 715 3846 qui
745 3773 790 3828 est
814 3765 850 3826 de
874 3763 1029 3828 catholicis
1053 3765 1207 3828 nominum
1232 3775 1263 3826 ct
1286 3765 1447 3828 verborum
1472 3775 1501 3828 ει
1524 3766 1560 3827 de

238 3867 421 3939 structuris,
445 3887 514 3930 curn
539 3866 643 3930 eadem
668 3870 793 3931 omnino
816 3869 927 3951 scripta
951 3870 1025 3939 sint,
1057 3887 1133 3950 qrrae
1157 3872 1187 3931 iu
1211 3871 1314 3950 priore
1337 3879 1422 3952 parte
1448 3869 1561 3931 codicis

239 3987 445 3998 .---——-.-—

310 4055 336 4122 *)
355 4055 432 4108 Tituli
451 4057 625 4117 schematum,
646 4073 712 4122 qarne
732 4058 906 4111 Cassiodorus
924 4058 998 4120 dicit,
1018 4060 1043 4109 in
1063 4059 1184 4110 Bobiensi
1203 4060 1291 4110 codice
1310 4060 1431 4127 legrrntur
1449 4074 1556 4109 rrrrnrero
1588 4041 1592 4048 ¹

238 4143 380 4208 nonaginta
404 4155 428 4194 ει
452 4155 519 4196 octo.
557 4145 653 4208 quibus
677 4145 699 4194 si
723 4145 854 4196 adduntur
876 4146 928 4197 dno
949 4145 1028 4204 tindi,
1052 4146 1096 4209 qni
1116 4161 1142 4212 p.
1162 4149 1196 4198 30
1214 4146 1254 4197 ed.
1275 4146 1353 4196 Viud.
1374 4146 1465 4197 omissi
1490 4157 1558 4204 sarrit,

236 4228 269 4278 de
287 4227 399 4280 diaeresi
418 4239 442 4279 et
460 4230 492 4281 de
510 4231 645 4298 ectlrlipsi,
671 4245 793 4281 numerus
814 4230 942 4282 titulorum
963 4231 1074 4282 elicitur
1092 4243 1203 4284 centiam.
1241 4231 1287 4283 sed
1306 4233 1332 4282 in
1352 4233 1391 4282 his
1410 4233 1442 4282 de
1461 4231 1560 4282 exoche

235 4313 262 4363 in
282 4325 398 4364 extrcrno
418 4313 483 4366 libro
503 4331 553 4368 rann
567 4329 635 4367 recte
653 4319 743 4384 scripti
762 4329 824 4368 sunt
841 4329 964 4381 quattuor
977 4317 1056 4378 tituli,
1076 4333 1134 4368 cnm
1153 4318 1282 4369 scribendi
1295 4329 1381 4369 essent
1401 4329 1461 4373 tres.
1497 4331 1559 4367 ευιι-

236 4411 275 4448 trn
294 4399 421 4450 errallaxis
441 4402 479 4451 rel
498 4402 615 4470 errtdlage
634 4405 659 4454 'tn
680 4419 812 4453 nnmerum
832 4403 911 4454 relata
931 4419 981 4455 nora
1001 4417 1054 4467 est,
1075 4415 1212 4470 propterea
1230 4405 1299 4466 qrrod
1318 4403 1360 4454 hio
1379 4403 1467 4454 titrrlns
1486 4417 1511 4470 p.
1525 4404 1557 4454 at

235 4485 321 4536 alieno
344 4487 399 4538 loeo
424 4490 526 4554 positus
552 4505 635 4553 neque
653 4500 745 4556 postes
764 4491 887 4556 repetitus
911 4505 958 4542 est.
994 4491 1081 4554 iraque
1100 4489 1286 4548 Cassiodorus,
1305 4503 1363 4539 cum
1383 4491 1492 4540 eundem
1512 4505 1559 4540 nn·

236 4585 335 4622 merum
355 4572 400 4635 rpui
419 4573 443 4622 in
461 4573 579 4625 Bobieusi
600 4575 688 4626 radice
708 4587 747 4626 est
761 4589 880 4641 poneret,
899 4587 944 4626 ant
962 4577 1050 4627 titulos
1070 4579 1114 4641 qrri
1134 4577 1158 4625 in
1179 4575 1222 4627 illo
1236 4576 1328 4642 scripti
1347 4587 1408 4625 sunt
1426 4575 1495 4642 legit,
1515 4589 1560 4626 ειιι

235 4657 259 4707 si
284 4657 386 4708 titulum
411 4658 443 4709 de
467 4659 600 4728 ectlrlipsi,
624 4663 697 4712 cuirrs
720 4661 776 4711 sola
800 4662 936 4729 inscriptio
959 4661 1046 4727 deest,
1071 4673 1262 4724 rrrrmernrerat,
1287 4661 1355 4712 sicut
1377 4661 1468 4720 credo,
1493 4675 1559 4712 reete

235 4743 285 4792 tria
307 4743 422 4795 exos-laea
446 4761 541 4812 genera
564 4748 737 4820 computavit:
761 4748 783 4796 si
807 4749 921 4812 reliquos
946 4763 1051 4812 quoqne
1074 4749 1140 4799 dnos
1165 4748 1253 4799 titulus
1273 4748 1375 4807 habuit,
1400 4761 1476 4797 terram
1501 4762 1559 4800 esse

237 4829 319 4880 volarit
342 4831 471 4896 exoclren,
497 4843 524 4882 nt
553 4848 600 4900 pro
623 4845 724 4884 centurn
745 4833 849 4898 liguris,
874 4847 939 4898 qarot
962 4833 1127 4884 Sacerdotem
1156 4835 1279 4901 posuisse
1308 4847 1384 4902 prato,
1414 4849 1559 4887 saltauerunt-t

235 4915 377 4982 rrorraginm
398 4931 421 4967 ct
440 4933 506 4968 octo.
