3904 5556
840 416 1044 468 PRAEFATIO
1569 416 1608 466 IX

370 591 472 656 Codex
497 591 696 656 Parisinus
718 590 860 654 loliorum
885 595 1037 673 octogiuta
1061 594 1177 657 iormae
1198 593 1363 676 quadratae
1387 612 1465 655 nono
1489 593 1608 658 saeculo
1724 633 1726 638 -

284 697 414 776 scriptus
447 695 545 758 solum
580 697 767 759 Victorinum
802 698 952 776 eontinet,
980 693 985 779 1
1010 697 1176 761 LVOIPIT
1206 696 1290 760 Ans
1327 695 1609 759 GRAMMATICA

287 797 510 862 dictantur
528 800 643 862 11111111
665 794 722 861 ΒΕ
742 797 1019 882 baronitatem
1044 801 1101 861 ET
1126 801 1184 862 ΒΕ
1204 799 1398 864 METBICA
1420 797 1613 861 RATIONE

284 905 403 965 Artium
417 907 693 979 grammaticamm
709 937 749 950 -
769 905 884 966 dicitur
897 906 986 967 colon
1005 905 1209 968 EXPLICIT
1227 903 1311 966 ARS
1325 901 1609 965 neellamites

286 1005 508 1071 Uirronis]
529 1007 642 1070 allatii]
655 1009 716 1070 ΒΕ
737 1006 1036 1070 ORTOGRAPHIA
1052 1009 1110 1070 ET
1122 1009 1182 1070 ΒΕ
1195 1007 1390 1070 tiaratos
1411 1005 1608 1069 RATIONE.

283 1111 436 1192 scriptura
460 1109 574 1173 codicis
597 1110 682 1172 valde
706 1119 846 1174 accurata
876 1119 922 1174 est
946 1113 1058 1173 vicenis
1087 1119 1118 1173 et
1145 1112 1227 1173 senis
1255 1109 1394 1173 versibus
1421 1110 1452 1171 in
1481 1106 1608 1188 singuiis

284 1215 402 1294 paginis
424 1216 560 1295 scriptis.
604 1217 710 1294 paucis
733 1212 808 1277 loeis
831 1213 949 1295 singula
974 1214 1076 1290 rerba,
1105 1232 1179 1296 quae
1204 1195 1343 1277 intexta
1375 1213 1485 1276 omissa
1509 1220 1607 1280 erant,

283 1318 313 1379 in
337 1316 527 1396 marginibus
550 1317 654 1380 eadem
679 1336 769 1381 manu
793 1318 956 1402 adscripta,
979 1337 1050 1382 raro
1075 1318 1164 1380 etiam
1188 1317 1357 1396 posteriore
1387 1334 1478 1379 manu
1500 1333 1608 1398 super·

283 1420 406 1502 scriptis
436 1419 545 1482 litteris
575 1421 721 1502 quaedam
751 1433 887 1485 correcta
920 1432 1000 1484 sunt.
1052 1421 1134 1485 hunc
1169 1419 1304 1482 codicem
1340 1437 1407 1483 cum
1443 1417 1608 1501 exemplari

287 1513 429 1587 editionis
453 1523 717 1588 Sanctandreanae
746 1543 774 1587 a.
801 1522 884 1589 1584
911 1525 1054 1588 collatum
1084 1523 1190 1586 babuit
1211 1521 1400 1586 Gaislordius
1424 1525 1547 1605 eiusque
1570 1520 1608 1584 ab

284 1625 341 1721 illa,
358 1626 491 1690 editione
507 1627 742 1709 discrepantiam
759 1630 789 1690 in
814 1631 950 1710 margine
973 1647 1045 1692 suaa
1067 1627 1210 1690 editionis
1234 1626 1394 1690 adnotavit.
1434 1627 1498 1706 ipse
1522 1634 1607 1707 parte

284 1732 375 1812 priori
400 1729 470 1792 iibri
486 1729 586 1792 denuo
610 1730 916 1814 coliata-scripturam
941 1736 1014 1795 salis
1030 1739 1170 1794 accurate
1194 1730 1232 1793 ab
1248 1727 1301 1792 ilio
1317 1728 1491 1798 indicatam,
1512 1747 1606 1810 pauca

283 1851 379 1916 eaque
402 1834 467 1897 lere
494 1835 618 1898 levioris
646 1840 791 1898 momenti
821 1839 933 1899 omissa
962 1836 1073 1900 iuveni.
1125 1853 1185 1898 non
1215 1833 1306 1897 nullis
1339 1833 1413 1895 iocis
1441 1829 1549 1893 obelos
1576 1833 1607 1893 in

282 1936 471 2018 marginibus
494 1937 648 2018 adpositos
672 1957 737 2002 esse
754 1939 944 2002 Gaislordius
966 1939 1122 2009 indicarit,
1146 1946 1177 2000 ut
1201 1957 1229 2020 p.
1250 1933 1351 2008 16,2;
1368 1933 1399 2010 5,
1424 1935 1536 2018 quibus
1559 1932 1608 1995 ilie
1679 2014 1681 2018 .

283 2041 488 2123 corruptelam
513 2041 686 2116 verborum,
710 2061 788 2123 quae
810 2045 850 2106 ita
874 2051 975 2106 notato
1006 2051 1116 2113 essent,
1148 2042 1312 2122 significari
1336 2037 1472 2119 putabat.
1517 2039 1607 2099 nimi·

274 2163 352 2205 vrum
377 2143 525 2224 quasilla
553 2143 660 2208 obelos
688 2146 777 2225 dixit,
807 2157 877 2208 sunt
906 2145 1004 2209 lineae
1033 2146 1194 2210 admodum
1224 2153 1330 2206 terrues
1359 2143 1464 2204 eodem
1495 2139 1607 2211 colore,

282 2267 342 2330 quo
366 2256 465 2311 textus
489 2247 650 2311 verborum
673 2254 806 2332 scriptus
827 2259 883 2320 est,
908 2258 1058 2334 exaratae.
1104 2248 1157 2312 sed
1180 2248 1227 2309 bis
1250 2265 1315 2310 eam
1333 2248 1390 2309 rim
1415 2242 1607 2307 tribuendam

282 2369 360 2424 esse,
384 2370 473 2432 quam
497 2351 685 2415 Gaisiordius
707 2353 811 2424 soluit,
837 2373 942 2434 parum
967 2351 1124 2434 probabile
1149 2361 1204 2415 est.

370 2453 495 2517 Praeter
519 2455 573 2516 ilos
589 2457 721 2528 codices,
745 2459 797 2538 qui
814 2456 870 2520 soll
895 2458 1029 2535 integros
1045 2457 1131 2520 ilarii
1148 2455 1295 2517 Victorini
1319 2451 1415 2516 libros
1438 2451 1606 2520 continent,

263 2566 423 2640 excerpta
447 2559 681 2640 orthographica
707 2578 742 2622 ex
767 2563 867 2642 primo
890 2558 968 2622 libro
995 2579 1024 2642 p.
1050 2557 1080 2640 t,
1102 2555 1242 2628 35-26,
1276 2554 1315 2620 13
1345 2557 1434 2638 petita
1464 2556 1607 2636 leguntur

283 2666 315 2724 in
339 2671 482 2744 quattuor
506 2661 664 2725 codicibus
687 2661 839 2725 Vaticanis
862 2681 886 2726 s.
903 2662 964 2734 XV,
989 2665 1055 2726 Vat.
1084 2661 1166 2726 1493
1188 2663 1342 2742 incipiunt
1362 2660 1544 2737 fragmenta
1566 2675 1607 2720 ex

282 2767 387 2828 ,llario
418 2765 574 2828 Victorino
603 2766 641 2827 de
664 2767 898 2845 ortbouraplria.
943 2768 1035 2830 Nunc
1057 2785 1108 2829 res
1130 2768 1291 2830 admonuit
1313 2799 1355 2810 —
1378 2765 1607 2828 torculari...

277 2871 359 2944 finis.
395 2869 496 2930 ,ilarii
517 2869 669 2932 Victorini
679 2872 793 2943 finiunt
803 2871 1006 2948 fragmenta;
1030 2867 1316 2934 112125111νί1·
1338 2869 1489 2931 Victorini
1501 2883 1604 2943 eram·

281 2973 387 3033 malici
407 2972 586 3033 nobilissimi
614 2974 652 3034 tle
680 2975 906 3052 orthographia
934 2978 984 3038 uel
1012 2977 1160 3052 nnatopia
1185 2977 1253 3049 lege
1277 2972 1416 3047 feliciter
1439 2971 1530 3032 Nunc
1557 2985 1607 3028 res

281 3076 442 3136 admonuit
464 3109 506 3121 -
528 3079 679 3155 torculari
701 3077 805 3140 teror.
853 3081 936 3154 quoa
956 3088 1113 3156 repertum
1135 3085 1179 3139 est
1202 3093 1243 3139 ex
1266 3078 1368 3137 llario
1390 3075 1545 3136 Victorino
1568 3072 1610 3132 de

282 3179 510 3255 ortdoarapltio
538 3183 589 3241 uel
615 3183 763 3256 analogia
788 3181 927 3256 feliciter
955 3183 1101 3260 capitote
1133 3181 1196 3243 Vat.
1224 3175 1312 3242 2930
1337 3177 1489 3238 Victorini
1516 3189 1605 3251 opus·

152 3355 155 3360 ,
281 3283 393 3344 culum.
434 3281 526 3344 Nune
560 3299 610 3344 res
639 3286 798 3346 admonuit
828 3317 869 3329 -
899 3284 1019 3366 ληνοςς
1050 3284 1156 3348 1111111.
1186 3278 1251 3344 452
1281 3283 1404 3343 illarius
1434 3281 1607 3340 Victorinus

279 3387 501 3461 grammaticus
540 3385 578 3446 de
615 3387 840 3465 ortleopraplria
880 3391 930 3450 uel
959 3391 1116 3464 canetopta.
1172 3387 1263 3446 Nunc
1295 3401 1346 3445 res
1379 3384 1607 3445 admonuit-
1709 3392 1714 3398 ·

282 3483 389 3567 (1.19,
409 3484 458 3566 10)
483 3497 517 3550 ut
538 3499 691 3566 conspirat
712 3494 818 3553 coemit
838 3493 968 3568 coequat.
996 3493 1080 3565 finis.
1120 3487 1210 3550 buius
1227 3489 1349 3568 generis
1367 3485 1477 3547 librum
1501 3479 1606 3545 habuit

283 3589 411 3652 loannes
434 3590 555 3653 Pierius
586 3590 777 3662 Valerianus,
807 3595 857 3675 qui
886 3595 915 3656 in
946 3589 1195 3672 castigationibus
1224 3593 1254 3652 in
1279 3587 1436 3670 Virgilium
1464 3605 1491 3649 a.
1522 3583 1604 3649 1521

286 3695 415 3772 primum
447 3694 535 3756 editis
563 3694 593 3756 in
625 3694 722 3757 bucol.
752 3693 783 3772 2,
810 3693 853 3759 59
882 3697 1049 3776 fragmenta
1079 3697 1227 3778 quaedam
1257 3693 1401 3754 Victorini
1435 3691 1472 3752 de
1502 3689 1606 3754 ortlro·

283 3797 409 3877 graphia
433 3796 490 3858 sibi
515 3797 595 3860 dono
625 3799 692 3862 data
716 3819 782 3862 esse
810 3819 825 3860 a
856 3798 925 3862 iano
950 3799 1112 3862 Parrhasio
1142 3799 1263 3879 scripsit
1292 3813 1459 3878 eorumque
1487 3795 1606 3874 saepius

283 3899 391 3960 deinde
412 3901 597 3962 mentionem
622 3900 705 3964 lecit.
744 3920 812 3964 nam
837 3923 872 3966 ea
895 3905 1006 3977 omnia,
1033 3921 1110 3984 quae
1134 3921 1149 3962 a
1173 3901 1332 3962 Valeriano
1355 3902 1444 3962 citata
1469 3905 1549 3966 stant,
1574 3899 1604 3957 11

284 4002 332 4063 bis
354 4005 506 4083 excerptis
529 4005 732 4076 inveniuntur,
757 4024 856 4088 neque
873 4015 995 4087 praeter
1012 4005 1086 4066 liaeo
1110 4003 1271 4085 quidquam
1296 4021 1333 4063 ex
1356 4003 1441 4064 ilarii
1459 3999 1605 4061 Victorini
1719 4069 1721 4076 ¹

284 4104 378 4175 libris,
403 4115 563 4187 antequam
589 4107 762 4179 ederentur,
788 4107 852 4170 ltali
877 4117 1035 4171 noverunt.

368 4207 454 4270 Edita
478 4220 579 4271 autem
604 4219 650 4272 est
672 4209 757 4273 diarii
782 4212 927 4273 Victorini
958 4231 1007 4274 ars
1036 4212 1168 4293 primum
1197 4209 1340 4272 ecodice
1362 4208 1515 4277 Palatino,
1545 4224 1604 4285 quo

284 4321 356 4383 tum,
380 4330 449 4375 cum
467 4311 672 4375 laurissensis
695 4323 769 4385 erat,
793 4313 920 4376 loannes
937 4314 1101 4377 Sicbardus
1127 4333 1199 4378 usus
1222 4323 1276 4374 est.
1315 4331 1350 4373 eo
1377 4314 1457 4375 enim
1482 4319 1605 4372 auctore

284 4418 416 4496 primum
451 4414 511 4476 diro
544 4419 641 4496 capita
676 4436 712 4479 ex
745 4419 843 4497 primo
876 4417 954 4479 libro
982 4419 1171 4499 deprompta,
1202 4417 1324 4478 Placuit
1354 4449 1388 4460 -
1424 4417 1606 4492 recipiemus

285 4518 323 4599 (p.
347 4513 398 4589 32,
426 4515 561 4588 18-34,
585 4517 637 4598 23)
668 4529 698 4584 et
725 4520 820 4584 Nunc
848 4525 993 4598 quoniam
1017 4555 1059 4568 -
1082 4523 1234 4584 immolari
1255 4521 1295 4599 (p.
1320 4515 1349 4587 t,
1373 4513 1512 4587 35-26,
1544 4513 1604 4594 13),

286 4639 436 4683 unacum
462 4621 559 4684 tribus
582 4620 703 4695 libellis,
734 4627 783 4706 qui
807 4633 910 4706 postea
939 4625 1028 4704 vulgo
1057 4625 1185 4687 blaximo
1209 4623 1362 4683 Victorino
1391 4619 1497 4682 tributi
1525 4629 1604 4688 sunt,

285 4735 404 4786 etcum
429 4722 494 4785 aliis
517 4729 722 4804 grammaticis
746 4729 823 4790 edita
848 4737 919 4790 sunt
943 4729 1075 4792 basileae
1101 4747 1128 4788 a.
1155 4722 1281 4804 anate)
1327 4724 1364 4784 de
1389 4723 1544 4785 codicibus
1567 4721 1605 4783 ab

352 4861 378 4924 'l
396 4861 556 4913 Basiieensis
575 4861 696 4914 editionis
716 4863 804 4914 titulus
824 4864 866 4915 iric
886 4879 938 4916 est:
965 4866 1022 4915 ‘ilci
1042 4865 1226 4931 grauamaticac
1249 4861 1392 4911 illremuins
1417 4861 1554 4937 Palaemon
1573 4859 1605 4909 tle

284 4961 385 4999 stimma
402 4949 597 5014 grammatices.
634 4948 664 5009 Q.
682 4949 818 5001 Terentius
838 4949 953 5003 Scaurus
971 4951 1004 5002 de
1023 4949 1219 5016 ortltographia.
1256 4946 1347 4999 Aelius
1361 4947 1478 4998 Donatus
1497 4947 1529 4996 de
1547 4946 1605 4995 bar·
