3858 5560
402 301 463 366 tta
897 304 1007 359 Manu
1024 303 1220 360 VICTORINI

426 415 448 458 r·
461 403 520 447 ²⁸²⁰·
534 406 559 446 ²¹
574 401 598 445 Ρ·
1384 461 1387 466 ,
1432 412 1434 418 ’
1522 419 1543 464 p.
1558 408 1650 451 rar-ao
1663 405 1689 452 o.

487 491 550 576 [nte
573 507 720 558 numano
744 491 882 581 nouum]
918 497 1026 560 Omnia
1049 505 1148 560 autem
1172 496 1251 577 apud
1276 496 1434 559 Horatium
1464 505 1523 562 tam
1548 499 1714 561 carminum

399 615 488 679 quam
519 597 636 680 epodon
666 585 760 661 metra
797 610 885 663 erttnt
915 619 1042 663 numero
1072 613 1134 661 xxt
1164 603 1222 676 sic,
1258 599 1445 682 asclepiadea
1469 597 1483 685 ΙΙ
1504 601 1652 683 spondeo,
1677 611 1714 666 nt
1753 683 1757 692 ⁸

399 701 509 772 hlaece,
533 700 651 764 dnobus
674 693 858 768 choriambis
875 702 879 788 l
897 704 1065 768 nasetavis
1088 703 1168 766 edite
1190 722 1234 774 rc,
1260 703 1413 786 pyrrichio
1436 703 1532 784 gibus.
1573 704 1713 787 sapphica

399 803 646 886 hendecasyllabo
664 808 785 887 epitrito
809 805 941 870 secundo
964 809 1022 870 iam
1046 809 1119 872 satis
1142 816 1197 879 ter,
1222 806 1396 870 choriambo
1420 809 1462 870 ris
1484 808 1559 871 nivis
1582 818 1620 878 at.
1646 808 1713 871 bae·

398 909 466 970 chio
500 926 559 989 que
593 909 686 972 dirae.
747 912 881 974 dimoera
916 911 999 993 opica
1034 910 1204 984 acatalecta,
1239 908 1375 993 dactylus
1410 913 1526 982 terruit
1562 911 1739 1000 spondeuss

399 1011 515 1075 urbem.
561 1011 713 1094 glyconia,
736 1033 813 1097 qnae
837 1025 867 1077 et
890 1017 1096 1087 anacreontia,
1127 1015 1280 1096 spondeus
1303 1017 1347 1077 sic
1370 1023 1408 1085 te,
1433 1014 1625 1080 choriambus
1648 1015 1713 1078 diva

397 1124 513 1197 potens
537 1118 709 1200 pyrrichius
724 1119 822 1200 Cypri.
858 1113 1196 1201 §castrametatura
1218 1117 1369 1201 sapphica,
1394 1137 1472 1200 quae
1495 1119 1614 1200 quidam
1638 1121 1713 1212 anti·

397 1219 525 1300 syrastica
555 1221 711 1295 dixerunt,
740 1221 893 1305 spondeus
917 1232 947 1284 tu
971 1239 1024 1295 ne,
1055 1233 1117 1284 tres
1145 1221 1309 1285 choriambi
1339 1224 1506 1304 quaesieris
1529 1225 1608 1286 scire
1631 1224 1714 1286 uelas

397 1342 488 1404 rynem
519 1324 589 1388 mihi
618 1325 921 1420 wamy-pyrrichius
949 1325 1014 1388 tibi.
1061 1327 1144 1405 opica
1173 1321 1483 1407 περιττοσύλλαβα,
1519 1328 1580 1389 duo
1607 1327 1713 1410 dactyli

396 1426 524 1491 solvitur
552 1430 629 1492 acris
653 1427 698 1499 hi,
727 1418 879 1511 spondeus
908 1447 972 1493 ems
995 1447 1057 1510 gra,
1089 1428 1223 1513 dactylus
1246 1439 1275 1492 ta
1298 1432 1371 1500 rice,
1394 1439 1457 1492 tres
1479 1429 1612 1492 trochaei
1638 1432 1713 1492 reris
1727 1455 1751 1495 u

397 1539 428 1594 et
450 1531 558 1594 laconi.
606 1533 741 1596 trimetra
765 1530 892 1595 iambica
917 1535 1102 1604 catalectico,

661 1635 896 1719 trahuntque
920 1639 1042 1700 siccas
1064 1637 1261 1700 machinae
1285 1637 1448 1703 carinas.

397 1738 602 1820 pherecratio,
633 1740 783 1820 spondeus
812 1750 914 1820 grato,
944 1739 1137 1803 choriambus
1164 1757 1233 1803 ctam
1260 1741 1380 1821 syllaba
1409 1740 1500 1822 Pyrra
1530 1740 1587 1804 sub
1616 1750 1711 1804 antro.

397 1841 514 1923 epicum
538 1841 755 1915 hexametrum,
780 1844 860 1924 quod
884 1844 1010 1906 heroum
1033 1845 1164 1914 dicitur,

540 1943 783 2010 .laudabnnt
805 1947 870 2010 alii
894 1946 1035 2010 claram
1057 1945 1212 2010 Rhodon
1235 1955 1298 2010 aut
1321 1947 1541 2030 hlityienen.
1728 1979 1752 2020 ιι

398 2051 516 2130 epicum
540 2058 748 2114 tetrametrum
771 2050 964 2114 acatalectum
988 2049 1126 2122 heroum,

703 2163 766 2218 aut
788 2154 971 2236 Ephesum
995 2152 1203 2218 bimarisve
1226 2153 1409 2217 Corinthi.

397 2256 634 2321 choriambicum
658 2259 817 2322 dimetrum
842 2258 1063 2328 catalecticum,
1094 2256 1287 2320 choriambus
1312 2257 1401 2342 Lydia
1425 2257 1488 2329 dic,
1518 2268 1548 2322 et
1570 2259 1713 2324 bacchius

398 2378 453 2442 per
468 2379 583 2423 omnes.
622 2359 859 2424 choriambicum
881 2369 1088 2425 tetrametrum
1106 2361 1321 2432 catalecticum,
1346 2364 1487 2444 epitritus
1510 2377 1536 2424 11
1560 2362 1617 2426 hoc
1640 2363 1713 2426 deos

397 2483 441 2538 re,
467 2466 528 2527 duo
551 2463 716 2528 choriambi
744 2482 778 2526 re
802 2463 927 2545 Sybarin
952 2483 1006 2527 cnr
1035 2483 1190 2547 properas,
1222 2463 1364 2528 bacchius
1386 2467 1523 2528 amando.
1570 2467 1711 2529 alcaicum
1726 2499 1751 2538 20

396 2565 695 2649 hendecasyllalmm,
732 2567 821 2630 lambi
851 2568 911 2630 dno
941 2586 1009 2631 cum
1039 2567 1152 2650 syllaba
1184 2567 1264 2630 rides
1293 2577 1326 2630 ut
1353 2566 1440 2644 alta„
1459 2578 1489 2631 et
1514 2569 1576 2640 dato
1605 2570 1713 2652 dactyli

395 2678 454 2733 stet
470 2671 537 2734 nire
554 2670 724 2735 candidum.
764 2671 925 2734 dimetrum
948 2670 1107 2736 iambicum
1131 2671 1417 2754 hypercatalectum,
1441 2672 1594 2755 spondeus
1610 2671 1711 2744 silvae,

395 2773 514 2838 iambus
543 2774 625 2850 labo,
657 2775 810 2857 spondeus
839 2785 956 2850 rantes,
986 2774 1103 2838 latnbns
1125 2793 1193 2838 cum
1215 2778 1334 2856 syllaba
1357 2775 1497 2856 geluque.
1544 2778 1712 2839 trimetrum

396 2880 516 2961 epicum
533 2878 818 2962 hypercatalectum,
841 2879 900 2940 duo
916 2879 1026 2962 dactyli
1043 2880 1164 2941 liunriua
1181 2877 1193 2962 ΙΙ
1210 2879 1347 2952 constite,
1370 2888 1400 2942 et
1423 2879 1483 2942 dno
1499 2881 1632 2942 trochaei
1653 2883 1714 2943 rint

395 2991 492 3044 acuto.
539 2983 725 3046 trochaicum
749 2983 912 3046 dimetrum
937 2981 1154 3054 catalecticum,
1178 2993 1239 3046 tres
1261 2981 1396 3044 trochaei
1419 3001 1488 3046 cum
1509 2985 1643 3063 syllaba,
1725 3015 1774 3054 25.

792 3105 866 3149 non
889 3085 981 3148 ebur
1003 3104 1126 3169 neque
1150 3105 1313 3150 aureum.

396 3187 557 3252 iambicum
582 3193 752 3254 trimetrum
776 3189 991 3262 catalecticum,

463 3434 576 3497 dottam
594 3432 706 3499 epodnm
728 3435 751 3483 A
771 3447 847 3496 urrant
867 3425 988 3486 iumdniv
1006 3431 1061 3489 3B
1148 3447 1254 3482 artrusio
1274 3431 1326 3475 XXI
1346 3433 1369 3482 A
1390 3433 1550 3501 arridenigiuti
1570 3447 1677 3482 rrtttnero
1696 3445 1716 3489 3.

396 3516 502 3552 numero
523 3502 684 3568 undeuiginti
702 3501 728 3552 Β
817 3517 843 3554 nt
863 3519 997 3554 maecenas
1020 3503 1122 3552 duobn=
1146 3502 1242 3552 choriis
1265 3503 1349 3552 atonis
1373 3503 1503 3567 pyrrichio
1522 3502 1589 3551 edite
1609 3503 1711 3566 regibus

399 3573 420 3620 A
435 3571 460 3621 B
480 3583 623 3634 temerae,
648 3571 751 3622 dnobus
773 3571 928 3624 choriambis
954 3588 1000 3622 aas
1024 3574 1107 3622 atauis
1131 3571 1198 3621 edim
1221 3572 1361 3638 regiones
1432 3574 1447 3622 l
1470 3571 1574 3638 epitrito
1598 3571 1711 3621 sectando

395 3641 444 3690 iant
465 3641 528 3691 setis
548 3653 597 3704 ter,
621 3640 771 3691 choriambo
792 3643 826 3691 ris
846 3643 914 3692 trinis
933 3653 968 3697 at,
988 3641 1078 3693 bachio
1097 3655 1163 3704 qttae
1181 3639 1288 3696 dirae3
1315 3640 1418 3705 epitrito
1441 3641 1554 3690 sectando
1578 3641 1629 3689 iam
1648 3641 1711 3690 satis¹

394 3710 469 3759 terris
488 3709 576 3760 chorio
596 3709 664 3760 niuis
684 3709 789 3759 bacchio
809 3723 886 3773 attyrte
903 3712 975 3760 dirae
994 3709 1058 3760 AB
1136 3709 1285 3760 halimaera
1303 3709 1376 3775 epicn
1395 3711 1420 3759 A
1438 3709 1547 3759 dimetra
1566 3711 1639 3776 epioe
1658 3709 1712 3766 eh·

446 3779 462 3827 6
481 3777 614 3844 spondeus
628 3779 669 3828 sic
680 3789 703 3828 te
715 3778 881 3829 choriambus
894 3780 955 3829 aliua
969 3791 1061 3844 potens
1080 3790 1096 3834 3
1115 3779 1248 3844 spondeus
1262 3780 1300 3828 sic
1314 3789 1337 3828 te
1355 3777 1415 3828 diua
1433 3777 1537 3828 chorios
1556 3779 1672 3841 (chorios
1686 3780 1711 3828 in

394 3863 473 3912 uturp.
495 3844 532 3912 A)
551 3859 643 3913 potens
663 3849 684 3898 A
695 3846 720 3898 B
772 3847 788 3898 8
807 3848 940 3914 spondens
960 3860 986 3897 tn
999 3863 1030 3897 ne
1043 3847 1186 3911 quaesieris
1199 3846 1341 3898 choriambi
1354 3848 1420 3896 scire
1439 3847 1464 3897 A
1481 3847 1616 3913 spondens
1636 3859 1661 3896 tn
1682 3863 1711 3895 ne

394 3915 535 3966 choriambi
556 3915 698 3978 quaesieris
717 3917 784 3966 scire
802 3915 857 3973 3B
916 3920 932 3969 9
951 3917 1002 3966 dito
1021 3912 1127 3981 dactyli]
1148 3915 1242 3980 rinctyli
1262 3915 1320 3972 3B-
1336 3913 1453 3980 dactylus
1473 3917 1498 3967 A
1553 3919 1584 3967 10
1603 3917 1713 3966 soluitur

393 3986 461 4034 acris
480 3984 516 4048 hi,
535 3985 668 4051 spondeus
688 4001 742 4034 runs
761 4001 818 4051 gre,
837 3987 955 4050 clactylus
975 3987 1066 4049 tunice,
1085 3983 1182 4035 trochei
1202 3985 1270 4035 neris
1290 3999 1314 4034 et
1333 3985 1420 4035 latroni
1440 3983 1496 4040 ςΒ
1519 3984 1628 4034 soluitur
1646 3985 1711 4034 acris

395 4055 495 4120 hiemps
514 4054 647 4120 spondens
667 4065 740 4120 gratu
759 4055 877 4118 dactylus
896 4059 952 4105 uice
971 4055 1039 4103 ueris
1058 4053 1194 4104 trochaeus
1215 4065 1239 4104 et
1258 4053 1345 4104 latroni
1365 4056 1390 4104 A
1467 4055 1498 4104 12
1517 4052 1653 4104 machinae
1670 4067 1710 4103 ea-

395 4126 474 4174 rinas.
500 4122 658 4190 pherecratio
673 4125 806 4189 spondens
821 4137 905 4190 grato.
924 4122 1089 4174 choriambus
1107 4123 1187 4188 Pyrra
1205 4124 1254 4173 snb
1272 4133 1354 4178 antro,
1379 4123 1480 4188 epicum
1499 4121 1675 4173 ltexometrum
1695 4135 1712 4179 3

394 4191 529 4242 tttacltinee
552 4192 655 4243 iambici
677 4195 778 4244 carinas
806 4195 923 4260 spondeo
948 4204 1021 4260 grato
1045 4192 1134 4243 chorio
1158 4207 1235 4259 pyrra
1259 4194 1306 4242 suh
1330 4205 1404 4242 atttro
1428 4191 1587 4257 pherecratio
1610 4194 1710 4258 epicum

395 4275 553 4311 exametrum
578 4261 639 4312 AB
729 4266 760 4313 14
782 4263 876 4313 dicitur
899 4275 946 4313 orn.
965 4265 987 4313 A
1005 4261 1063 4318 B3
1152 4265 1183 4313 15
1208 4262 1344 4326 mitylenen
1364 4258 1419 4316 3B
1442 4257 1581 4324 mytilenen
1601 4263 1625 4312 A

398 4331 428 4379 lli
447 4330 516 4380 heroi
538 4329 562 4380 B
583 4331 677 4381 heroici
700 4333 752 4386 A3
820 4331 849 4382 18
868 4331 1069 4381 choriambicum
1084 4330 1219 4382 dimetrum
1241 4330 1406 4392 Geiefordr'ur
1424 4329 1560 4378 iambicum
1574 4329 1710 4378 dimetrum

396 4401 419 4450 A
435 4398 488 4456 Βς
559 4402 590 4450 lo
610 4401 657 4450 hoc
676 4400 740 4451 deos
761 4415 819 4449 uere
837 4401 942 4463 syltariu
963 4399 1127 4450 choriambus
1146 4415 1192 4450 cnr
1212 4415 1337 4466 properas
1357 4397 1419 4449 AB
1441 4398 1489 4448 hoc
1508 4399 1571 4447 deos
1592 4414 1630 4455 rte,
1649 4397 1709 4447 cho·
1799 4409 1810 4432 ·

394 4469 485 4519 riembi
506 4469 531 4518 r'e
550 4470 655 4533 cybaria
673 4485 719 4518 cur
737 4483 861 4534 properes
881 4481 897 4525 ς
962 4471 993 4520 ‘tt
1014 4470 1091 4518 iambi
1110 4471 1161 4519 duo
1181 4469 1255 4519 uides
1275 4481 1302 4516 nt
1320 4468 1370 4516 alta
1389 4477 1439 4516 stet
1457 4483 1514 4516 cum
1534 4466 1633 4531 syllaba
1653 4467 1711 4516 nitro

395 4551 419 4588 et
436 4538 488 4588 duo
512 4539 607 4602 dactyli
630 4537 767 4588 candidum
789 4539 812 4588 A
825 4537 850 4587 Β
875 4539 953 4589 iatnhi
978 4538 1051 4589 uides
1072 4551 1098 4586 ut
1116 4538 1153 4596 al,
1177 4553 1234 4587 cum
1254 4536 1354 4602 syllaba
1374 4551 1413 4598 ta,
1437 4547 1462 4586 ot
1480 4537 1531 4586 dno
1549 4536 1643 4600 dactyli
1662 4547 1712 4586 stet

394 4611 454 4657 nine
472 4606 610 4656 candidum
629 4620 646 4663 3
707 4609 740 4657 ‘tt
759 4607 892 4672 spondens
905 4609 996 4668 siluae,
1015 4607 1115 4657 intubus
1130 4607 1196 4664 labo,
1216 4607 1350 4674 spondens
1368 4615 1462 4663 rantes,
1481 4605 1582 4654 iambus
1601 4605 1711 4670 gelrrqtte

394 4675 449 4731 3B
472 4677 605 4742 spondeus
630 4677 711 4726 siluae
734 4677 812 4726 iambi
832 4676 978 4726 lahoruntce
1001 4677 1134 4743 spondeus
1156 4677 1232 4726 iartrhi
1253 4675 1363 4740 peltaque
1383 4677 1407 4725 A
1494 4675 1528 4724 et
1546 4675 1598 4722 daut
1617 4674 1711 4737 tlactyli

356 4753 361 4765 '
396 4747 501 4794 llumina
520 4747 643 4804 constitu,
667 4759 690 4795 et
709 4745 760 4795 dato
780 4745 892 4796 trochaei
914 4747 963 4795 rint
980 4759 1055 4795 actuo
1075 4759 1091 4800 3
1115 4746 1166 4794 dno
1185 4746 1277 4808 clnctyli
1304 4744 1411 4792 llumina
1433 4744 1597 4793 coristiterint
1617 4753 1642 4793 et
1659 4743 1710 4794 dno

394 4815 507 4863 trochaei
526 4825 601 4864 rtcnto
622 4813 685 4864 AB
759 4816 862 4865 *lbtres
883 4815 994 4865 trochaei
1013 4829 1070 4864 cnm
1090 4809 1202 4880 syllaba]
1223 4813 1335 4862 trochaei
1355 4815 1379 4862 A
1394 4812 1448 4868 B3
1521 4813 1554 4864 2⁵1
1574 4813 1710 4863 iambicum

395 4883 534 4934 trimetrum
554 4896 571 4938 3
589 4883 745 4933 trochaicum
765 4885 907 4934 trimetrum
927 4883 990 4935 AB
