3858 5560
273 318 278 330 ’
389 339 453 406 226
875 341 1012 405 maxim
1030 339 1221 394 meroem

294 421 300 434 '
415 455 437 496 p.
451 444 510 486 aava.
524 443 550 486 ra
564 441 596 485 r..
721 447 789 504 ,·
1535 442 1683 498 pascar.

388 537 417 594 io
440 519 549 615 plurali
572 518 715 601 numero,
741 503 905 594 ut'audttis
928 531 1027 594 finitis.
1064 548 1170 594 omnes
1186 531 1216 594 fn
1233 529 1334 594 verbis
1349 527 1354 616 Ι
1372 531 1551 596 novissimae
1566 531 1707 616 syllabae,
1806 517 1825 577 ’-

319 623 321 628 ’
351 663 353 674 =
387 645 555 720 quaesunt
578 635 666 698 bulus
689 621 785 718 modi,
810 644 841 698 ut
864 653 913 698 res
935 644 987 696 aut
1009 653 1071 705 ses.
1096 635 1302 715 longaesunt,
1327 634 1397 718 quia
1419 634 1561 716 producit
1584 655 1636 699 eas
1653 655 1709 700 nu·

387 756 491 803 merus
514 737 652 822 pluralis,
676 746 709 800 ut
731 736 853 802 audires
875 738 1035 826 audiretis,
1059 735 1222 801 clamasses
1238 735 1432 808 clamassetis.
1477 757 1583 803 omnes
1605 739 1707 813 intini-

365 843 447 919 jtfrl,
465 838 478 928 l
494 843 545 925 qui
567 840 679 925 syllaba
703 861 737 906 re
761 833 975 917 terminantur,
1003 841 1113 905 breves
1135 851 1219 914 suot,
1243 850 1277 904 ut
1298 839 1431 905 damam
1458 860 1589 925 monere·
1606 841 1708 907 dicere

386 945 483 1019 linire,
503 1021 507 1026 Ι
529 963 634 1008 omnes
657 947 688 1008 in
713 942 966 1030 rerbis·syllabae
988 947 1074 1027 quae'
1088 944 1176 1008 buius
1200 943 1280 1008 modi
1303 952 1388 1017 sunt,
1418 954 1451 1009 ut
1473 947 1504 1009 fn
1526 947 1566 1008 tis
1589 955 1733 1018 exeaots

325 1124 327 1128 Ι
385 1046 493 1111 breves
515 1057 595 1121 sunt,
621 1058 653 1112 ut
675 1047 827 1114 clamastis
849 1048 967 1112 dixistis
989 1048 1111 1136 fecistis.
1146 1049 1285 1112 infinitivi
1301 1067 1407 1113 omnes
1422 1053 1609 1129 passivorum
1625 1068 1707 1112 com·
1740 1043 1744 1051 '
1813 1042 1817 1051 '

340 1191 345 1204 -
387 1153 522 1214 munium
546 1150 822 1236 deponendumque
847 1151 1025 1230 verborum,
1049 1152 1192 1234 quoniam
1215 1155 1248 1216 in
1271 1153 1281 1217 i
1304 1161 1429 1239 exeunt,
1456 1152 1538 1234 longi
1560 1162 1644 1225 curat,
1676 1161 1707 1216 ut

385 1252 509 1320 clamari
544 1257 662 1319 moneri
691 1257 751 1321 dici
781 1257 871 1320 finiri.
906 1261 949 1318 'et
976 1255 1121 1340 quidquid
1151 1257 1191 1318 in.
1217 1255 1380 1320 verborum
1415 1242 1615 1320 declinatione
1644 1257 1705 1318 ini

386 1359 508 1431 exierit,
533 1357 655 1440 longum
679 1369 740 1432 est,
763 1366 797 1423 ιιι
819 1358 944 1423 clamavi
961 1361 1065 1423 monaci
1087 1359 1150 1423 dixi
1173 1361 1265 1423 linivi.

474 1461 555 1525 llaec
571 1462 608 1524 de
625 1463 793 1526 novissimis
807 1461 930 1546 syllabis
946 1463 1023 1526 dicta
1039 1447 1126 1525 sunt,
1148 1452 1186 1526 da
1202 1465 1308 1544 primis
1323 1473 1424 1528 autem
1441 1461 1630 1527 inveniendis
1649 1463 1706 1525 hoc
1719 1481 1744 1521 m
1800 1452 1803 1456 ’

284 1635 288 1648 y
387 1568 445 1628 erit
461 1564 632 1629 ridendum.
669 1583 776 1628 omnes
797 1568 889 1648 igitur
911 1567 1139 1648 coniugationes
1163 1575 1288 1647 excepta
1312 1570 1397 1630 tertia
1420 1566 1559 1648 simplici,
1583 1565 1640 1627 hoc
1663 1574 1708 1628 est

387 1663 485 1750 longa,
500 1671 532 1732 in
548 1667 699 1751 aliquibus
714 1667 812 1733 verbis
828 1671 941 1751 primas
956 1668 1085 1752 syllabas
1105 1647 1276 1752 temp'orom
1292 1671 1408 1733 ratione
1424 1679 1609 1754 permutant.
1638 1686 1707 1731 nam

387 1791 462 1854 quae
484 1774 514 1836 iu
537 1773 691 1854 praesenti
713 1780 849 1855 tempore
873 1771 981 1835 breves
1002 1781 1086 1844 sunt,
1110 1772 1140 1835 in
1164 1773 1245 1836 omni
1269 1775 1433 1855 praeterito
1449 1775 1586 1856 perfecto
1608 1771 1653 1834 rel
1676 1773 1705 1834 in

387 1877 469 1938 omni
485 1876 649 1956 praeterito
665 1874 961 1959 plusquamperfecto
978 1875 1068 1962 sellio
1086 1894 1146 1939 uno
1163 1876 1263 1938 futuro
1286 1877 1367 1940 modi
1384 1885 1500 1941 tantum
1524 1875 1706 1940 coniunctivi
1793 1869 1796 1874 ’

387 1979 605 2062 producuntur,
624 1981 655 2042 in
671 1977 796 2061 reliquls
812 1991 911 2044 autem
928 1979 1026 2043 modis
1041 1988 1072 2042 et
1095 1979 1283 2062 temporibus
1297 1977 1484 2044 breviantur.
1514 1997 1587 2060 ergo
1611 1981 1705 2062 prima
1719 1995 1746 2058 as¹
1826 2055 1829 2058 Ι

334 2148 337 2155 ,
387 2084 558 2164 coniugatio
574 2093 711 2165 tempore
727 2085 879 2167 praesenti
896 2083 1068 2166 corripitur,
1088 2090 1123 2146 ut
1137 2081 1218 2153 laro;
1235 2081 1399 2164 praeterito
1411 2085 1548 2166 perfecto
1561 2081 1606 2146 rel
1622 2101 1719 2166 prae·
1767 2125 1770 2131 -

387 2188 476 2249 terito
498 2186 795 2270 plusquamperfecto
817 2185 1076 2250 rci'coniuoctiro
1101 2187 1194 2250 fatuari
1217 2188 1412 2268 producitur,
1436 2196 1468 2248 ut
1490 2186 1548 2251 lavi
1576 2186 1706 2250 laveram

387 2289 497 2352 lavero.
525 2290 656 2354 secunda
673 2287 811 2353 simfliter
827 2292 979 2373 praesenti
996 2298 1132 2370 tempore
1148 2290 1319 2372 corripitur,
1345 2299 1378 2352 ut
1393 2308 1515 2361 moreo;
1540 2291 1706 2373 praeterito

385 2393 529 2475 perfecto·
545 2392 589 2474 rei
614 2395 779 2476 praeterito
795 2392 1089 2478 plusquamperfecto
1112 2392 1159 2456 vel
1181 2395 1374 2456 coniunctim
1397 2393 1492 2457 futuri
1515 2393 1705 2476 producitur,

313 2543 317 2550 .
388 2503 420 2558 ot
450 2497 528 2558 movi
563 2483 714 2560 moveram
743 2515 877 2560 movero.
922 2500 1009 2560 tertia
1037 2505 1178 2578 correpta
1210 2495 1349 2566 similiter
1382 2499 1535 2580 praesenti
1568 2506 1755 2578 temporem:
1792 2575 1797 2586 ‚

387 2600 564 2682 corripitur,
601 2608 633 2662 nt
650 2600 746 2670 .odio;
776 2602 939 2684 praeterito
960 2585 1106 2682 ‘perfecto
1125 2599 1189 2664 aet
1217 2601 1381 2682 praeterito
1410 2601 1706 2683 plusquamperfecto

388 2699 438 2764 vel
457 2704 648 2776 conirroctiru
671 2704 765 2768 futuri
787 2702 980 2786 producitur,
1005 2713 1038 2767 ut
1053 2702 1104 2766 odl
1126 2703 1250 2767 oderam
1268 2695 1377 2767 odero.
1422 2703 1585 2766 infinitivus
1606 2713 1705 2766 autem

338 2873 343 2882 ,
387 2806 495 2870 modus
510 2801 648 2870 simfliter
672 2793 712 2870 in
726 2805 875 2888 aliquibus
897 2805 999 2870 verbis
1012 2814 1151 2888 tempore
1165 2810 1319 2889 praesenti
1334 2809 1513 2890 corripitur,
1537 2815 1571 2870 ut
1586 2825 1706 2869 movere

331 2948 333 2952 -
387 2909 505 2992 legere3
535 2921 671 2990 tempore
693 2913 859 2992 praeterito
883 2908 936 2972 rel
951 2912 1053 2972 futuro
1075 2909 1260 2990 producitur,
1284 2919 1316 2973 ut
1340 2914 1483 2982 mouisse,
1513 2920 1627 2974 motum
1650 2913 1704 2980 ire,

305 3073 312 3082 ,
387 3013 511 3094 legisse,
541 3012 654 3084 lectum
684 3015 737 3076 irc'.
781 3013 928 3076 sedeunt
957 3013 1085 3096 plurima
1108 3013 1215 3085 verba,
1246 3029 1322 3093 quae
1345 3031 1507 3096 numquam
1537 3002 1742 3095 temporumsa

385 3105 528 3180 varietate
551 3125 706 3180 mutantur
728 3115 785 3179 boc
807 3115 907 3181 modo.
946 3125 991 3178 eat
1005 3116 1097 3198 igitur
1112 3117 1284 3198 coniugatio
1299 3117 1397 3199 prima
1418 3137 1540 3200 semper
1554 3125 1704 3200 correpta,

425 3429 428 3441 .
456 3395 469 3444 1
490 3387 582 3445 omues
600 3393 731 3462 inruerbis
751 3394 910 3445 noluissimus
928 3393 1044 3460 syllabae
1062 3393 1087 3443 F
1107 3406 1196 3444 omues
1217 3393 1242 3442 in
1262 3393 1349 3445 uerbis
1367 3391 1483 3460 syllabae
1502 3395 1663 3446 nouissimus
1680 3393 1706 3444 B

386 3478 476 3514 omnes
497 3461 539 3514 ubi
558 3463 719 3512 auarissimae
736 3461 851 3529 syllabae
871 3463 919 3520 Ge
938 3477 1028 3514 omues
1047 3461 1117 3512 uerbi
1138 3461 1297 3513 nouissimus
1315 3463 1431 3528 syllabae
1449 3463 1586 3516 Ριιιιιιίιιι
1642 3464 1659 3514 2
1679 3475 1705 3514 ιιι

325 3553 328 3560 ’
386 3549 427 3590 ves
446 3542 491 3583 aut
509 3545 551 3582 ses
572 3529 597 3581 B
615 3542 701 3582 utres
720 3543 805 3584 atses
824 3531 849 3584 F
869 3547 910 3583 res
929 3531 1011 3584 sesfl
1088 3533 1114 3586 ,8
1136 3530 1277 3583 clamasses
1296 3531 1458 3590 clamassetis
1476 3531 1558 3585 rob
1580 3531 1705 3584 clamares

385 3601 531 3653 clamaretis
550 3599 582 3652 B·
643 3594 718 3670 tre]
739 3616 792 3652 rem
813 3601 838 3653 B
911 3601 1023 3653 clamare
1040 3613 1146 3651 monere
1163 3599 1248 3652 dicere
1266 3600 1340 3652 tinia-a
1358 3601 1380 3652 G
1400 3601 1485 3652 dicere
1503 3601 1578 3657 finire
1594 3599 1706 3653 ciamare

387 3685 492 3723 monere
510 3667 573 3720 BF
648 3671 711 3722 but
728 3670 754 3720 io
773 3671 807 3722 tis
825 3669 1067 3734 exeaoth'sut
1085 3669 1141 3720 m'tls
1160 3670 1297 3720 exeuutF
1367 3673 1398 3722 10
1416 3681 1494 3722 sunto
1514 3671 1706 3724 Liademosaas

455 3741 488 3790 11
505 3739 579 3790 tertia
597 3737 709 3806 simplici
727 3737 753 3790 B
780 3734 891 3806 simplici
914 3739 988 3791 tertia
1006 3737 1077 3789 FC:
1098 3737 1215 3803 sortasse
1233 3737 1386 3806 simpliciter
1403 3741 1479 3790 tertis
1550 3742 1582 3792 12
1606 3741 1706 3790 ratione

386 3819 534 3876 permutant
555 3807 612 3858 ΓΟ
637 3807 700 3858 ratio
726 3810 883 3875 permutauit
905 3807 931 3858 B
1017 3821 1076 3858 nam
1099 3821 1166 3872 quae
1189 3807 1214 3856 in
1239 3809 1370 3876 praesenti
1392 3821 1509 3874 tempore
1531 3809 1627 3860 breues
1644 3819 1705 3859 suut

386 3879 485 3942 (breuis
504 3889 544 3929 est
562 3875 599 3941 B)
620 3875 682 3928 BF
705 3892 764 3927 narn
784 3877 827 3928 illa
845 3892 912 3941 quae
929 3877 955 3927 ln
976 3875 1105 3944 praesenti
1123 3887 1241 3944 tempore
1259 3878 1347 3928 breuia
1365 3877 1468 3928 suntC
1554 3879 1585 3929 lc
1607 3874 1660 3945 vei]
1680 3887 1704 3927 et

348 3955 358 3967 ·
388 3948 517 4014 i'pra'ore
534 3949 591 3998 ioco
663 3947 695 3998 ib
717 3961 780 4013 ergo
804 3947 888 4014 prims
911 3945 1061 4012 coniugatio
1085 3931 1202 4012 tempore
1221 3947 1351 4013 praesenti
1374 3947 1514 4013 corripitur
1534 3945 1639 3996 octauo
1658 3945 1702 4012 y’ato

405 4015 500 4068 ecferto
519 4014 671 4083 producitur
691 4029 717 4064 ur
739 4014 791 4067 laal
808 4028 925 4082 tempore
941 4016 991 4081 q‘vto
1010 4013 1263 4082 plusquamperfecto
1287 4026 1316 4067 ιιι
1335 4015 1449 4066 laueram
1468 4025 1493 4066 et
1510 4015 1718 4066 conlrmctatino.

332 4129 334 4132 .
364 4031 472 4137 loturo
491 4083 643 4152 producitur
662 4095 691 4134 ιιι
707 4083 804 4135 lanera.
833 4081 952 4147 Secunda
972 4082 1090 4134 similiter
1112 4085 1244 4150 praesenti
1267 4095 1384 4152 tempore
1405 4083 1542 4151 corripitur
1562 4093 1589 4134 ut
1611 4097 1702 4135 mcueo

384 4153 427 4222 pto
445 4153 560 4222 perfecto
581 4161 609 4204 ut
627 4153 697 4203 moui
715 4153 760 4220 pto
782 4151 1036 4221 plusquamperfecto
1054 4162 1083 4203 ot
1101 4165 1232 4204 moueram
1256 4153 1296 4204 uei
1318 4153 1510 4205 cooiurrctaaiuo
1533 4150 1621 4202 futuro
1645 4166 1703 4219 pro-

384 4223 488 4274 ducitur
506 4235 534 4274 ut
551 4235 667 4273 mouero.
697 4219 783 4272 Tertia
801 4233 886 4273 autem
909 4233 1027 4340 correpta
1049 4219 1169 4272 similiter
1190 4223 1329 4292 corripitur
1352 4233 1379 4273 ιιι
1402 4221 1462 4272 odio
1484 4219 1566 4285 (corr.
1585 4217 1639 4288 odi)
1659 4221 1702 4289 pto

286 4291 290 4300 '
384 4289 499 4360 perfecto
523 4289 562 4341 nei
586 4291 630 4358 pto
655 4289 769 4357 plusqud
791 4292 815 4340 in
839 4292 1032 4342 coniunctatuo
1054 4287 1141 4342 futuro
1164 4291 1317 4359 producitur
1339 4302 1367 4342 ut
1389 4289 1431 4342 odi
1454 4279 1559 4342 oderam
1583 4289 1662 4341 odero
1681 4289 1706 4340 F

385 4375 448 4428 ergo
466 4360 616 4426 coniugatio
634 4360 719 4427 prima
737 4369 852 4426 tempore
875 4361 1004 4428 praesenti
1023 4359 1160 4427 corripitur
1184 4371 1212 4411 ut
1234 4359 1293 4412 leuc
1311 4361 1432 4428 preterito
1449 4358 1565 4431 perfecto
1582 4357 1622 4411 uel
1640 4373 1704 4410 cou-

339 4430 350 4487 ,’
385 4430 499 4482 iunctiuo
518 4428 605 4480 futuro
624 4428 777 4496 producitur
793 4441 822 4479 ut
840 4429 892 4480 laui
910 4428 1137 4483 laueramlauero.
1165 4427 1289 4481 Similiter
1306 4427 1420 4481 emunda
1437 4429 1569 4496 praesenti
1587 4437 1703 4496 ternpore

385 4499 524 4567 corripitur
541 4510 569 4548 ιιι
587 4512 679 4549 moueo
698 4500 756 4565 prr'et
772 4495 886 4565 perfecto
910 4498 950 4548 uel
969 4499 1133 4549 coniunctiuc
1155 4497 1242 4550 futuro
1265 4499 1417 4567 producitur
1435 4511 1463 4548 uc
1481 4498 1552 4549 moui
1570 4512 1702 4548 moueram
1797 4531 1800 4538 -

385 4582 501 4622 mouere.
528 4564 614 4618 Tertia
637 4577 756 4635 correpta
779 4565 898 4618 similiter
921 4569 1053 4633 praesenti
1077 4577 1194 4634 tempora
1212 4569 1351 4636 corripitur
1372 4579 1400 4617 ut
1417 4565 1476 4619 odio
1494 4569 1570 4634 praet
1586 4565 1647 4634 perf
1662 4566 1703 4618 uel

318 4681 324 4686 .
385 4635 552 4688 coniunctfuo
576 4634 663 4688 futuro
686 4635 839 4704 producltur
861 4645 890 4686 ut
908 4634 952 4685 odi
972 4635 1077 4689 oderam
1096 4637 1174 4688 odero
1193 4636 1215 4688 d
1236 4651 1298 4705 ergo
1317 4637 1401 4704 prima
1419 4635 1495 4687 conio
1533 4635 1568 4686 tio
1586 4647 1703 4704 ternpore

283 4727 285 4733 v
385 4707 516 4773 praesenti
533 4705 673 4772 corripitur
696 4716 723 4757 ot
740 4704 799 4756 fauo
818 4705 956 4772 praeterito
974 4715 1003 4754 ut
1020 4704 1073 4755 lani
1092 4715 1117 4756 et
1134 4707 1334 4757 coniunctatluo.
1351 4704 1430 4756 futuri
1448 4717 1496 4773 pro
1516 4704 1601 4754 ucitur
1620 4715 1647 4755 ut
1664 4705 1703 4755 la·
1739 4735 1743 4742 .

386 4789 456 4826 uero.
484 4773 604 4826 Secunda
622 4773 741 4826 similiter
759 4773 889 4843 praesenti
907 4783 1024 4840 tempore
1045 4775 1187 4842 corripitur
1205 4785 1233 4825 ut
1250 4789 1343 4826 moneo
1362 4776 1500 4842 praeterito
1521 4772 1560 4824 uai
1578 4773 1702 4825 coniunc-

306 4886 308 4894 ,
385 4845 439 4894 tiuo
458 4842 543 4894 iotnro
562 4843 712 4910 producitur
734 4855 762 4896 ut
780 4843 869 4902 monui
885 4857 1020 4894 monuero.
1051 4841 1137 4894 Tertia
1155 4853 1274 4910 correpta
1298 4843 1415 4895 similiter
1437 4843 1576 4910 corripitur
1594 4854 1622 4894 nt
1641 4843 1701 4895 odio

384 4914 524 4980 praeterito
537 4912 583 4974 ,nel
602 4913 767 4964 coniunctius
786 4911 834 4966 fut.
854 4912 1006 4980 producitur
1025 4924 1052 4964 ιιι
1070 4913 1113 4964 odi
1132 4912 1211 4962 odero
1230 4915 1256 4964 B
1356 4977 1358 4982 Ι
