3850 5560
715 306 1074 400 'neemanim
1199 425 1207 432 ἱ
1520 333 1585 402 635

417 523 653 588 introducuntur
674 525 766 605 legati
789 523 1003 590 Massilienses.
1278 581 1287 590 .

260 624 341 690 llllll
371 623 553 710 syllabarum
588 625 754 711 dactylicus
782 627 874 693 babet
896 630 1024 711 ‘speeies
1052 629 1173 700 decent,
1203 629 1346 694 accidunt
1373 630 1483 714 dactyli
1512 629 1583 695 due.

261 747 389 812 quarum
413 733 511 812 prima
535 729 627 794 habet
649 729 783 814 dactylus
806 735 938 817 primum
964 742 993 796 et
1015 734 1192 805 seeundum,
1452 718 1456 726 ’

416 831 506 898 litere
529 843 727 918 praetereunt
748 835 840 918 legati
863 837 1105 908 Minturnenses:

260 935 392 1000 secunda
416 934 509 1001 babet
531 936 667 1020 dactylos
690 939 821 1020 primum
845 948 874 1002 et
897 941 1030 1011 tertium,

416 1040 506 1105 litore
529 1038 684 1105 ducuntur
706 1041 837 1107 subituri
860 1043 1105 1114 Minturnenses:

263 1143 353 1208 tertia
376 1143 470 1208 babet
491 1142 626 1226 dactylos
647 1147 779 1228 primum
802 1154 833 1210 et
854 1155 1009 1230 quartum,

415 1245 505 1312 litore
527 1247 682 1314 ductantur
703 1267 760 1332 per
783 1251 912 1334 compita
927 1249 1169 1322 Minturnenses:

260 1357 368 1432 quarta
390 1349 484 1414 babet
506 1350 640 1434 dactylos
662 1355 796 1435 primum
820 1363 851 1416 et
873 1356 1022 1436 quintum,

415 1452 504 1518 litore
527 1453 679 1520 ducuntur
701 1455 794 1537 legati
816 1455 1034 1529 Massilienses:

125 1597 129 1605 .
264 1558 370 1639 quinta
392 1554 486 1621 babet
508 1558 642 1642 dactylos
665 1559 830 1624 seeundum
855 1569 885 1623 et
908 1562 1041 1668 tertiym,

417 1662 499 1725 intro
520 1662 687 1744 prosiliunt
709 1662 838 1727 trabeati
862 1663 1102 1735 Minturnenses:

262 1771 345 1828 sexta
368 1763 461 1829 babet
475 1761 651 1830 'seeundum
675 1775 705 1830 et
726 1775 879 1849 quartum,
1197 1841 1198 1846 ἵ

418 1870 501 1932 intro
524 1866 688 1953 prosiliunt
709 1887 764 1952 per
786 1868 875 1932 litera
897 1870 1139 1940 Minturnenses:

170 1961 176 1968 ’
263 1973 391 2054 septima
414 1970 506 2034 babet
528 1973 694 2036 secundum
717 1980 748 2036 et
771 1975 921 2055 quintum,

417 2078 499 2138 intro
521 2073 686 2159 prosiliunt
707 2074 801 2156 legati
823 2074 1045 2146 Massilienses:

264 2187 368 2242 octava
390 2177 484 2242 babet
506 2181 631 2242 tertium
654 2188 685 2241 et
707 2187 859 2261 quartum,

416 2283 653 2346 introducuntur
674 2285 740 2348 sine
762 2281 880 2347 lurnlne'
897 2283 1138 2355 Minturnenses:

261 2384 457 2470 nonabubet
479 2389 603 2451 tertium
626 2396 657 2450 et
679 2388 827 2471 quintum,

415 2488 652 2555 introducuntur
674 2493 810 2574 superati
832 2490 1052 2562 Massilienses:

262 2593 379 2656 decima
402 2591 494 2656 babet
517 2602 658 2676 quartum
681 2603 713 2658 et
735 2595 884 2677 quintum,

238 2683 243 2689 ¹
289 2755 294 2760 .
319 2778 322 2784 Ι
414 2695 650 2761 introducuntur
672 2715 727 2778 per
749 2696 839 2761 litera
862 2697 1076 2762 Massilienses.

261 2799 314 2864 liv
341 2798 525 2884 syllabarum
551 2800 664 2866 nereus
692 2799 827 2884 dactylos
849 2800 948 2876 :tabet
976 2811 1049 2866 tres.
1100 2800 1191 2864 buius
1220 2801 1338 2883 speeies
1361 2808 1433 2864 suni
1466 2801 1587 2864 decem:

262 2901 399 2987 dactylus
421 2901 488 2968 loen
510 2905 611 2988 primo
634 2901 768 2970 seeundo
792 2913 822 2966 et
844 2906 943 2977 tertio,

417 3025 550 3090 aequore
572 3005 734 3090 prosiliunt
756 2999 886 3070 trabeati
907 3006 1151 3080 Minturnenses:

262 3109 488 3194 dactylus'loee
511 3112 611 3195 prime
633 3108 771 3174 seeundo
794 3119 824 3173 et
846 3097 964 3193 quarto,
1071 3141 1076 3149 ·

193 3291 200 3298 .
417 3231 551 3294 aequore
572 3211 735 3297 prosiliunt
750 3203 813 3295 ‘per
836 3213 924 3278 litera
947 3213 1186 3286 Minturnenses,

262 3316 398 3400 dactylus
420 3317 489 3382 loeo
511 3320 612 3400 primo
635 3316 770 3381 seeundo
794 3325 824 3380 et
848 3319 965 3399 quintu,

415 3405 550 3502 aequore
572 3421 737 3504 prosiliunt
758 3419 853 3501 iegati
875 3421 1093 3492 Massilienses:

262 3523 397 3608 dactylus
420 3524 486 3589 loco
509 3529 610 3608 prime
633 3507 726 3588 ter'tio
749 3533 781 3588 et
803 3533 921 3605 quarte.
963 3533 965 3536 ’

417 3629 505 3691 litore
527 3629 679 3692 ducuntur
702 3629 768 3691 sine
790 3626 904 3690 lumine
927 3613 1172 3702 Minturnenses:

190 3779 195 3785 .
266 3729 402 3814 dactylus
423 3731 490 3794 loen
514 3732 612 3815 primo
634 3729 727 3794 tertie
752 3737 782 3792 et
804 3733 943 3812 quinto,-

418 3834 508 3898 litnre
531 3835 682 3898 ducuntur
704 3835 771 3899 sine
794 3850 892 3895 eausa·
907 3831 1123 3902 Massilienses:

118 3971 122 3975 ·
263 3937 400 4020 dactylus
421 3937 490 4002 loen
513 3940 612 4019 primo
635 3947 743 4020 quarto
767 3945 796 3998 et
819 3938 935 4014 quinte,

207 4029 209 4032 ’
417 4040 507 4104 litore
530 4040 684 4104 ducuntur
705 4056 761 4121 per
784 4039 909 4101 llumina
932 4037 1134 4102 Massilienses
1142 4061 1151 4114 :

187 4174 191 4178 ·
265 4143 402 4227 dactylus
423 4142 490 4208 loeo
513 4144 645 4208 seeundo
670 4145 760 4206 tertio
784 4150 814 4205 et
837 4149 954 4222 quarte,

247 4329 250 4334 ι
418 4247 510 4328 primi
532 4245 707 4311 transiliunt
727 4263 782 4310 sua
806 4244 894 4309 litora
916 4245 1157 4334 Minturnenses:

173 4389 178 4402 .
264 4350 400 4434 dactylus
421 4350 489 4413 ineo
511 4349 646 4414 seeundo
669 4353 760 4414 tertie
783 4358 816 4413 et
837 4351 951 4431 quinte,

419 4454 511 4534 primi
533 4454 709 4517 transiliunt
731 4454 860 4516 animosi
882 4452 1100 4526 Massilienses:

265 4555 401 4640 dactylus
424 4555 491 4619 loce
515 4555 648 4620 secundo
672 4563 780 4636 quarto
804 4564 835 4618 et
856 4559 973 4636 quinto,

420 4657 694 4743 primi-prosiliunt
715 4677 770 4740 per
792 4657 881 4721 litora
904 4657 1120 4731 Massilienses:

134 4759 145 4768 '
266 4761 405 4846 dactylus
428 4762 494 4824 loeo
516 4764 606 4826 tertie
630 4772 737 4845 quarto
760 4767 791 4824 et
814 4762 929 4842 quinio,

419 4865 657 4929 introducuntur
680 4849 745 4929 sine
768 4864 882 4927 lumine
906 4863 1115 4929 Massilienses.
