3904 5556
368 279 411 346 22
869 278 978 332 omnm
998 276 1193 332 mororum

395 395 418 439 p.
432 383 485 426 ster
501 381 523 426 Ρ.
1516 391 1537 433 p.
1552 380 1584 422 as.
1601 381 1627 422 st
1641 378 1666 422 u.

370 472 484 536 harena
508 469 647 554 pulcher.
692 470 744 534 sed
775 489 808 534 ea
838 479 988 550 quatenus
1016 469 1152 533 debeatis
1181 469 1358 540 observare,
1388 470 1549 550 ignoratis,
1579 469 1692 532 inducti

368 575 498 639 fortasse
521 594 567 649 eo,
591 575 671 660 quod
694 573 810 655 legistis
831 582 1030 655 praeceptum
1045 575 1251 658 antiquorum,
1276 573 1327 652 qui
1350 573 1433 636 aiunt
1455 573 1549 636 scribi
1571 572 1691 655 quidem

372 678 514 743 omnihus
538 678 647 744 litteris
669 688 824 760 oportere,
848 679 880 740 in
903 678 1090 742 enuntiando
1114 687 1214 743 autem
1236 676 1381 760 quasdam
1403 674 1521 740 litteras
1543 675 1625 741 elidi.
1660 679 1691 740 in

368 801 444 865 quo,
468 791 502 846 ut
523 782 604 846 idem
628 785 749 865 saepius
772 780 885 854 dicem,
910 779 956 844 his
978 784 1126 864 peccetis,
1150 781 1230 864 quod
1253 778 1334 843 aliud
1358 778 1505 854 scribitis,
1532 799 1624 860 quom
1645 785 1690 844 le-

365 890 453 966 gitis,
479 895 510 950 et
531 885 612 950 aliud
634 885 733 967 legitis
755 902 846 966 quam
868 887 1015 969 scriptum
1040 893 1094 948 est
1141 884 1213 968 quid
1237 885 1319 948 enim
1342 884 1458 948 iacietis
1480 886 1511 948 ln
1535 883 1581 950 his
1604 900 1718 970 quaet

368 989 465 1054 velitis
488 988 603 1061 nolitis,
637 997 667 1052 et
688 987 849 1052 scribenda
877 999 948 1053 sunt
978 999 1008 1054 et
1037 986 1165 1069 legenda
1192 999 1227 1052 ut
1249 988 1363 1069 scripte
1385 998 1469 1061 sunt,
1502 999 1535 1052 ut
1564 991 1692 1074 exempli
1747 1025 1749 1028 ·

367 1095 462 1174 gratia
502 1093 655 1164 existimo,
697 1111 758 1156 non
807 1089 987 1164 exaestimo,
1034 1101 1066 1155 et
1104 1093 1282 1174 conquinat,
1326 1109 1387 1156 non
1427 1093 1616 1177 coinquinat,
1662 1103 1693 1158 et
1747 1157 1752 1164 ,

368 1197 497 1261 similini
543 1195 697 1260 eliduntur
726 1205 828 1260 eutem
856 1195 975 1258 vocales
1003 1195 1156 1278 singulae,
1187 1214 1254 1260 cum
1285 1195 1363 1260 duee
1392 1207 1628 1267 concurrerunt,
1661 1207 1692 1260 ut

368 1303 469 1364 ‘rnen
498 1302 652 1383 incepto
682 1299 874 1364 desistere
910 1298 1095 1372 rictami’,
1133 1317 1192 1362 non
1221 1317 1327 1374 mene;
1362 1297 1533 1384 etll‘ten
1563 1302 1692 1381 inquit

370 1403 593 1468 miserande
622 1405 745 1486 puer’,
775 1422 835 1468 non
859 1411 938 1467 tene.
971 1415 982 1466 t
1006 1421 1127 1486 quoquc
1157 1423 1193 1468 ex
1221 1401 1459 1468 consonantibus
1488 1402 1625 1476 eliditur,
1660 1416 1692 1469 ut
1708 1418 1732 1458 10

369 1511 565 1591 ‘posquam
600 1526 660 1571 res
693 1511 833 1588 hsiac',
869 1525 928 1570 non
964 1515 1136 1590 postquem.
1188 1525 1218 1570 nr
1248 1517 1365 1581 autem,
1401 1517 1435 1572 ut
1471 1507 1582 1572 ‘mult
1620 1507 1692 1572 ilie

369 1621 404 1676 et
426 1613 576 1683 terrls',
607 1611 733 1694 [vocalis
762 1620 792 1674 et
820 1629 990 1674 consonans
1017 1609 1147 1695 pariter]
1177 1616 1271 1676 ‘non
1300 1611 1479 1695 equidem
1508 1612 1689 1692 invideo’,

532 1724 568 1778 et
590 1715 762 1779 breviter
783 1714 926 1778 'l’roine
948 1733 1167 1799 supremum
1191 1715 1329 1781 audire
1352 1715 1530 1779 laborem.

371 1838 441 1882 cum
465 1818 559 1883 luerit
582 1827 681 1882 eutem
698 1819 846 1901 scriptum
869 1819 1051 1884 ‘audiendus
1074 1822 1132 1882 est'
1155 1827 1185 1882 et
1207 1818 1399 1884 ‘scribendus
1422 1824 1485 1884 est’
1510 1829 1540 1884 et
1562 1824 1690 1886 ‘mulen-

371 1923 428 1986 dus
451 1925 514 1986 est’
538 1932 569 1986 et
590 1921 700 1986 similia
722 1923 844 2004 generis
866 1923 1039 1995 masculini,
1065 1923 1194 2005 primam
1216 1942 1319 1987 vocem
1336 1925 1486 2004 integram
1502 1923 1690 2006 relinquetis,
1706 1935 1733 1976 1⁵

371 2047 408 2091 ex
420 2028 582 2091 norissima
595 2035 696 2090 autern
713 2045 730 2089 e
746 2033 776 2088 et
791 2045 806 2089 s
821 2025 997 2090 detrahetis.
1020 2026 1100 2091 idem
1113 2028 1232 2092 iacietis
1243 2029 1275 2091 in
1286 2029 1453 2100 femininis,
1470 2039 1503 2092 ut
1521 2029 1617 2111 prima
1636 2047 1692 2094 ror

371 2133 458 2194 cuius
480 2132 603 2212 generis
626 2131 665 2194 sit
694 2138 851 2213 appareat,
885 2130 1027 2212 idemque
1054 2133 1087 2194 in
1109 2133 1235 2194 neutris.
1282 2139 1312 2194 at
1335 2131 1420 2196 hicce
1444 2141 1475 2196 et
1498 2131 1591 2197 hocce
1620 2153 1692 2217 pro-

370 2233 562 2313 nominibus,
587 2237 614 2297 si
636 2253 692 2297 vox
716 2252 881 2316 sequensa
904 2233 999 2298 vocali
1021 2236 1164 2316 incipiat,
1189 2236 1414 2299 enorissimem
1430 2233 1609 2312 detrahetis,
1633 2249 1666 2302 ui

560 2335 645 2401 hicc
668 2338 817 2402 alienus
839 2339 920 2400 oris
943 2347 1071 2402 custos
1094 2336 1153 2402 bis
1176 2337 1320 2421 mulget
1341 2340 1379 2402 in
1402 2338 1506 2403 hora.

261 2455 263 2459 ·
371 2451 401 2506 et
423 2441 696 2522 ‘manibusque
719 2443 812 2505 meis
834 2441 1043 2505 Mezentius
1066 2442 1150 2506 hicc
1173 2445 1254 2506 est'.
1293 2452 1323 2507 et
1352 2442 1464 2508 ‘hooc
1493 2455 1576 2509 crat
1597 2445 1735 2510 alme*⁰

370 2547 537 2627 parens’.
582 2553 613 2608 et
635 2546 744 2608 ‘hocc
772 2544 929 2609 lthccus
957 2542 1081 2612 relit’.

458 2649 526 2713 Non
554 2648 634 2713 idem
663 2657 735 2712 sunt
763 2650 836 2720 tria,
865 2649 946 2729 quod
974 2649 1069 2712 trina:
1105 2653 1164 2713 tria
1193 2651 1274 2714 enim
1304 2659 1376 2714 sunt
1402 2651 1583 2733 singularia,
1611 2656 1692 2717 trina

370 2761 472 2818 eutem
495 2751 684 2836 multiplicia.
730 2755 774 2816 sic
797 2754 907 2816 ‘binos
930 2749 1060 2816 calceos'
1083 2762 1114 2815 et
1135 2755 1226 2818 ‘trina
1250 2755 1449 2827 vestimenta’,
1477 2775 1538 2819 non
1561 2757 1618 2820 tria
1640 2760 1692 2821 di-

369 2861 477 2924 cimats.
522 2865 553 2920 et
573 2861 649 2921 irini
669 2866 699 2921 et
721 2860 801 2922 terni
824 2858 977 2929 dicuntur,
1000 2865 1033 2920 ut
1055 2857 1119 2922 bini
1143 2859 1227 2942 quini
1250 2859 1368 2941 septeni
1391 2858 1473 2922 deni.

458 2959 586 3037 Quando
610 2959 809 3042 distinguitis,
840 2977 908 3022 cum
939 2961 998 3022 erit
1020 2962 1154 3042 perlecta
1179 2964 1275 3025 oratio
1301 2973 1332 3027 et
1355 2981 1461 3027 sensus
1483 2963 1690 3039 concludetur,
1705 2969 1733 3011 ²⁵

369 3067 450 3130 inter
472 3065 668 3128 notissimum
690 3063 775 3128 rerbi
797 3063 929 3127 litterum
953 3073 984 3128 et
1003 3067 1132 3147 primam
1149 3063 1161 3150 l
1177 3068 1365 3147 insequentis
1380 3067 1412 3131 in
1427 3071 1585 3151 superiore
1605 3080 1692 3153 parte

441 3299 473 3353 17
491 3309 518 3351 nt
535 3298 608 3351 hicce
627 3309 651 3350 et
668 3297 749 3350 hocce
766 3315 793 3366 p.
812 3301 855 3358 27,
867 3301 892 3349 6.
912 3299 955 3357 30,
969 3301 1012 3352 2⁷.
1034 3300 1078 3363 36,
1097 3301 1121 3350 d.
1142 3300 1186 3363 3⁷,
1206 3302 1239 3350 id

440 3504 842 3578 idebeetismsdebetisAB
919 3501 1114 3572 equod]quia
1133 3504 1158 3555 B
1225 3507 1354 3559 deiidere
1374 3507 1495 3564 ΑΒως
1573 3503 1690 3574 4ιιιιοι1]

370 3577 472 3643 qulaB
543 3591 621 3640 quam
639 3575 725 3642 legitis
743 3591 792 3628 om.
810 3573 932 3632 ΑΒως
1010 3571 1123 3642 equae]
1144 3575 1189 3639 qni
1207 3574 1233 3626 B
1302 3567 1474 3628 flconcurrel
1493 3578 1567 3643 (he.
1584 3582 1691 3628 concur-

370 3643 470 3711 rerunt)
489 3647 514 3696 Α
545 3647 721 3697 concurrerint
738 3643 827 3700 ωςΒ
918 3648 1017 3697 brnen
1036 3639 1153 3713 incepto]
1182 3644 1261 3712 Verg.
1281 3647 1348 3697 Aen.
1367 3645 1384 3696 1
1404 3648 1439 3698 37
1529 3657 1572 3697 ten
1595 3647 1678 3710 inquit

374 3716 454 3783 Verg.
475 3715 540 3771 Aen.
561 3713 658 3766 11112
746 3716 778 3766 10
800 3724 810 3764 t
828 3727 933 3778 quoque
950 3725 1002 3769 ως
1025 3725 1050 3763 et
1067 3727 1160 3776 quaeq.
1181 3715 1205 3764 A
1228 3725 1253 3764 et
1271 3729 1351 3782 quqq.
1369 3713 1395 3764 B
1493 3718 1523 3766 11
1548 3729 1676 3782 posquam

374 3785 454 3852 Verg.
474 3785 541 3835 Aen.
560 3783 646 3835 1111
734 3795 761 3834 ut
777 3789 838 3850 port
856 3795 941 3833 autem
965 3798 1012 3836 nm.
1033 3785 1066 3845 A,
1085 3783 1148 3834 cdd.
1167 3783 1256 3838 tosB
1347 3783 1411 3834 mult
1433 3781 1486 3852 iile]
1522 3783 1603 3852 Verg.
1623 3787 1690 3836 Aen.

370 3854 387 3906 1
406 3858 425 3907 3
496 3853 528 3904 te
547 3852 644 3905 recolis
663 3865 688 3902 et
705 3866 855 3903 consonans
874 3853 979 3919 pariter,
999 3867 1065 3918 quae
1084 3867 1135 3903 nort
1153 3855 1234 3904 minuc
1248 3853 1284 3903 ad
1294 3854 1494 3918 praecedentem
1505 3869 1605 3906 ommam
1618 3869 1691 3920 quum

371 3925 410 3975 nd
430 3929 567 3991 requenter
587 3923 730 3988 pertinent,
753 3930 846 3988 postea
869 3922 1006 3986 adscripta
1028 3927 1053 3972 et
1076 3923 1162 3974 alieno
1179 3923 1237 3974 ioco
1254 3923 1411 3990 interposita
1429 3923 1623 3975 succidentem

370 4007 423 4044 non
442 3988 574 4059 equidem]
598 3991 678 4056 Verp.
698 3989 780 4042 bercol.
801 3994 824 4050 1,
844 3992 876 4040 11
947 3991 980 4042 13
998 4003 1024 4040 et
1042 3989 1152 4041 breuiter
1169 3993 1252 4042 troine
1269 4006 1421 4058 supremum
1436 3992 1526 4043 audire
1539 3991 1652 4044 laborem
1666 3991 1691 4042 B

370 4073 396 4112 et
414 4062 525 4112 breuiter
543 4061 625 4111 trcine
644 4075 666 4110 s.
680 4074 704 4113 n.
719 4057 780 4110 [Α
857 4059 889 4110 lb
907 4058 1060 4123 relinquatis
1078 4074 1149 4114 corr.
1167 4059 1318 4124 relinquetis
1337 4062 1363 4113 Α
1435 4063 1467 4112 16
1485 4073 1578 4112 setes
1596 4061 1623 4112 B

371 4157 397 4206 in
415 4155 519 4207 leminis
537 4153 564 4206 B
643 4155 675 4207 18
694 4166 722 4205 ut
739 4153 795 4205 hicc
812 4154 912 4206 alienus
932 4169 996 4206 oues
1014 4167 1066 4212 ως
1084 4164 1112 4205 ut
1129 4155 1185 4220 (hic
1202 4157 1229 4206 in
1246 4171 1328 4222 marg.
1342 4157 1403 4208 add.
1421 4153 1450 4218 α)
1466 4139 1569 4207 ‘iliensis
1589 4157 1646 4207 onis
1665 4158 1690 4208 Α

371 4235 399 4275 ιιι
417 4224 458 4274 hic
475 4223 575 4276 alienus
595 4224 654 4276 ouis
673 4222 699 4273 B
716 4223 775 4277 Vol.
798 4223 855 4274 hice
871 4230 897 4275 et
916 4224 980 4274 hoco
997 4223 1030 4276 ab
1049 4223 1120 4276 hicce
1138 4233 1165 4276 et
1183 4224 1262 4276 hocce
1277 4225 1472 4290 pronominibus
1489 4225 1537 4277 hoc
1554 4227 1611 4279 loco
1680 4252 1693 4265 ·

370 4293 440 4346 bonit
465 4293 625 4356 Victorinus,
652 4295 718 4344 sicut
740 4308 822 4358 cupra
839 4309 866 4358 p.
892 4295 962 4354 16,2
981 4295 1013 4344 ab
1032 4293 1112 4344 hoece
1130 4305 1156 4345 et
1172 4295 1204 4344 ab
1223 4293 1302 4344 hacce
1317 4311 1369 4360 pro
1387 4293 1419 4343 ab
1438 4293 1503 4344 hoce
1526 4305 1551 4345 et
1573 4295 1605 4345 eb
1647 4310 1693 4346 ace

369 4365 491 4429 scr-ipsit:
509 4364 544 4428 cf.
567 4363 625 4414 Vel.
644 4363 728 4428 Lonp.
746 4379 773 4428 p.
794 4363 863 4413 2219
882 4377 944 4430 ergo
962 4363 1126 4414 scribendum
1141 4373 1181 4415 cst
1193 4379 1239 4430 per
1251 4363 1330 4414 dunc
1348 4362 1424 4413 ‘hoec
1437 4373 1492 4414 ernt
1503 4363 1572 4432 elme
1585 4369 1692 4430 parens'

370 4444 414 4482 aut
427 4431 603 4484 condiendum
616 4434 743 4495 quaedum
756 4430 831 4481 aliter
842 4431 931 4495 scribi,
949 4431 1023 4484 aliter
1036 4433 1174 4486 enuntiari.
1199 4436 1265 4485 ullos
1277 4441 1399 4485 anetam
1411 4439 1514 4484 cccmus
1531 4437 1559 4484 irc
1576 4435 1609 4485 iic
1627 4450 1693 4500 quere

371 4503 404 4553 rie
415 4500 522 4567 epiladic
539 4502 641 4568 scripta
657 4508 718 4553 nent
734 4503 799 4553 locis
809 4515 892 4566 cupra
910 4503 997 4553 citatis
1014 4509 1086 4553 recte
1104 4503 1211 4568 scripsit
1229 4501 1272 4553 hic
1289 4510 1316 4554 et
1333 4503 1383 4553 hoc
1454 4504 1485 4554 19
1504 4501 1560 4552 hice
1577 4501 1690 4572 alienun]

375 4569 456 4636 Verp.
475 4569 557 4623 bucol.
578 4573 640 4634 a,5
738 4567 977 4637 nominibusque]
1005 4570 1084 4638 Verg.
1104 4574 1172 4626 Aer.
1192 4571 1236 4622 XI
1255 4574 1288 4624 16
1395 4569 1453 4621 hice
1471 4584 1511 4622 est
1533 4571 1622 4628 Βως
1650 4571 1694 4623 hic

372 4649 411 4690 est
429 4639 455 4690 A
523 4639 655 4690 hoccernt
673 4651 724 4696 ως
747 4639 797 4689 hoc
810 4649 864 4688 emt
882 4639 950 4691 AB:
967 4641 1046 4707 Verg.
1060 4642 1128 4694 Aen.
1142 4640 1176 4692 11
1189 4643 1240 4692 1161
1308 4641 1341 4690 21
1360 4639 1422 4690 hocc
1441 4640 1542 4690 ithacus
1561 4640 1617 4692 AB
1632 4640 1692 4693 Vel.

370 4721 422 4764 ως
440 4707 489 4758 hoc
507 4707 608 4761 ithacus
627 4727 657 4760 a:
680 4708 761 4776 Verp.
780 4709 847 4762 Aen.
867 4707 901 4759 11
920 4711 971 4760 104
1060 4712 1094 4761 22
1113 4706 1195 4777 quod]
1216 4725 1282 4775 qune
1299 4709 1326 4760 B
1406 4711 1440 4762 2³
1458 4709 1569 4761 dicimus
1589 4721 1613 4761 ct
1631 4713 1693 4762 triui

370 4793 418 4832 orn.
444 4775 566 4835 ΑΒως
654 4779 688 4830 ‘25
712 4779 760 4829 erit
781 4777 894 4845 perlecta
911 4778 1001 4836 ωςΒ
1032 4791 1087 4829 eret
1108 4778 1232 4847 perlectae
1250 4780 1275 4832 A
1365 4779 1399 4829 26
1423 4779 1584 4842 insequentis
1604 4781 1693 4838 Αως

264 4879 266 4882 -
371 4847 503 4912 sequentis
525 4847 551 4898 B
