3874 5556
405 356 470 432 348·
695 399 698 404 v
958 379 1178 436 reneurrnur

410 481 432 520 p.
446 470 498 511 240⁰
511 469 537 509 1³.

513 567 636 631 alteram
660 569 729 650 quia
753 565 967 648 consequendo
990 585 1110 648 semper
1132 579 1146 628 1
1170 564 1278 628 roralis
1300 577 1354 638 est,

513 674 631 736 tertiam
656 682 685 735 et
709 689 796 734 casus
818 678 981 752 sequentes
1005 689 1070 734 esse
1094 669 1227 734 vocalem
1252 669 1375 732 docent:

513 781 573 840 imo
596 779 621 840 si
644 795 724 838 nunc
747 788 770 836 U
792 782 933 856 putanrus
958 792 1023 837 esse
1047 773 1156 838 vocalis
1179 777 1256 844 soni,

460 892 525 942 ²⁸⁵1
549 881 644 958 magis
667 877 777 941 vocalis
801 897 866 941 esse
889 877 1049 940 irulicanda
1074 887 1119 940 est
1142 877 1341 959 subsequens.

512 982 659 1066 numquid
684 982 763 1045 hanc
786 980 993 1062 diphthongon
1019 997 1091 1060 ergo
1115 1002 1149 1044 ex
1175 995 1197 1043 U
1220 991 1250 1044 et
1272 995 1285 1043 1
1309 984 1353 1044 sie
1376 981 1515 1052 dicimus,

442 1147 444 1150 .
512 1107 572 1152 non
597 1097 629 1150 ut
651 1099 674 1149 ιι
698 1105 778 1149 nunc
800 1089 841 1148 sit
862 1084 970 1156 latina,
994 1084 1047 1148 sed
1070 1089 1166 1166 magis
1189 1103 1332 1166 graecum
1354 1085 1392 1146 sit
1415 1105 1468 1166 υι,

510 1199 593 1273 γυῖα
616 1211 685 1255 cum
709 1191 816 1254 dieunt
839 1199 868 1252 et
893 1175 976 1262 υἷας,
1001 1187 1059 1251 tale
1083 1189 1155 1273 quid
1179 1192 1239 1253 eui
1261 1199 1295 1252 ut
1316 1195 1412 1261 sonet,

512 1306 682 1379 temporum
708 1305 737 1358 et
759 1313 814 1376 per
838 1313 870 1356 se
894 1293 1024 1356 duorum
1049 1313 1108 1356 non
1133 1297 1269 1375 requirat
1292 1313 1467 1360 consonam.

458 1401 570 1462 noem
593 1418 710 1480 super
732 1396 785 1461 sed
808 1397 866 1462 tale
890 1399 957 1467 liat,
982 1398 1071 1479 quale
1094 1397 1205 1460 dudum
1230 1407 1339 1462 trans
1361 1416 1478 1466 narare,

510 1503 600 1585 longa
622 1521 691 1566 cum
715 1501 816 1564 reddit
838 1511 978 1564 vacantes
1000 1519 1077 1582 quae
1100 1500 1189 1563 simul
1212 1511 1282 1564 sunt
1304 1503 1472 1565 consonae?

510 1623 547 1670 an
571 1609 668 1689 magis
690 1607 762 1670 cuii
786 1624 841 1668 nos
863 1612 982 1686 oportet
1004 1623 1059 1686 per
1082 1603 1155 1666 duas
1179 1617 1191 1665 1
1213 1605 1370 1668 scriberet

509 1712 579 1792 quia
602 1727 732 1793 sequens
755 1725 842 1771 casus
865 1708 981 1770 ridetur
1004 1707 1061 1770 hoc
1085 1727 1211 1778 sonare,
1235 1711 1286 1790 qui
1311 1708 1382 1771 lacit

510 1815 635 1895 quius,
660 1823 693 1875 ut
715 1813 825 1874 Troia
850 1819 939 1894 atque
962 1811 1076 1890 tiata,
1100 1811 1136 1874 de
1161 1812 1259 1874 tribus
1282 1811 1451 1881 vocalibus:

458 1917 568 1978 nocui
592 1936 631 1979 su
640 1935 704 1999 per
728 1916 768 1977 nil
791 1925 825 1977 ut
847 1917 966 1977 iuvetur
989 1935 1005 1978 a
1029 1917 1198 1998 propinqua
1222 1933 1370 1986 consona;

509 2021 628 2105 quando
651 2024 765 2102 quius
788 2019 877 2098 longa
901 2021 986 2100 prior
1010 2027 1069 2091 est,
1095 2019 1261 2083 saetacum
1286 2022 1324 2083 sit
1347 2037 1526 2082 consonans.

509 2124 584 2186 haec
605 2127 710 2206 putari
733 2122 917 2203 colligenda:
942 2132 975 2210 tp
997 2141 1124 2204 sequere
1148 2125 1228 2206 quod
1252 2123 1343 2187 voles.

551 2227 612 2291 Nec
635 2231 733 2291 minus
756 2235 862 2290 natura
887 2230 966 2291 varia
991 2235 1037 2290 est
1058 2228 1198 2291 consonis
1220 2229 1250 2290 in
1274 2227 1391 2292 litteris.

507 2331 648 2412 digerunt
671 2330 793 2413 quidem
817 2309 967 2411 magistrl,
992 2330 1112 2413 quando
1136 2349 1247 2412 pueros
1270 2329 1427 2404 imbuunt;

455 2435 561 2498 asosed
585 2433 676 2498 rudes
699 2455 736 2498 ne
759 2445 1011 2518 praegraventur.
1036 2437 1157 2516 parcius
1180 2435 1401 2498 discriminant.

508 2557 576 2600 nam
600 2558 706 2602 novem
729 2548 829 2601 mutas
852 2548 1011 2608 vocarunt,
1033 2537 1230 2615 semivocales
1251 2538 1323 2600 item

507 2660 572 2704 esse
596 2651 711 2725 septem
735 2641 942 2704 tradiderunt:
967 2640 1042 2705 ordo
1067 2650 1194 2722 uterque
1218 2651 1307 2704 notus
1330 2651 1384 2704 est.

552 2743 593 2807 De
617 2763 722 2808 norem
746 2755 817 2816 tres,
842 2753 875 2807 ut
898 2753 1051 2816 vacantes,
1076 2743 1259 2826 separandas
1282 2746 1430 2808 ceravenit.

504 2867 561 2910 ιιιιι
586 2868 655 2911 nam
679 2852 833 2931 spiramen
856 2846 939 2909 addit
963 2847 1104 2912 omnihus
1128 2847 1290 2920 vocalibus,

453 2953 611 3014 raelrasta
636 2951 756 3033 ociando
780 2961 809 3014 et
832 2949 966 3014 hedera
990 2951 1078 3028 dicis,
1103 2950 1230 3014 Hister
1253 2951 1390 3034 hospes
1413 2963 1501 3034 atque
1525 2952 1668 3015 Ιιιιιιιιιι.

504 3065 647 3138 quattuor
670 3055 742 3117 solis
764 3055 907 3118 adhaeret
930 3063 1149 3117 consonantem
1171 3053 1289 3124 litteris.

504 3160 611 3222 inserit
635 3161 660 3221 si
683 3159 803 3241 quando
826 3177 934 3240 graeca
958 3177 1057 3221 sermo
1081 3168 1184 3221 noster
1207 3161 1338 3230 nomina,

504 3281 573 3325 cum
590 3263 730 3324 choros
754 3261 950 3324 rhamnum
976 3273 1171 3333 necesscest
1196 3261 1368 3344 Phyllida
1385 3274 1435 3327 aut
1452 3265 1612 3346 thymum
1630 3264 1716 3345 loqui.

504 3367 567 3428 sola
591 3383 645 3427 nec
671 3365 779 3427 vocalis
801 3383 889 3426 usum
912 3384 968 3428 nec
992 3373 1094 3428 tuetur
1117 3385 1276 3438 consonae,
1597 3355 1602 3366 ’

451 3487 491 3527 ιιι
506 3479 625 3550 tempus
648 3479 698 3531 aut
722 3471 871 3531 ministrat
894 3467 987 3530 ullum
1011 3467 1155 3531 brerihus
1179 3489 1303 3552 usquam
1327 3468 1462 3551 syllabis:

504 3581 534 3634 et
557 3581 657 3634 tamen
682 3575 740 3635 sim
764 3574 959 3634 consonantis
983 3572 1104 3644 adimit,
1130 3591 1188 3636 nna
1212 3574 1242 3634 in
1267 3573 1380 3654 syllaba

505 3676 639 3758 praedita
664 3686 710 3738 est
732 3677 872 3755 quotiens
895 3675 1012 3738 duabus
1034 3689 1056 3738 u
1079 3687 1108 3738 et
1131 3689 1144 3737 1
1169 3675 1332 3740 vocalibus.

505 3778 616 3840 huius
639 3790 690 3842 aut
714 3779 801 3842 huic
824 3777 956 3842 solemus
980 3799 1047 3842 nam
1073 3781 1251 3860 frequenter
1274 3783 1392 3844 dicere:

503 3896 526 3944 ιι
549 3881 722 3962 digammon
746 3901 811 3945 esse
836 3884 994 3945 nunciam
1020 3901 1080 3945 non
1103 3884 1174 3944 sinit
1198 3902 1254 3945 noc
1277 3904 1450 3956 consonam,

452 4003 491 4044 ιιι
505 4006 571 4051 esse
594 4005 684 4068 quam
707 4005 828 4069 semper
851 4005 974 4048 rrecesse
998 3995 1057 4056 est,
1083 4004 1150 4047 cnm
1174 4005 1283 4052 carens
1306 3993 1468 4072 spiramine

400 4109 602 4119 ψ.

469 4161 606 4213 tet-788
623 4177 645 4215 ιι.
665 4163 804 4212 212-221

470 4335 519 4386 76⁴2
544 4349 646 4400 semper
670 4348 685 4382 ιι
705 4329 803 4382 urceolis
828 4343 867 4382 est
886 4333 1077 4396 hortamentum,
1101 4337 1255 4402 quinidi
1278 4343 1338 4386 onie
1360 4353 1382 4385 ι.
1402 4335 1454 4384 763
1478 4338 1620 4386 collocavit.
1656 4343 1683 4386 et
1706 4335 1713 4386 i

399 4439 451 4474 non
468 4437 546 4486 poree
563 4437 614 4486 pro
636 4428 793 4470 consonante
816 4435 873 4471 esee
891 4421 1056 4482 demorantur,
1081 4420 1129 4470 hoo
1152 4425 1254 4473 ratione
1273 4425 1310 4472 uti
1327 4423 1426 4472 videtur
1448 4419 1627 4486 Terentianus,
1646 4423 1715 4488 quod

399 4515 503 4572 etpost
529 4523 543 4555 ιι
566 4509 592 4558 in
617 4507 705 4558 eudem
728 4505 828 4570 spicata
848 4509 959 4572 positum
981 4522 1083 4571 eerraper
1101 4511 1197 4559 uocalis
1214 4511 1248 4560 rit
1266 4509 1392 4570 (ra-516).
1415 4515 1441 4558 et
1460 4523 1475 4557 ιι
1498 4509 1712 4566 consonantem,i

399 4597 509 4644 vocalem
533 4608 589 4643 esee
617 4593 712 4659 reliqui
733 4609 808 4644 cason
832 4596 943 4644 doceant
1012 4593 1061 4644 760
1091 4595 1206 4658 rarrnquid
1231 4596 1383 4645 Petrecinaa
1407 4591 1479 4644 Nunc
1503 4593 1566 4656 quid
1589 4594 1622 4644 M
1646 4609 1713 4644 nune

400 4679 502 4742 quidem
523 4677 661 4730 Sontena‘na
732 4681 782 4729 770
805 4680 851 4730 sed
875 4679 924 4730 tale
944 4679 1084 4731 Briseaeus
1103 4694 1126 4730 et
1146 4681 1195 4730 tale
1215 4682 1246 4730 ,ll
1314 4695 1384 4730 mans
1404 4676 1485 4745 more]
1503 4697 1525 4732 n.
1544 4667 1594 4729 old
1663 4683 1713 4734 788

400 4777 444 4813 eut
463 4766 582 4828 ,llirpllue
600 4780 631 4814 an
653 4765 685 4814 ,ll
752 4767 802 4818 793
826 4767 902 4817 troius
921 4781 965 4816 aar
984 4765 1042 4817 luric
1062 4766 1201 4818 Brissuens
1221 4769 1295 4817 lartius
1314 4781 1346 4816 arr
1365 4765 1424 4816 huie
1445 4766 1474 4816 ll
1493 4766 1569 4818 lanius
1592 4781 1636 4818 aut
1654 4767 1713 4818 huic

400 4853 436 4898 sic
462 4849 638 4902 Larluuannue
709 4853 758 4902 aet
786 4868 852 4903 ιιιιιιι
877 4853 892 4902 la
918 4869 966 4902 uon
997 4853 1059 4902 sinit
1086 4855 1194 4904 coniecit
1221 4853 1399 4904 Lorhrnunnua
1474 4853 1524 4904 795
1551 4869 1609 4904 esse
1636 4871 1712 4920 quam

400 4935 537 4986 Sortientes
555 4936 620 4985 Esse
639 4939 699 5000 quala
719 4937 751 4986 M
