3906 5564
592 336 672 392 aar.
692 305 802 392 nasu.
821 337 892 392 ata.
911 337 940 390 11
957 339 983 401 a,
997 337 1028 389 ta
1048 363 1078 373 --
1100 337 1140 397 ro,
1157 337 1187 387 ta
1505 331 1546 398 97

254 435 425 494 pumera.
567 457 570 464 ·
1310 494 1322 513 .
1362 435 1521 490 parasse.

228 531 429 592 incurramus.
475 528 527 591 ubi
551 531 632 592 enirn
654 547 715 591 non
739 527 867 610 pedum,
896 528 949 590 sed
979 545 1176 592 numerorum
1200 528 1278 589 ratio
1301 524 1454 595 subsistit,
1485 545 1547 588 non

228 631 320 712 pedes
341 631 472 716 pedibus
500 650 590 715 pares
618 637 838 702 restituuntur,
868 632 920 693 sed
945 641 1080 714 tempora
1107 631 1299 714 temporibus
1328 629 1546 710 adaequantur.

227 735 349 818 quidam
371 735 537 819 trisyllabis
560 747 591 800 et
613 733 815 818 tetrasyllabis
837 735 980 798 admixtis
1002 735 1130 817 pedibus
1152 735 1210 797 hoc
1231 753 1329 816 genus
1351 753 1494 798 versuum
1517 743 1548 798 et

227 849 464 922 composuerunt
492 851 523 904 et
547 839 756 905 indilierenter
785 840 843 901 ista
867 839 1085 920 compositione
1114 841 1162 902 usi
1186 847 1267 902 suut.
1312 857 1381 902 nant
1405 850 1457 902 aut
1478 855 1547 902 cres

204 945 297 1006 elicis
320 950 372 1006 aut
393 962 500 1008 eorum
523 942 742 1015 solutionibus,
766 941 798 1004 id
821 949 867 1004 est
888 941 1058 1023 paeonibus
1080 955 1134 1006 aut
1157 947 1255 1024 primo
1278 952 1330 1005 aut
1352 951 1475 1024 quarto,
1500 945 1547 1004 in·

228 1048 404 1111 differenter
428 1050 530 1111 mixtis
553 1065 675 1110 carmen
698 1044 877 1116 ediderunt,
907 1045 961 1108 sed
985 1055 1015 1108 et
1038 1045 1210 1110 bacchiacis
1238 1057 1269 1108 et
1292 1049 1418 1110 creticis
1442 1048 1546 1109 coniu-

228 1151 400 1232 gationibus
423 1151 557 1234 adaeque
581 1153 628 1214 usi
652 1160 736 1220 sunt,
759 1161 793 1213 ut
815 1157 862 1212 est
883 1147 956 1220 hoo,

622 1263 709 1318 acuta
732 1253 808 1316 ialee
832 1254 857 1316 si
880 1253 1007 1316 virentis
1029 1253 1154 1316 esculos.

229 1363 337 1443 recipit
352 1368 453 1424 autem
470 1361 562 1423 etiam
579 1359 755 1422 trochaeum
772 1365 802 1421 et
825 1355 1017 1438 pariambum
1033 1373 1173 1429 conexos,
1190 1357 1242 1420 sed
1260 1369 1289 1420 et
1304 1375 1372 1420 cum
1389 1359 1547 1441 parlambo

192 1483 215 1521 to
228 1463 361 1528 iambum
391 1467 423 1526 in
454 1465 592 1547 syzygia,
630 1481 689 1545 qua
719 1462 851 1525 eflicitur
879 1479 976 1544 paeon
1005 1467 1145 1544 quartus,
1175 1460 1280 1524 ultima
1308 1461 1426 1526 scilicet
1454 1461 1548 1527 iambi

228 1567 329 1648 longa,
353 1567 455 1632 tribus
476 1565 622 1630 brevibus
645 1568 839 1648 antepositis,
864 1585 954 1648 quem
978 1573 1039 1628 tam
1062 1583 1099 1628 er
1115 1563 1243 1627 bacchio
1265 1584 1356 1647 quam
1380 1587 1417 1628 ex
1432 1569 1546 1630 cretico

228 1671 377 1734 solutione
405 1670 580 1751 longarum,
615 1670 646 1733 id
673 1680 721 1733 est
750 1671 845 1752 prima
876 1671 962 1750 longa
997 1671 1104 1731 cretici
1140 1678 1170 1730 et
1197 1671 1328 1732 secunda
1361 1669 1479 1734 bacchii
1508 1671 1546 1733 ab

229 1773 349 1846 ultima,
374 1774 452 1837 ellici
469 1776 589 1837 cunctis
604 1775 636 1836 iu
652 1771 665 1856 ΙΙ
683 1782 825 1856 promptu
841 1781 899 1836 est.
937 1772 1019 1836 unde
1036 1772 1123 1835 datur
1138 1771 1273 1852 intellegi
1290 1774 1420 1836 eundem
1438 1773 1546 1856 pedem

228 1897 281 1960 per
315 1877 495 1941 solutionem
528 1879 634 1941 cretici
664 1888 694 1940 et
723 1875 840 1940 bacchii
876 1894 1066 1940 communem
1096 1893 1163 1938 esse
1198 1878 1367 1958 utriusque.
1414 1881 1463 1940 cui
1492 1895 1547 1960 par

192 1997 214 2036 u
228 1983 393 2065 similisque
415 1983 507 2045 etiam
531 1983 558 2044 is
580 1980 753 2062 rhythmus.
783 1985 837 2061 qni
862 1999 898 2044 er
922 1982 1054 2064 quinque
1078 1980 1229 2041 continuis
1252 1978 1396 2042 brevibus
1426 1981 1547 2063 syllabis

226 2093 358 2148 constat:
390 2095 437 2148 est
459 2086 540 2150 enim
564 2084 688 2147 totidem
713 2093 899 2166 temporum,
929 2091 1003 2166 quot
1032 2091 1062 2144 et
1080 2099 1189 2164 ⁸paeon
1213 2101 1267 2164 pes
1297 2093 1326 2146 et
1351 2082 1492 2146 bacchius
1516 2095 1546 2147 et

227 2189 466 2272 amphimacrus,
491 2197 645 2270 tamquam

446 2303 531 2356 vorat
555 2290 631 2373 agile
655 2289 718 2354 iera
742 2308 889 2373 propera,
914 2289 1003 2352 modo
1027 2289 1131 2352 retulit
1154 2308 1206 2352 era
1228 2288 1323 2352 cibos.

227 2406 257 2458 et
292 2415 400 2458 rursus
434 2393 572 2478 exempla
608 2403 791 2477 repetamus.
838 2396 895 2456 erit
927 2392 1090 2455 dimetrum
1125 2396 1305 2475 paeonicum
1340 2389 1545 2460 catalecticum

190 2515 215 2554 to
228 2500 315 2562 huius
338 2499 434 2570 modi,

714 2619 793 2664 nunc
816 2603 897 2682 agite
920 2600 1059 2663 caelites:
1139 2675 1141 2680 ,

227 2707 396 2770 trimetrum
420 2716 536 2776 autem,

602 2825 682 2872 nunc
706 2809 786 2888 agite
810 2825 890 2870 auno
914 2808 1053 2889 tripudiis
1076 2807 1165 2878 mibi,

227 2915 305 2994 quud
329 2913 530 2998 phrynlchion
556 2923 694 2976 vocatur:
718 2921 944 2980 tetrametrum,

191 3031 214 3071 a
476 3034 556 3079 nunc
578 3017 657 3097 agite
681 3025 742 3078 tota
765 3018 866 3077 veniat
889 3031 995 3076 manus
1017 3013 1054 3076 ad
1079 3015 1136 3077 hoc
1159 3032 1294 3077 sacrum:

228 3132 446 3203 pentametrum
470 3139 558 3192 rero,

475 3223 554 3294 tolle,
578 3223 660 3286 reler
683 3221 796 3286 aeolica
819 3223 975 3303 musigena
998 3221 1146 3285 canticula
1168 3221 1283 3304 Tityro.

228 3325 309 3400 haec,
333 3329 358 3390 si
382 3329 560 3391 novissimos
582 3329 712 3390 creticos
734 3326 781 3389 vel
805 3324 939 3408 dactylos
962 3325 1122 3388 subtrahas
1146 3325 1224 3404 (nant
1242 3335 1272 3387 et
1287 3325 1405 3408 dactylo
1420 3334 1547 3408 propter

227 3434 404 3519 novissimae
427 3431 659 3494 indifferentiam
684 3437 814 3492 metrum
836 3429 1006 3508 clauditur),
1030 3427 1193 3491 acatalecla
1217 3439 1307 3491 eruat
1329 3443 1359 3491 et
1379 3431 1545 3493 secundum

191 3553 215 3594 so
229 3533 457 3616 appellationem
481 3553 564 3598 suam
588 3535 776 3615 syzyglarum
800 3551 928 3596 numero
943 3530 1173 3595 concludentur.
1221 3532 1428 3596 lteramelrum
1445 3543 1545 3597 autem

228 3637 443 3721 Aristophanes
466 3634 471 3720 Ι
495 3639 667 3720 composuit
689 3633 763 3707 tale,
794 3646 827 3698 ut
849 3638 909 3698 sint
937 3653 1068 3716 paeones
1093 3637 1182 3717 primi
1213 3647 1275 3698 tres
1298 3645 1326 3698 et
1349 3621 1546 3719 insequantur

229 3741 350 3805 totidem
373 3741 493 3809 cretici,
520 3751 671 3822 tamquam

364 3863 417 3907 rer
439 3861 531 3925 agere
555 3861 708 3925 purpurea
731 3851 761 3905 te
784 3843 885 3904 Venus
908 3841 1063 3905 amoribus
1086 3845 1149 3921 ipsa
1174 3841 1293 3924 pollens
1315 3842 1408 3906 iubet

227 3948 278 4010 sed
302 3958 333 4012 et
354 3945 435 4032 [hic]
459 3955 634 4011 tetrameter
658 3948 823 4028 paeonicus
838 3943 1047 4014 catalecticus,
1073 3945 1098 4006 is
1118 3944 1271 4034 dumtaxat
1294 3948 1344 4028 qui
1367 3949 1494 4008 inarime
1514 3949 1545 4008 iu

190 4069 214 4110 aa
228 4069 283 4115 usu
304 4063 360 4121 est,
383 4069 421 4114 ex
443 4050 532 4131 longa
555 4063 585 4113 et
607 4049 706 4113 tribus
730 4048 869 4111 brevibus
892 4047 930 4110 ab
945 4047 1143 4130 Aristophane
1167 4053 1349 4130 compositus
1373 4061 1431 4121 est,
1455 4058 1544 4120 totus,

226 4345 251 4396 F
280 4277 420 4398 &pppp
437 4277 507 4342 agite
523 4292 552 4342 p.
574 4277 646 4328 25⁹3
717 4274 751 4324 34
769 4271 815 4323 sed
834 4284 858 4322 et
877 4280 1022 4324 tetrameter
1041 4297 1072 4308 -
1091 4273 1134 4335 98,
1153 4275 1169 4324 b
1187 4275 1285 4324 tntrsice
1302 4291 1329 4339 p.
1354 4274 1413 4336 lar,
1429 4276 1463 4324 13
1483 4275 1546 4326 Atti.

249 4361 281 4398 ω,
779 4359 781 4364 .

293 4536 437 4588 umentis
456 4536 481 4586 A
501 4534 613 4586 ubantes
631 4530 686 4590 ςΒ
756 4531 838 4582 liscd
857 4541 882 4582 et
900 4546 958 4581 cum
976 4531 1061 4582 iambo
1079 4533 1241 4598 pariambum
1261 4532 1286 4582 A
1300 4529 1353 4586 Βς
1425 4533 1457 4582 10
1480 4527 1544 4599 qua]

226 4619 292 4668 qaae
310 4602 335 4655 B
390 4605 423 4657 ta
440 4603 587 4670 similisque
605 4603 681 4654 etiam
701 4599 741 4651 his
760 4599 871 4665 rythmis
890 4601 915 4651 Α
929 4599 955 4650 Β
973 4600 1119 4665 similisque
1137 4601 1179 4652 hic
1199 4599 1335 4666 rhythmus
1354 4613 1371 4656 ς
1425 4601 1458 4651 18
1477 4599 1547 4650 uolat

226 4672 293 4740 agile
311 4689 357 4741 per
375 4672 488 4740 aprilera
507 4673 586 4724 modo
605 4671 690 4722 retulit
708 4670 777 4720 ebria
796 4669 868 4720 cibos
887 4681 904 4724 ς
991 4669 1046 4720 iera
1069 4665 1194 4738 propera]
1218 4668 1379 4736 sea-aproiera
1400 4670 1425 4720 A
1436 4667 1461 4717 B

226 4751 387 4833 etaetatis
412 4769 436 4818 Α
524 4769 558 4820 ss
581 4783 648 4818 auae
671 4767 741 4834 agata
764 4777 818 4816 aaa
837 4763 952 4815 nemea
976 4780 1041 4814 aaa
1066 4767 1165 4830 agitata
1189 4763 1279 4820 aas
1367 4765 1399 4814 aa
1423 4765 1500 4828 attyro
1520 4765 1546 4815 a

227 4835 311 4901 itltyro
330 4840 355 4889 Α
376 4851 445 4888 nuuc
463 4837 578 4902 tityrus
659 4837 693 4888 29
711 4833 875 4886 acatalectico
894 4831 955 4883 AB
1041 4835 1195 4901 scytalen
1278 4836 1311 4886 33
1334 4833 1466 4884 amoribus
1485 4833 1546 4884 diua

146 4929 157 4960 a
227 4903 326 4971 polleas
344 4919 376 4962 ςι
396 4906 515 4969 sortoare
532 4907 718 4970 amoribusque
736 4905 796 4971 ipsa
813 4901 915 4970 pollens
1424 4929 1428 4938 .

276 5007 429 5041 summa
442 5007 525 5040 urm
538 5007 569 5038 rc
1322 4989 1337 5039 ‘l
