3906 5564
640 311 722 364 aar.
739 309 852 364 anun.
870 309 942 362 nm.
960 310 990 363 11
1009 314 1034 375 a,
1056 311 1165 362 11-ev
1520 307 1561 372 ti

271 399 442 470 peomne.
1388 421 1410 465 p.
1426 407 1535 454 rm-tc.

247 505 374 568 alterium
403 503 587 586 dactylicon,
618 522 685 566 cum
710 520 804 584 aeque
828 502 859 563 in
890 511 1017 581 utraque
1040 501 1149 564 cadant
1173 501 1255 563 nvixti
1281 499 1416 579 dactylus
1439 509 1469 562 et
1491 517 1562 561 arra-

248 619 377 690 paestus.
424 627 514 671 cansa
539 607 618 678 talis,
644 605 724 687 quod
748 605 973 686 anapaesticum
989 605 1083 668 melos
1098 603 1179 668 binis
1194 601 1322 694 pedibus
1345 611 1561 666 amatsensnm

247 711 416 783 includere,
440 721 474 774 ut
495 711 577 794 apud
600 705 724 774 lineium

554 812 717 896 inclyte,
740 830 854 896 parva
877 813 1053 894 praedite
1075 815 1214 894 patria,

556 919 706 982 nomine
728 915 878 980 celebri
901 914 1082 996 claroque
1104 925 1243 998 potens

555 1031 727 1102 pectore.
752 1019 902 1083 Achivis
926 1017 1117 1082 classibus
1139 1028 1280 1084 auctor.

330 1125 412 1199 Quae
435 1125 579 1208 periodos
606 1127 686 1188 circa
709 1141 763 1188 sex
786 1131 923 1187 versatur
951 1121 1099 1204 dipodias.
1146 1133 1249 1186 contra
1274 1124 1419 1186 Pacuvius
1448 1142 1560 1186 novare

226 1233 434 1312 propositum
465 1228 569 1294 volens
591 1228 688 1294 noluit
716 1230 795 1290 intra
825 1226 913 1289 binos
935 1225 1041 1308 pedes,
1072 1236 1104 1288 ut
1127 1228 1282 1308 superius,
1317 1229 1403 1290 linire
1427 1245 1559 1296 sensum.

246 1333 297 1397 sed
327 1333 495 1398 secundum
524 1331 698 1415 Euripidem
727 1328 907 1412 dactylicum
935 1340 1080 1400 metrum,
1111 1321 1192 1413 quod
1221 1330 1401 1412 appellatur,
1431 1330 1559 1400 induxit,

210 1447 280 1500 tout
301 1437 429 1500 nominis
457 1437 581 1499 mutabo
604 1436 805 1498 diversitatem
829 1433 931 1505 daret,
964 1434 1053 1496 buius
1081 1434 1163 1498 rnodi
1193 1437 1318 1498 stasimo
1348 1453 1401 1498 seu
1433 1434 1559 1515 periodo

246 1561 332 1612 nens,

396 1643 545 1726 †agite,
569 1644 641 1714 ite,
665 1640 822 1715 volvite,
846 1645 990 1726 rapite,
1015 1660 1117 1705 coma
1141 1651 1305 1706 tractate
1328 1660 1394 1724 per

393 1767 535 1830 ,aspera
558 1765 644 1810 saxa
668 1755 705 1808 et
726 1745 890 1819 bnmnm,
915 1744 1090 1808 scandite
1116 1755 1256 1808 vestem
1282 1749 1398 1809 ocius.

328 1852 414 1936 Apud
438 1850 626 1923 Alcmenen,
651 1849 827 1932 disciplinae
850 1850 939 1912 buius
963 1851 1119 1931 antiquum
1135 1859 1304 1922 auctorem,
1329 1851 1482 1932 reperitur
1506 1851 1558 1911 tri-

210 1983 232 2024 n
247 1965 374 2020 metrum
398 1954 607 2018 catalecticum
636 1955 667 2016 in
691 1951 855 2035 syllabam,
885 1953 934 2015 cni
962 1955 988 2016 si
1010 1972 1068 2016 una
1097 1953 1186 2034 longa
1210 1962 1414 2036 praeponatur
1437 1951 1559 2034 syllaba,

248 2061 296 2123 liet
318 2059 461 2134 heroum,
486 2057 565 2138 qnod
590 2067 635 2120 est
658 2057 732 2128 tale,
801 2097 802 2101 =

312 2155 314 2159 ⁴
503 2163 638 2244 quamvis
661 2179 716 2242 ego
739 2178 795 2242 per
817 2171 936 2223 montes
950 2159 1061 2235 ,alacer
1084 2179 1298 2244 properarem

245 2268 368 2329 heroum
390 2269 446 2336 ita.

463 2368 516 2432 sed
540 2371 676 2448 quamvis
698 2387 755 2450 ego
777 2388 832 2452 per
855 2379 974 2432 montes
997 2367 1095 2432 alacer
1119 2386 1326 2452 properarem.

208 2499 232 2540 eo
246 2475 329 2537 cuius
352 2491 511 2536 mensurae
534 2482 580 2534 est
602 2471 660 2534 boc
682 2490 802 2554 quoqne
825 2481 971 2544 metrum,
999 2471 1079 2554 quod
1103 2475 1323 2536 messeniacum
1346 2471 1357 2556 ΙΙ
1379 2471 1557 2556 appellatur,

244 2585 355 2654 ciaet,
378 2587 412 2639 ut
433 2576 587 2657 superins,
613 2577 785 2640 trimetrum
808 2575 1016 2640 catalecticum
1038 2577 1069 2638 in
1092 2576 1253 2658 syllabam
1279 2595 1382 2640 verum
1405 2595 1442 2638 eo
1458 2576 1558 2646 distat.

246 2680 323 2761 qnod
346 2681 520 2764 anapaestis
542 2677 794 2760 praecedentibus
817 2690 847 2743 et
869 2680 1012 2762 spondeis
1037 2679 1235 2760 sequentibus
1258 2679 1349 2742 babet
1371 2681 1465 2743 iactas
1480 2699 1559 2742 con·

244 2785 412 2864 lagationes
440 2792 471 2844 et
499 2792 681 2862 postremam
703 2782 846 2865 syllabam
877 2783 1009 2846 brevem.
1054 2783 1134 2846 idem
1164 2793 1193 2846 et
1221 2782 1407 2846 embatcriun
1438 2782 1557 2854 dicitur,

246 2886 323 2966 qnod
348 2896 394 2949 eet
417 2887 573 2968 proprium
590 2904 714 2949 carmen
729 2885 1047 2950 Lacedaemoniorum.
1079 2887 1107 2948 id
1124 2888 1155 2948 in
1173 2885 1298 2968 proeliis
1321 2886 1358 2949 ad
1373 2889 1558 2949 incentivum

208 3017 232 3056 aa
247 2991 353 3052 viriani
376 3009 431 3072 per
455 2989 542 3052 tibias
565 2998 678 3052 canunt
698 2989 872 3054 incedentes
896 2989 931 3053 ad
956 2989 1065 3071 pedem
1088 3002 1157 3053 arcte
1180 2991 1278 3072 ipsum
1294 3007 1412 3072 pugnae
1428 2991 1557 3061 initium,

245 3095 323 3176 quod
346 3105 391 3158 est
412 3093 487 3164 tale,

507 3207 631 3278 superat
654 3205 772 3260 montes
794 3205 880 3279 pater
902 3197 1008 3260 idaeos
1030 3215 1259 3277 nemorumque.
1285 3199 1289 3284 l
1400 3217 1402 3220 ·

245 3301 425 3382 anapaestici
453 3308 552 3363 antem
583 3319 702 3372 versus,
737 3302 789 3382 qui
818 3319 855 3362 ex
884 3301 1020 3383 spondeo
1050 3310 1080 3364 et
1110 3311 1274 3384 anapaesto
1310 3310 1340 3365 et
1374 3300 1491 3384 dactylo
1530 3311 1560 3365 et

246 3423 362 3468 rursum
386 3403 521 3486 spondeo
553 3415 583 3467 et
605 3413 768 3487 anapaesto
791 3413 822 3466 et
844 3402 956 3485 syllaba
979 3413 1219 3486 componuntnr,
1250 3413 1322 3468 sunt
1344 3404 1465 3486 quidem
1488 3425 1558 3488 pro·

207 3533 231 3572 eo
245 3510 375 3572 cecitatis
397 3510 555 3572 trimetrae
577 3505 785 3579 catalecticae,

506 3610 568 3673 Pan
591 3611 738 3674 Maenalio
760 3615 893 3676 carmine
917 3611 1062 3694 nymphas
1085 3623 1294 3694 properantes.

246 3735 347 3780 verum
369 3716 419 3778 bic
441 3732 548 3778 versus
570 3719 669 3778 currit
689 3717 790 3779 ionico
812 3717 920 3779 maiori
943 3725 973 3779 et
994 3735 1049 3798 par
1073 3719 1101 3779 ei
1124 3726 1186 3789 est,
1210 3720 1262 3799 qui
1284 3717 1420 3781 sotadins
1437 3717 1557 3796 dicitnr,
1608 3772 1610 3776 .
1658 3771 1667 3790 ,

245 3828 276 3882 nt
297 3829 343 3882 est
363 3817 429 3891 ille,

246 3965 446 3976 ——.-...

310 4063 327 4114 3
345 4059 416 4128 apud
428 4055 550 4127 bedam]
568 4063 595 4112 in
613 4059 755 4112 Philocteta
773 4065 900 4129 Apuleiae
918 4065 950 4116 cle
969 4065 1017 4115 deo
1037 4063 1111 4116 Sncr.
1130 4079 1152 4115 c.
1172 4065 1207 4114 24
1225 4081 1252 4130 p.
1273 4069 1307 4116 55
1325 4067 1366 4116 ed.
1380 4065 1444 4116 Elin.
1457 4067 1559 4118 eosdem

244 4145 330 4182 terma
351 4133 497 4196 mmmm
517 4131 614 4182 Atilius
631 4129 835 4183 fortunatianus
877 4135 969 4184 .2oat
992 4140 1018 4184 et
1040 4134 1173 4184 Cumana
1194 4151 1219 4199 p.
1239 4135 1329 4200 290,1
1416 4138 1433 4184 4
1457 4136 1559 4200 prodite

245 4201 325 4265 patria
342 4201 458 4252 editores
475 4199 584 4267 Apnteii
608 4199 725 4267 praedite
742 4199 826 4252 iorrna
844 4150 974 4267 depictus
992 4203 1043 4252 iud.
1062 4205 1123 4253 lect.
1141 4202 1277 4269 ildarbnrp.
1296 4203 1345 4254 tib.
1364 4221 1387 4256 a.
1407 4207 1479 4255 1842
1495 4221 1522 4269 p.
1542 4209 1558 4254 5

310 4271 462 4320 tuerentur
480 4267 536 4326 en
558 4281 679 4320 uersatur
698 4270 722 4319 Α
811 4272 843 4322 12
866 4273 935 4338 agite
958 4271 1040 4338 rapite
1063 4272 1158 4322 volvite
1181 4269 1244 4322 lecte
1261 4285 1345 4334 coma,
1369 4273 1490 4323 'Pracutte
1513 4289 1559 4339 per

245 4351 419 4404 asperasaxn
437 4337 595 4402 athomum,
614 4335 729 4388 Scindite
748 4353 844 4389 vestem
867 4343 939 4391 ocius
959 4339 1110 4392 lltbbeelriua
1128 4349 1195 4407 trop.
1215 4344 1260 4394 let.
1278 4343 1326 4394 rel.
1344 4358 1370 4406 p.
1391 4345 1449 4393 102.
1476 4345 1559 4392 nemim

130 4458 133 4466 ,
246 4407 279 4457 lte
295 4407 363 4474 agite
381 4421 438 4456 earn
456 4407 541 4458 vellite
553 4408 635 4476 rapite
647 4421 730 4466 comn,
748 4407 865 4460 Tractate
883 4425 929 4476 per
940 4423 1032 4476 aspera
1051 4423 1117 4460 saxa
1137 4427 1160 4460 et
1178 4411 1294 4474 humum,
1312 4409 1455 4462 Discindite
1474 4423 1558 4462 vestes

246 4476 314 4527 ocius
333 4489 410 4527 nnnc.
438 4493 588 4544 pamnqnant
606 4493 638 4528 ne
656 4478 812 4544 sicquidem
830 4480 960 4544 dactylica
976 4481 1055 4530 metri
1069 4480 1372 4545 specieacatiaapperet
1438 4483 1469 4532 1³
1488 4482 1558 4530 scin·

244 4545 328 4601 dites
416 4547 449 4595 14
470 4545 655 4601 nlemunems
683 4544 823 4598 alcmenem
841 4546 869 4598 B
896 4547 1027 4598 alcmenen
1047 4549 1071 4598 Α
1161 4549 1193 4600 15
1215 4549 1241 4598 in
1259 4549 1360 4613 syllaba
1378 4549 1471 4606 Atta

246 4615 277 4665 ta
294 4614 388 4665 lierons
406 4611 499 4670 ΑΒς
586 4615 618 4666 21
637 4609 771 4682 superius]
791 4631 871 4682 supra
889 4617 981 4672 Ans
1068 4617 1093 4667 in
1112 4617 1212 4682 syllaba
1230 4617 1321 4674 ΑΒς
1406 4634 1436 4669 eo
1455 4636 1502 4671 oua.
1523 4621 1558 4683 Α,

245 4684 331 4734 addc
346 4683 407 4735 Vni.
488 4681 722 4741 antecedentes
741 4685 907 4736 incendentes
926 4689 950 4737 Α
964 4685 990 4736 Β
1064 4689 1097 4738 32
1117 4703 1165 4754 pau·
1182 4689 1205 4736 ei
1224 4699 1263 4737 eet
1283 4687 1448 4751 Gciafordiue
1467 4688 1557 4754 parteis

245 4753 323 4802 estA
354 4753 447 4820 yraneis
466 4763 506 4802 est
523 4751 550 4802 B
576 4768 625 4820 par
643 4755 681 4804 ais
699 4765 739 4804 est
761 4767 778 4811 ς
805 4769 866 4822 pars
890 4757 945 4806 eins
969 4767 1009 4805 est
1031 4754 1196 4808 Germaniano
1276 4757 1394 4808 sotadius
1415 4757 1468 4813 ne
1486 4771 1558 4807 sotu-

245 4819 301 4872 vlios
319 4823 343 4872 Α
432 4821 526 4872 dicitur
543 4833 567 4872 et
586 4835 626 4874 est
643 4821 702 4873 illue
719 4823 776 4879 Ας
799 4825 893 4875 diciun·
911 4841 936 4876 et
954 4834 994 4875 est
1012 4823 1071 4874 iliae
1089 4825 1122 4878 B.
1150 4842 1249 4876 uernum
1271 4830 1297 4877 iu
1317 4827 1473 4893 sr'apmentr's
1492 4829 1558 4895 Sep-

246 4890 304 4940 timii
321 4891 415 4942 nav-eut
430 4893 518 4959 proserit
540 4890 735 4958 Wervaarlorfim
751 4902 821 4960 poet.
840 4898 885 4945 lut.
903 4897 960 4949 mira.
980 4912 1003 4949 o.
1025 4893 1056 4944 II
1073 4914 1100 4961 p.
1122 4898 1170 4948 aui
