3906 5564
625 336 706 392 aar.
726 303 840 391 euru.
857 337 929 394 Luta.
950 311 1009 392 1'111
1029 339 1052 402 1,
1072 339 1217 392 roa-na
1522 334 1582 400 ibt

286 451 308 496 p.
322 439 382 482 ml.
396 439 410 482 b
423 437 446 483 Ρ.
467 456 479 478 e
1395 449 1417 494 p.
1431 438 1478 482 111.
1493 439 1518 480 tt
1532 435 1558 480 G.

507 584 510 594 .
554 548 652 612 pone
676 547 730 592 me
753 529 875 611 pigris
900 527 963 592 ubi
986 526 1091 590 nulla
1114 529 1273 610 campis,

553 651 603 696 me
626 633 721 714 pigris
744 631 795 695 uhi
819 630 900 696 nulla
922 650 1002 715 pone
1026 633 1155 715 campis:

234 739 238 746 '
260 734 400 800 similiter

333 917 336 923 ¹
571 840 687 904 arbor
710 840 854 903 aestiva
878 850 1082 904 recreetur
1103 837 1250 915 umbra,

234 961 248 1002 a
573 945 684 1007 aestiva
706 951 864 1007 recreetur
887 941 979 1006 arbor
1001 942 1119 1008 umbre.

263 1083 318 1161 uec
341 1081 402 1128 non
425 1063 535 1128 tertius
558 1063 729 1136 uoclraeus,
758 1062 789 1126 id
813 1072 859 1126 eat
881 1061 1014 1137 ultimus,
1039 1062 1043 1148 l
1068 1062 1157 1128 simili
1181 1065 1298 1128 ratione
1325 1064 1585 1138 collocetusean·

263 1167 330 1232 dem
353 1185 460 1232 versus
481 1171 613 1248 speciem
635 1165 783 1251 implebit,
808 1169 887 1230 siem

576 1289 632 1353 ire
656 1287 848 1352 deiectum
872 1298 1112 1353 monumenta
1135 1290 1249 1370 regis,

578 1392 727 1456 deiectum
751 1398 947 1457 monumenta
969 1393 1051 1474 regis
1075 1396 1135 1457 ire:

223 1513 250 1554 ιο
262 1499 334 1562 item

513 1599 517 1610 '
577 1619 688 1664 serua
711 1603 748 1664 in
771 1601 918 1665 coelum
942 1600 1081 1665 redeas
1104 1600 1259 1685 diuque,

577 1707 608 1768 in
631 1705 749 1768 caelum
771 1705 879 1769 redeas
903 1704 1016 1787 diuque
1038 1722 1138 1768 seros:

262 1811 334 1874 item

501 2001 505 2010 ¹
556 1911 674 1976 *laeta
699 1911 794 1995 quod
817 1912 935 1995 pubes
957 1911 1099 1976 hedera
1122 1862 1289 1987 virente,

224 2031 250 2072 rs
400 2061 404 2068 .
578 2017 657 2100 quod
681 2016 779 2099 pubes
802 2015 916 2081 hedera
940 2017 1055 2081 virente
1077 2015 1166 2082 laeta.

262 2151 391 2222 quarum
415 2139 589 2220 specierum
611 2137 742 2220 plurima
765 2137 902 2222 exempla
924 2146 1005 2207 sunt.
1051 2137 1168 2202 aceedit
1193 2139 1241 2202 his
1271 2141 1359 2202 etiarn
1390 2139 1438 2203 illa
1460 2143 1585 2233 ¹species

262 2261 323 2306 non
347 2241 480 2306 absimili
503 2240 709 2305 modulatione
732 2243 907 2325 composita,
933 2252 967 2305 ut
990 2250 1035 2306 cst
1056 2242 1136 2325 apud
1161 2243 1291 2306 eundem

565 2371 652 2426 nota
676 2379 772 2476 quae
794 2362 904 2426 aedes
927 2363 1055 2428 luerat
1078 2362 1279 2437 columbis,

264 2502 301 2548 ex
324 2501 384 2568 qtro
407 2481 692 2566 hendecasyllabos,
715 2482 769 2547 aed
792 2501 853 2548 uon
876 2485 1058 2566 phalaecus,
1081 2485 1259 2568 dymnbltur
1282 2487 1337 2560 ita,

226 2613 252 2654 ro
631 2607 709 2671 quae
731 2587 819 2651 aedes
841 2588 941 2654 iuerat
964 2597 1035 2652 nota
1057 2589 1222 2655 columbis:

263 2701 334 2757 nem
577 2795 649 2861 rlle
672 2795 826 2878 potabis
847 2795 1010 2860 modicis
1032 2795 1230 2870 Sabinum,

575 2899 694 2982 potabis
716 2898 845 2962 modicis
867 2898 923 2962 vile
947 2899 1105 2967 Sabinum.

265 3020 345 3104 quod
368 3038 464 3103 genus
484 3021 515 3083 in
540 3033 616 3083 xxx
639 3031 669 3084 et
691 3019 810 3083 duobus
833 3021 977 3103 exemplis
1000 3033 1154 3106 repertum
1179 3033 1233 3086 est.
1267 3023 1315 3086 hic
1333 3025 1413 3086 enim
1430 3021 1442 3106 ll
1460 3041 1528 3097 non.
1554 3033 1587 3086 ut

228 3144 253 3186 sa
266 3125 295 3188 in
319 3123 537 3207 superioribus,
561 3135 624 3188 tres
646 3125 678 3188 ln
701 3122 806 3188 ultimo
822 3123 958 3196 trochaei
980 3135 1152 3200 nectuntur,
1176 3127 1228 3190 sed
1245 3125 1398 3209 spondeus
1415 3127 1586 3210 pyrrichius

241 3295 244 3300 ,
267 3237 298 3291 et
319 3229 480 3294 trochaeus
502 3226 651 3300 locantur,
674 3228 756 3293 reiut
862 3269 865 3276 -

636 3339 705 3396 nota
728 3350 806 3415 quae
829 3332 917 3396 sedes
940 3332 1038 3398 iuerat
1061 3333 1217 3407 columbis,

267 3436 303 3499 de
327 3453 388 3517 quo
411 3435 557 3499 lormatur

436 3540 437 3543 ’
635 3557 713 3621 quae
736 3540 824 3604 sedes
847 3540 946 3604 luerat
967 3550 1037 3604 nota
1061 3540 1218 3606 columbis.

230 3647 400 3726 aoprimum
423 3661 556 3717 comma,
586 3646 681 3724 ‘quae
709 3645 796 3708 sedes
820 3644 945 3717 iuerat’,
974 3653 1092 3708 constat
1120 3645 1255 3728 spondeo
1284 3655 1429 3730 sequente
1458 3646 1587 3729 dactylo,

219 3729 226 3748 ⁸
267 3755 408 3832 superest
428 3744 539 3830 syllaba
563 3756 624 3810 rat:
655 3747 728 3811 hoio
750 3747 888 3812 adiuncta
913 3769 952 3812 no
981 3750 1079 3832 prima
1109 3753 1263 3832 sequentis
1292 3749 1443 3814 clausulae
1473 3749 1586 3832 syllaba

267 3851 434 3935 spondeum
457 3850 591 3915 medium
615 3849 707 3924 dahlt,
735 3850 843 3915 dehinc
867 3861 895 3914 ta
918 3871 954 3914 co
977 3853 1147 3934 pyrrichius
1170 3873 1206 3918 ex
1231 3863 1359 3936 utraque
1382 3854 1467 3918 brevi
1490 3856 1588 3919 inser·

267 3963 316 4020 tus
338 3959 420 4020 inter
442 3955 609 4038 spondeum
631 3963 662 4017 et
682 3953 858 4018 trochaeum
883 3956 1032 4028 ultimum,
1057 3960 1109 4040 qui
1133 3965 1178 4021 est
1199 3957 1320 4030 lunrbls,
1345 3959 1494 4041 disparem
1518 3975 1587 4040 spe·

268 4061 345 4123 ciem
369 4067 430 4123 tam
453 4057 613 4142 phalaecio,
632 4077 720 4141 quam
745 4059 890 4143 sapphico
914 4069 1010 4122 metro
1034 4059 1182 4142 figurabit.
1222 4080 1291 4126 nam
1315 4080 1383 4126 cum
1408 4071 1438 4124 et
1460 4079 1587 4125 numero

229 4171 299 4227 acet
322 4163 524 4226 modulatione
547 4170 703 4244 congruat,
728 4165 892 4226 mutatione
914 4170 1015 4226 tamen
1037 4163 1149 4246 pedum
1172 4167 1347 4229 innovatum
1371 4176 1426 4230 cst.

338 4373 351 4422 1
371 4363 452 4438 pone]
473 4369 542 4424 Hor.
561 4385 641 4422 cosm.
659 4367 676 4420 1
694 4371 785 4431 22,1⁷
848 4365 972 4439 larbor]
992 4369 1061 4422 Hor.
1080 4387 1158 4425 corne
1177 4371 1195 4425 1
1212 4375 1257 4434 22,
1272 4375 1305 4426 te
1370 4384 1498 4425 recreatur
1515 4381 1589 4428 utro·

270 4457 318 4508 que
334 4443 427 4495 locu
488 4439 612 4491 heodem
632 4454 724 4490 uersus
742 4439 860 4506 impleuit
878 4437 943 4493 ΑΒ
966 4439 1055 4490 endem
1075 4457 1180 4494 uersum
1198 4443 1350 4511 implacita
1414 4439 1499 4508 Sira]
1518 4443 1587 4496 Hor.

269 4507 476 4573 carm.12,15
564 4510 595 4560 11
617 4505 1018 4575 aaerror.aarm.12‚⁴o
1106 4513 1138 4563 14
1160 4512 1226 4563 laeta
1249 4511 1311 4576 quid
1330 4523 1360 4567 sa
1384 4511 1454 4565 Hor.
1474 4511 1588 4564 comi

270 4580 360 4639 23,17
428 4577 521 4629 triremi
540 4579 565 4630 A
579 4577 606 4630 B
623 4579 744 4635 uiantes
819 4581 851 4630 lb
869 4578 932 4642 quid
950 4577 1034 4645 pubes
1052 4578 1147 4630 hedera
1166 4582 1265 4632 uirente
1282 4579 1338 4636 ςΒ
1361 4581 1424 4644 quid
1442 4581 1525 4648 pubes
1543 4581 1589 4633 he-

270 4647 331 4699 desa
350 4647 584 4715 uirentiiamorp.
604 4649 667 4700 add.
685 4647 711 4698 A
801 4648 833 4699 16
851 4649 875 4698 ἃ
893 4646 937 4697 illa
956 4647 980 4698 A
1000 4647 1085 4698 etilla
1103 4649 1158 4706 ςΒ
1241 4651 1272 4702 18
1292 4647 1363 4717 nota]
1384 4649 1455 4703 Hor.
1474 4650 1589 4704 eamd

270 4717 343 4778 t,1o
394 4713 508 4782 terite]
526 4716 596 4772 Hor.
615 4733 695 4769 caran.
713 4715 729 4766 1
748 4717 818 4780 titt
872 4719 904 4768 31
923 4719 1055 4780 sequentis
1068 4717 1199 4770 clausulae
1217 4731 1234 4775 ς
1252 4719 1371 4783 sequenti
1383 4718 1589 4771 clausulaeAB

355 4785 388 4838 82
406 4799 441 4836 ex
457 4795 567 4851 utreque
585 4787 657 4838 breui
675 4799 692 4842 ς
709 4784 767 4836 Vol.
790 4799 822 4835 ex
840 4797 950 4850 utraque
967 4796 1040 4853 pane
1058 4787 1129 4838 breui
1149 4791 1177 4840 Α
1198 4803 1231 4838 ex
1253 4798 1363 4852 utraque
1381 4799 1454 4856 parte
1471 4789 1546 4840 breui
1563 4788 1589 4840 Β

356 4857 389 4907 33
407 4855 474 4906 iuter
491 4855 637 4922 spondeum
656 4853 804 4906 trochaeum
823 4857 847 4906 Α
861 4855 887 4906 Β
910 4855 975 4907 inter
993 4855 1139 4923 spondeum
1158 4857 1199 4908 uel
1216 4857 1365 4909 trochaeum
1384 4871 1402 4914 ς
1475 4861 1511 4911 at
1529 4875 1590 4910 num

271 4937 329 4973 caru
347 4922 403 4978 ςΒ
425 4939 485 4975 nam
503 4939 563 4976 eum
582 4927 616 4978 Δ.
637 4925 753 4988 sortasse
773 4939 831 4974 num
850 4927 970 4989 quamvis
1041 4941 1164 4995 daumero
1185 4930 1209 4978 Α
1280 4925 1589 4994 etramen1ccmum÷
