3874 5556
687 387 736 438 un
759 369 923 442 murnum
948 391 1119 442 sarmenta
1143 389 1276 440 nunnus
1587 373 1652 438 319

306 560 560 650 mutationibus
584 564 621 628 de
644 565 749 630 blauro
769 565 954 633 Terentiano
978 539 1157 648 Lem'qorlae
1179 586 1206 630 a.
1233 561 1315 629 1797
1340 575 1370 628 et
1392 565 1431 628 de
1453 565 1511 628 vita
1534 564 1650 628 Teren·

323 667 398 730 tlaui
420 666 462 729 ib,
487 686 513 730 a.
539 665 622 732 1808
646 669 751 744 editis,
781 671 950 756 exquibus
979 669 1126 754 quaedam
1151 671 1302 754 excerpsit
1323 669 1560 739 biudvemanuns.
1607 669 1649 730 ei·

324 769 392 833 dem
410 769 506 834 debeo
523 773 657 836 notitiam
674 792 839 856 paucarum
856 779 1112 850 coniecturarum,
1130 793 1205 858 quas
1221 773 1342 837 licinius
1358 772 1488 853 margini
1505 767 1650 835 editionis

323 873 587 939 Sanctaudreanae
615 875 830 959 adscripscrat.
878 876 1005 942 nimium
1034 880 1195 942 Santouius
1230 877 1336 939 tribuit
1368 876 1547 958 quibusdam
1577 891 1649 937 con·

323 977 448 1056 lecturis
474 975 612 1051 Patulcii,
642 999 716 1062 quas
738 980 861 1059 Lagona
890 1001 960 1044 cum
990 1000 1049 1045 nou
1079 982 1170 1044 nullis
1200 983 1263 1044 suis
1276 981 1480 1044 coniecturis
1512 979 1547 1040 ad
1580 995 1648 1040 eum

324 1081 462 1152 miserat,
485 1089 647 1162 propterea
671 1083 752 1164 quod
776 1085 806 1146 in
831 1085 879 1147 his
902 1087 1011 1148 ueteris
1035 1083 1148 1147 codicis
1171 1104 1188 1147 a
1211 1079 1344 1147 Patricio
1367 1081 1496 1145 adhibiti
1519 1081 1649 1150 mentio·
1757 1101 1765 1110 ·

323 1203 394 1248 uem
415 1185 527 1248 iactam
542 1184 708 1250 inuenerat.
755 1205 853 1270 neque
878 1185 960 1250 eninr
976 1186 1108 1250 dubitari
1131 1195 1232 1269 potest
1259 1183 1331 1266 quin
1356 1205 1390 1249 ea
1413 1187 1514 1250 omnia
1538 1183 1648 1267 parlim
1676 1253 1680 1260 ,

270 1357 276 1370 ,
322 1284 405 1351 iilius
428 1285 603 1353 coniectura
625 1291 756 1364 inuenta,
781 1291 889 1372 partlm
914 1310 950 1354 ex
973 1291 1105 1370 antiquis
1128 1286 1313 1352 editionibus
1336 1293 1430 1370 petita
1453 1293 1530 1352 sint.

408 1391 442 1454 ln
466 1410 541 1455 nova
565 1392 697 1456 editione
721 1403 753 1456 ut
775 1413 870 1477 pauca
894 1391 1082 1458 emendanda
1097 1393 1345 1475 relinquerentur
1367 1391 1534 1474 praeclaris
1549 1389 1646 1455 Lach-

307 1496 425 1562 mauni
446 1495 554 1558 studiis
574 1496 720 1560 ellectum
744 1507 800 1560 cst.
846 1515 945 1578 neque
961 1514 1017 1578 ego
1034 1496 1135 1560 denuo
1160 1495 1269 1558 edendi
1285 1492 1463 1558 i'erentiani
1486 1495 1647 1559 consilium

322 1600 486 1680 cepissem,
517 1601 576 1662 nisi
598 1589 678 1664 luter
700 1599 833 1684 reliquos
857 1603 930 1666 artis
953 1603 1098 1666 metricae
1122 1601 1288 1680 scriptores
1311 1599 1392 1662 huuc
1415 1617 1505 1680 aegre
1529 1597 1648 1661 desido-

321 1703 384 1764 rarl
406 1702 560 1767 uidissem.
606 1705 707 1787 itaque
729 1703 913 1768 Lacluuauui
941 1705 1107 1769 editionem
1130 1704 1172 1765 ita
1195 1699 1318 1767 se'eutns
1340 1721 1423 1774 sum,
1456 1711 1489 1765 ut
1513 1702 1648 1784 exceptis

322 1823 382 1868 nou
411 1805 503 1870 nullis
532 1806 685 1880 uersibus,
715 1807 747 1870 in
776 1808 888 1890 quihus
911 1809 948 1872 ab
973 1810 1038 1872 elus
1060 1808 1212 1888 scriptura
1241 1804 1448 1870 recedendum
1473 1823 1539 1868 esse
1562 1804 1645 1868 ride·

322 1908 424 1981 batur,
455 1909 545 1997 yerba
575 1911 619 1972 sie
647 1921 681 1973 ut
709 1909 747 1974 ab
776 1907 827 1972 lllo
856 1912 934 1974 edila
964 1921 1049 1974 eraut
1078 1918 1251 1992 repeterem
1282 1911 1379 1991 iisque
1410 1904 1644 1991 discrepantiam

313 2014 467 2096 principis
482 2010 863 2077 editionisabaclrmanno
874 2014 1046 2078 adnotatam
1060 2013 1256 2096 adponerem.
1281 2011 1528 2094 orthographiam
1544 2020 1645 2074 tamen
1700 2059 1701 2064 η
1790 2022 1798 2029 ’

320 2116 545 2188 uocabulorum,
568 2117 599 2178 iu
623 2135 683 2198 quo
699 2135 811 2196 genere
828 2117 1039 2181 Lachmaunus
1062 2119 1211 2199 principis
1236 2115 1377 2182 editionis
1393 2118 1575 2196 scripturam
1598 2115 1646 2177 uel

284 2229 289 2238 ‘
318 2216 350 2282 iu
374 2219 447 2298 ipsis
475 2217 616 2282 versibus
639 2229 830 2300 expresserat
852 2219 897 2282 rel
920 2223 952 2282 in
975 2219 1169 2284 adnotatione
1198 2219 1400 2291 iudicaverat,
1435 2221 1556 2302 saepius
1579 2237 1646 2282 mu·
1738 2223 1743 2232 '

321 2319 382 2385 tari
404 2339 505 2404 neque
527 2323 638 2385 veteris
661 2321 843 2406 exemplaris
865 2326 1028 2400 rationem,
1052 2325 1232 2406 praesertim
1250 2341 1319 2386 cum
1343 2320 1393 2385 illa
1416 2341 1477 2386 uon
1501 2341 1517 2385 e
1541 2321 1646 2385 codice
1686 2307 1691 2314 ⁸

320 2433 494 2507 propagata,
523 2423 577 2488 sed
601 2423 728 2488 editoris
757 2425 883 2490 consilio
907 2427 981 2490 inita
1004 2438 1098 2500 esset,
1130 2425 1245 2508 ubique
1268 2427 1434 2489 memoriae
1458 2425 1645 2509 prodendam

320 2547 387 2592 esso
409 2519 588 2592 existimari.
634 2529 764 2612 denique
791 2540 825 2594 ut
847 2538 1013 2602 constaret,
1042 2550 1058 2592 a
1086 2549 1147 2614 quo
1175 2526 1309 2613 quidque
1340 2528 1532 2593 emendatum
1556 2539 1645 2600 esset,

320 2635 440 2696 nomina
470 2651 575 2696 eorum
605 2631 713 2715 quihus
734 2633 892 2696 emendata
916 2637 1068 2715 scriptura
1092 2632 1219 2696 debetur
1244 2632 1400 2715 adscripsi.
1447 2634 1477 2695 in
1501 2650 1562 2714 quo
1585 2650 1644 2694 uon

281 2777 285 2783 -
319 2736 415 2809 nulla,
439 2755 516 2819 quae
539 2737 569 2799 in
593 2738 725 2819 antiquis
747 2734 971 2817 exemplaribus
988 2746 1125 2800 correcta
1148 2738 1249 2800 inreul
1266 2754 1365 2819 neque
1389 2755 1404 2798 a
1429 2753 1488 2817 quo
1511 2737 1643 2817 primum

319 2841 359 2903 ita
384 2843 497 2922 scripta
521 2849 624 2903 essent
639 2838 810 2911 constabat,
835 2841 989 2903 communi
1013 2841 1100 2920 siguo
1115 2859 1135 2912 ς
1151 2841 1324 2922 significavi.
1371 2858 1407 2902 ex
1430 2835 1557 2920 reliquis
1581 2836 1644 2901 edi·

319 2955 418 3008 torum
448 2941 493 3005 uel
524 2943 684 3006 doctorum
714 2945 850 3006 uirorum
880 2945 1079 3014 coniecturis,
1110 2963 1187 3026 quae
1215 2941 1247 3006 in
1280 2952 1394 3006 textum
1418 2952 1560 3024 receptae
1582 2960 1645 3004 uon

318 3055 404 3120 sunt,
428 3065 479 3111 eas
501 3065 578 3128 quae
595 3057 719 3130 propter
736 3046 867 3129 aliquam
891 3065 1012 3111 causam
1035 3047 1250 3112 memorabiles
1266 3066 1333 3110 csse
1349 3045 1537 3124 ‚ridebantur
1560 3063 1642 3108 cour·

318 3153 491 3222 memorari.
537 3171 606 3216 uam
623 3153 725 3215 omnia
740 3171 820 3234 quae
844 3150 915 3214 olim
938 3152 1002 3215 siue
1019 3151 1147 3214 consilio
1171 3160 1202 3214 et
1224 3153 1388 3215 rationein
1413 3151 1470 3214 hoc
1493 3150 1644 3230 scriptore
1733 3213 1736 3218 Δ

318 3264 462 3338 temptata
483 3264 555 3318 sunt
577 3255 713 3318 indicare
737 3265 766 3317 et
790 3273 952 3338 operosum
977 3263 1008 3318 et
1030 3255 1136 3318 inutile
1165 3265 1240 3318 erat.
1287 3264 1317 3318 et
1339 3274 1375 3318 ex
1398 3253 1447 3316 his
1469 3252 1543 3335 ipsis
1566 3271 1643 3334 quae

318 3360 558 3422 commemoravi
581 3357 674 3422 multa
698 3359 796 3422 omitti
819 3367 976 3438 poterant,
998 3361 1061 3422 uisi
1084 3358 1233 3440 vulgatam
1257 3357 1328 3421 olim
1353 3367 1383 3420 et
1406 3357 1508 3419 ruultis
1531 3355 1641 3438 proba·

318 3471 376 3525 tam
400 3465 579 3546 scripturam
605 3464 722 3524 novisse
746 3480 836 3544 saepe
860 3461 933 3524 utile
957 3455 1070 3526 esset.¹
1301 3471 1303 3476 ’

403 3567 446 3630 lle
474 3567 548 3648 ipsis
570 3565 744 3628 Terentiani
771 3563 858 3628 libris
886 3583 982 3648 panea
1013 3564 1119 3628 dicam.
1167 3573 1229 3628 tres
1257 3566 1349 3645 igitur
1380 3563 1474 3627 libros
1497 3571 1563 3646 post
1586 3563 1640 3627 hli-

318 3669 443 3752 cpllum,
473 3658 557 3731 cuirrs
585 3667 677 3732 rerba
707 3671 924 3750 supraposui,
954 3667 1089 3730 distinxit
1113 3668 1326 3732 Lachmaunus
1350 3687 1462 3752 eosque
1487 3686 1586 3749 neque
1608 3663 1641 3729 in
1704 3731 1707 3736 ,
1747 3711 1753 3724 .

319 3776 406 3838 utrius
429 3775 531 3856 operis
555 3774 784 3836 continuitatem
808 3785 876 3855 apte
900 3775 1078 3835 coniunctos
1106 3790 1206 3854 neque
1229 3774 1312 3834 omui
1335 3789 1372 3834 ex
1397 3781 1483 3852 parte
1506 3772 1641 3849 integros

318 3877 363 3940 rei
385 3877 423 3940 ab
445 3878 512 3960 ipso
535 3885 658 3939 auctore
681 3874 833 3939 absolutos
857 3893 924 3938 esse
948 3874 1053 3938 docuit
1075 3877 1106 3937 in
1130 3875 1316 3957 praelatione
1340 3895 1367 3956 p.
1385 3873 1450 3938 Vlll
1472 3891 1541 3954 sqq.
1566 3871 1641 3936 uhe-

319 3981 380 4044 rius
408 3981 447 4043 de
475 3977 583 4043 iisdem
614 3978 777 4062 disputant
806 3976 1012 4061 Westphalius
1040 3980 1070 4040 in
1103 3976 1181 4041 libro
1211 3978 1247 4040 de
1277 3989 1343 4040 arto
1373 3978 1497 4040 metrica
1522 3994 1547 4037 v.
1573 3975 1586 4038 l
1609 3995 1639 4058 p.
1740 4041 1743 4047 ,

320 4079 380 4146 139
403 4103 468 4167 sqq.
514 4082 623 4144 horum
646 4082 781 4145 rationes
803 4091 928 4144 secutus
950 4101 1038 4144 suum
1063 4085 1173 4163 cuique
1196 4080 1276 4143 libro
1299 4081 1344 4144 rel
1369 4081 1495 4143 carmini
1520 4076 1640 4142 titulum

317 4187 514 4268 praescripsi,
540 4203 721 4268 quamquam
746 4183 903 4248 titulorum
926 4185 1050 4269 quidem
1074 4186 1250 4248 memoriam
1274 4186 1422 4247 incertam
1446 4203 1513 4246 esse
1534 4184 1638 4266 scio.*)

385 4395 414 4458 l)
433 4393 464 4444 ln
483 4393 603 4462 principe
621 4393 734 4444 editione
753 4393 888 4459 inscriptio
903 4393 1019 4444 universi
1039 4393 1126 4459 operis
1147 4393 1234 4460 posita
1252 4404 1291 4444 est
1304 4389 1364 4455 bis',
1384 4393 1409 4442 iu
1429 4393 1514 4459 prima
1532 4388 1639 4459 pagiua,

318 4481 385 4530 sicot
407 4495 489 4546 supra
512 4479 639 4540 indicari,
666 4477 836 4530 Terentianus
858 4480 890 4530 de
909 4481 1003 4530 litteris
1020 4479 1129 4544 opilabis
1153 4487 1180 4531 et
1197 4481 1285 4532 metris
1304 4479 1419 4536 Horatii,
1440 4487 1465 4527 et
1483 4487 1545 4544 post
1563 4493 1640 4544 prae·

318 4565 440 4617 lationem
464 4577 524 4617 aute
546 4581 570 4621 v.
589 4567 633 4631 86,
656 4565 806 4617 Terentium·
824 4563 915 4615 Μαιινι·
932 4567 965 4616 de
982 4567 1077 4616 litteris
1094 4566 1209 4631 opilabis·
1223 4573 1249 4617 et
1266 4567 1354 4616 metris
1372 4565 1409 4615 nd
1422 4565 1503 4627 fllium
1520 4575 1547 4615 et
1563 4579 1640 4630 pene·
1700 4571 1708 4579 '

317 4668 371 4704 curn
388 4651 463 4704 tiber.
499 4651 592 4704 deiude
610 4662 670 4704 ante
688 4669 714 4702 r.
735 4649 802 4702 1580
820 4645 991 4717 inscriptione
1009 4653 1042 4701 cle
1060 4655 1149 4703 metris
1167 4652 1267 4716 reliquo
1280 4667 1341 4719 pars
1361 4651 1419 4702 libri
1438 4650 1539 4702 uidetur
1556 4651 1640 4716 signi-

315 4736 390 4790 ilcata
408 4753 476 4790 esse.
513 4753 574 4790 uam
586 4737 612 4788 iu
631 4737 763 4805 prioribus
776 4736 893 4802 partibus
907 4750 975 4799 qnae
987 4739 1150 4804 praescripta
1162 4753 1235 4796 surrr,
1248 4738 1282 4790 nd
1295 4739 1428 4788 materiem
1442 4736 1556 4804 siugulis
1576 4737 1640 4788 locis

317 4833 451 4878 tractatam
468 4826 620 4892 pertinent..
641 4824 689 4876 sed
707 4838 740 4873 ex
758 4822 800 4874 his
820 4823 939 4872 omuibus
959 4823 1021 4886 quid
1040 4839 1054 4872 e
1073 4825 1162 4874 codice
1181 4837 1326 4891 receptum,
1345 4824 1408 4889 quid
1426 4823 1458 4874 ab
1477 4823 1576 4876 editore
1594 4824 1640 4876 ad·

316 4909 401 4963 ditum
427 4911 462 4962 sit
481 4925 530 4963 non
554 4924 663 4966 constat.
700 4913 759 4976 ipse
776 4907 948 4959 Terentianus
974 4921 1060 4962 autem
1079 4911 1244 4988 delseeundo
1263 4909 1328 4961 libro
1348 4909 1410 4962 haec
1429 4909 1519 4964 scribit
1537 4927 1561 4965 v.
1580 4913 1638 4972 279,
