3866 5562
590 395 714 446 svaran
737 377 855 447 couu.'
874 397 912 446 55
935 397 1056 447 uersu
1080 398 1233 446 555555.
1251 395 1316 444 5-5
1548 381 1614 448 555

290 497 315 534 a.
328 481 419 524 anot-r
432 481 457 524 5.
878 495 886 506 =
1144 481 1150 488 ⁴
1431 495 1455 535 p.
1470 483 1516 526 are.
1530 485 1569 526 ars
1583 484 1610 542 o,

375 574 525 652 asperia
549 575 769 636 commentario
792 572 928 637 Terentii
950 575 1006 645 sle,
1029 574 1139 637 ‘llosoe
1163 592 1269 636 versus
1291 591 1382 652 agere
1406 574 1569 653 coepisseta

443 679 547 740 itane
581 677 714 758 patris,
739 677 793 738 ais
825 678 1026 741 adrentum
1057 675 1228 763 veritam
1259 676 1348 739 hino
1381 677 1527 741 abiisse
1567 675 1610 738 55

1086 835 1090 840 .
1245 779 1405 850 domum;

288 889 319 942 et
342 880 487 962 deinceps
510 883 562 964 qui
584 892 730 947 secuntur
754 883 916 964 quadrati!
937 887 942 957 1
1159 872 1163 878 ’

264 995 276 1036 5
377 983 541 1052 Diomedes
563 987 618 1065 sio,
642 975 867 1068 ‘septenarium
891 1003 1012 1048 versum
1035 985 1130 1049 liarro
1152 987 1219 1050 lieri
1243 986 1319 1049 dicit
1341 985 1399 1048 hoc
1422 985 1520 1061 modo,
1544 1003 1612 1048 cum

288 1085 325 1148 ad
350 1087 516 1152 iambicum
540 1087 712 1171 trisyllabus
735 1107 789 1171 pes
813 1089 941 1160 additur,
967 1091 1052 1152 55155
1075 1089 1144 1160 5515,

441 1192 513 1272 quid
537 1191 883 1262 1555555551155555555,
908 1190 981 1274 quid
1005 1191 1122 1254 invides
1145 1193 1270 1255 amieisi

287 1293 394 1356 similis
419 1294 449 1356 in
473 1294 618 1357 Terentio
643 1312 747 1358 versus
772 1304 826 1364 est,

443 1415 522 1460 nam
547 1401 578 1460 si
601 1399 798 1461 remittent
821 1400 1014 1481 quippiam
1039 1396 1290 1462 Philumenae
1314 1396 1482 1465 dolores:
1525 1473 1529 1480 .

163 1581 164 1584 Ἴ
253 1493 320 1560 1555
343 1500 375 1560 in
398 1499 504 1564 Plauto
527 1503 649 1582 saepius
673 1501 748 1564 tales
765 1497 992 1583 'reperiuntut’.

377 1601 473 1672 Varro
504 1603 542 1666 de
567 1603 675 1684 lingua
700 1602 790 1666 latina
819 1604 855 1666 ad
884 1601 1076 1668 Marcellum
1088 1587 1147 1675 sic,
1179 1603 1324 1676 ‘Quare'
1316 1621 1347 1665 tn
1376 1604 1502 1666 huiusce
1533 1603 1614 1665 modi

287 1703 361 1768 locis
384 1708 456 1786 poni
480 1715 599 1787 oportet
623 1715 723 1770 555555
748 1707 760 1768 1
785 1717 987 1770 transversam
1012 1708 1091 1769 inter
1119 1705 1260 1788 syllabas,
1290 1707 1479 1788 frequentius
1501 1705 1537 1768 55
1562 1726 1612 1768 55·
1638 1709 1647 1726 '

286 1805 447 1891 1555555511
466 1827 584 1872 rersutn
610 1811 763 1872 senarium
787 1819 819 1873 el
841 1779 978 1881 similes,
996 1812 1021 1872 si
1046 1827 1101 1892 pro
1125 1809 1213 1889 longa
1238 1809 1360 1873 brevem
1385 1808 1540 1872 habebunt
1563 1829 1614 1871 55

288 1918 426 1981 tremam,
450 1921 482 1975 ut
504 1913 535 1974 in
561 1911 628 1993 hor,

250 2023 273 2064 ¹⁵
443 2016 584 2098 amiens
608 2033 771 2079 summus
793 2035 899 2080 meus
918 1977 957 2078 et
979 2015 1180 2097 popularis
1203 2015 1318 2080 Geta?

375 2093 528 2179 Charisius
551 2119 605 2188 sic,
630 2118 857 2200 ‘Septenanium
883 2136 1002 2182 rersum
1027 2119 1093 2181 lieri
1116 2119 1188 2181 dicit
1204 2117 1298 2180 Varro
1321 2117 1612 2202 155555555155555

286 2217 323 2280 ad
346 2219 510 2282 iambicum
532 2218 708 2302 trisyllabus
730 2241 784 2303 pes
807 2220 936 2293 additur,
962 2223 1047 2285 55115
1070 2220 1138 2291 tale,

441 2323 514 2404 quid
538 2323 760 2387 inmerentihus
783 2341 884 2396 oooes,
909 2323 980 2403 quid
1005 2324 1122 2388 invides
1145 2325 1270 2388 amicisi

286 2425 446 2490 similleio
470 2424 616 2490 Terentio
638 2445 745 2490 versus
769 2436 823 2499 est,
898 2475 900 2478 -

246 2539 284 2582 2⁰.
393 2547 395 2552 ·
441 2547 523 2592 nam
545 2531 576 2591 sl
600 2532 805 2593 remittent
827 2531 1019 2613 quippiam
1043 2529 1493 2600 Philumenaedolores:

286 2639 317 2692 55
338 2633 370 2694 55
395 2629 500 2696 Plauto
523 2637 646 2714 saepius
670 2616 746 2696 tales
769 2637 988 2715 reperiuntur'.
1448 2651 1461 2660 ·

367 2733 486 2798 llassus
509 2734 546 2798 ad
563 2735 716 2800 Neronem
740 2738 778 2799 de
794 2737 925 2800 iambico
949 2739 992 2799 sic
1008 2737 1090 2808 dicit,
1115 2737 1277 2800 ‘lambiens
1293 2746 1403 2809 autem,
1428 2757 1495 2802 oum
1518 2737 1612 2819 pedes

287 2837 378 2900 etiam
394 2835 540 2930 ¹dactylici
562 2841 685 2919 generis,
706 2831 852 2910 adsum'at,
884 2839 994 2903 desinit
1017 2840 1164 2904 iambicus
1189 2839 1299 2912 rideri,
1330 2841 1387 2902 nisi
1416 2841 1612 2922 percussione

286 2935 326 3004 lt'a
343 2941 557 3011 moderareris,
582 2951 624 3013 ut,
643 2961 711 3006 cum
728 2941 836 3022 pedem
852 2940 1025 3024 supplodas,
1049 2942 1183 3006 iambum
1200 2944 1310 3013 leriam
1333 2943 1463 3026 ideoque
1479 2942 1528 3007 illa
1545 2943 1610 3006 loca

247 3053 274 3094 ²³
288 3046 496 3125 percussionis
520 3063 579 3107 oon
604 3046 757 3128 recipiunt
779 3047 869 3109 alium
895 3065 983 3128 qttam
1014 3046 1147 3108 iambum
1179 3057 1209 3109 55
1232 3049 1259 3109 55
1287 3035 1392 3129 parem
1424 3046 1611 3128 tribrachyn,

286 3154 337 3208 aut
359 3145 483 3210 alterius
506 3146 704 3211 exhibuerint
727 3150 816 3211 ntelri
839 3151 981 3231 speciem.
1028 3149 1107 3232 quod
1136 3150 1206 3240 dico
1235 3149 1374 3232 exemplo
1404 3149 1511 3212 faciam
1543 3149 1611 3211 illu·

287 3252 393 3313 stritus.
437 3259 485 3314 est
506 3253 535 3313 in
561 3251 706 3316 Eunucho
729 3252 867 3316 Terentii
896 3255 995 3368 statim
1018 3254 1049 3315 55
1074 3257 1171 3336 prima
1202 3254 1309 3334 pagina
1341 3251 1391 3314 iric
1423 3271 1526 3315 versus
1557 3255 1611 3314 tri·

290 3508 418 3516 ..—---—-
427 3507 494 3516 -0--0

359 3579 375 3628 6
393 3575 532 3627 Diomedes
552 3577 590 3628 sie
607 3595 633 3644 p.
653 3581 713 3634 566,
733 3583 766 3629 14
785 3579 868 3631 Dione.
887 3581 948 3638 515,
974 3583 991 3631 3
1113 3581 1129 3630 'l
1148 3579 1210 3642 quid
1229 3578 1415 3630 inmerentibus
1436 3577 1512 3633 Caes.
1532 3577 1611 3629 Bane.

290 3663 350 3726 266,
370 3661 403 3712 10
440 3721 443 3724 ,
475 3663 506 3713 16
524 3661 659 3714 Charisius
678 3665 717 3714 sio
734 3681 761 3730 p.
780 3669 841 3730 566,
861 3668 895 3715 il

293 3800 416 3808 ..nn-...a-

356 3899 858 3971 5155555]Τ555551.Ρ15555.112,1
930 3907 1137 3973 555515ς5555
1158 3903 1234 3957 ABR
1287 3905 1401 3956 -abiisse
1420 3904 1548 3955 Pablsse
1566 3905 1611 3960 Ας

288 3985 374 4092 abisse
392 4039 419 4092 B
436 4003 593 4092 ltabiiesell
662 4041 696 4092 ad
715 4041 819 4091 domum
841 4039 1065 4093 ABIiPdomum
1085 4055 1102 4099 ς
1121 4043 1262 4094 admodum
1285 4042 1421 4094 Terentius
1507 4023 1610 4104 lqnne

287 4137 466 4189 sequuturae
509 4147 512 4154 ·
558 4125 758 4178 6551555555
778 4120 808 4192 ss
881 4125 1019 4196 85551115]
1043 4129 1160 4180 similiter
1179 4127 1273 4184 ABlie
1377 4128 1481 4186 95555]
1505 4125 1610 4177 Terent.

287 4211 555 4278 115555111511
625 4213 790 4268 remittente
874 4215 905 4265 10
923 4228 1038 4280 saepae
1121 4217 1153 4266 12
1171 4215 1181 4263 l
1200 4225 1377 4266 transuersam
1395 4209 1611 4263 1115555555-

288 4312 393 4348 uersum
405 4296 449 4354 Be
521 4300 553 4350 13
571 4296 737 4350 hahebaotli
807 4309 949 4349 extremam
963 4313 1041 4355 5555
1113 4297 1606 4367 1555551555]555555.1’155555.11,1

357 4385 388 4435 17
406 4382 573 4435 adlambunt
591 4395 624 4440 ς-
713 4384 816 4437 additur
839 4397 864 4434 et
886 4383 915 4435 flt
932 4385 983 4436 tale
1002 4411 1034 4422 -
1052 4387 1085 4436 tt
1110 4386 1273 4453 reperiuntur
1291 4383 1341 4436 All
1364 4382 1469 4434 additur
1488 4393 1515 4433 ut
1533 4399 1607 4449 prae·

286 4467 367 4520 latum
385 4481 425 4520 est
442 4467 486 4525 Be
564 4467 852 4538 25355555]55551555
871 4469 941 4527 aaa
959 4472 1091 4523 basiusll
1161 4471 1193 4521 de
1211 4471 1321 4521 iambico
1341 4480 1357 4523 s
1375 4469 1408 4519 da
1425 4469 1511 4519 iontbo
1532 4467 1608 4521 ΑΒΗ

337 4551 441 4657 1555151515
457 4607 550 4673 priore
569 4607 668 4659 155511
742 4609 776 4660 23
795 4608 920 4659 iambicus
941 4595 1023 4659 uideri
1041 4620 1059 4665 ς
1077 4609 1178 4658 iambos
1198 4607 1279 4657 uideri
1299 4605 1376 4658 ABR
1446 4608 1480 4657 tt
1498 4605 1608 4672 supplo-

286 4691 327 4744 dis
347 4705 372 4750 ς.
399 4709 435 4744 an
453 4692 617 4760 supplodas?
690 4693 827 4744 iambicum
848 4693 924 4744 lenias
945 4691 1040 4750 Anne
1127 4695 1164 4756 55
1179 4709 1257 4757 qnam
1277 4693 1390 4742 iambum
1410 4705 1426 4748 ς
1445 4707 1522 4755 quam
1542 4691 1606 4741 iam·

286 4777 370 4827 bicum
391 4778 468 4831 ABR
538 4776 638 4847 parem]
658 4780 792 4846 partemii
861 4777 1017 4830 tribrachum
1037 4781 1239 4832 5555.-155.1
1259 4778 1441 4829 tribrnclrimll
1511 4779 1545 4828 te
1563 4788 1607 4830 aut

286 4915 309 4966 si
327 4915 431 4968 alterius
450 4931 466 4974 ς
537 4865 741 4985 555515555ἁ555551
761 4921 785 4970 Α
856 4919 889 4969 at
908 4914 1032 4985 Terentii]
1052 4928 1134 4969 terent
1152 4919 1179 4969 t‘n
1197 4917 1276 4968 litura
1294 4916 1309 4968 i
1327 4917 1353 4967 in
1371 4917 1501 4982 praesenti
1521 4928 1537 4970 ς

1271 4997 1275 5002 ’
1341 5000 1398 5054 36*
