3858 5560
736 349 786 402 ne
805 348 945 402 uenere
964 349 1100 406 noenu.
1515 346 1575 416 181

252 545 338 624 nigro
361 541 523 606 simulacra
547 541 648 611 inmo,
678 541 736 604 ode
759 539 836 604 xvlt
864 546 1099 624 per⁸memores
1126 557 1224 621 genus
1247 557 1352 604 omnes
1370 540 1488 623 samoe,
1519 539 1575 604 ode

251 647 318 712 Xlll
342 665 395 710 seu
419 643 538 710 facilem
562 649 612 728 pia
636 653 711 708 testa
734 662 883 716 somnum.
908 644 966 708 ode
990 643 1083 708 xxiii
1106 646 1192 725 leuge
1215 643 1289 708 laris
1305 643 1449 728 avidaque
1473 663 1574 727 perca,

198 799 204 814 .
251 749 308 812 ode
330 747 422 814 xxti
445 748 585 811 barbiton
609 747 658 811 hic
688 751 787 830 paries
818 748 957 820 hebebit,
988 747 1045 810 ode
1075 747 1204 812 XXVllll
1229 765 1333 828 presse
1362 751 1422 812 tuis
1452 746 1576 812 balanus

251 853 375 937 capillis.
420 851 499 916 libro
523 861 631 934 quarto
655 852 712 914 ode
736 851 813 916 Vllll
839 850 929 914 rerba
951 851 1058 931 loquar
1081 851 1222 914 socianda
1247 850 1306 922 eh..
1337 851 1394 916 ode
1416 851 1496 916 illlll
1519 871 1575 935 per

223 957 353 1021 otitulos
376 975 587 1039 memoresque
610 956 660 1026 la..
685 955 743 1018 ode
765 954 816 1018 XV
840 955 903 1018 vela
927 953 1031 1017 darem
1055 963 1105 1018 tua
1129 955 1240 1018 Caesar
1261 965 1352 1018 aetas.

338 1061 379 1124 lle
397 1057 689 1142 beccedecaspllabls
705 1057 859 1140 sapphicis
882 1058 937 1128 vel,
962 1067 994 1120 ut
1017 1058 1137 1140 quidam
1154 1059 1266 1134 volnm,
1291 1061 1503 1142 antispasticis.
1526 1080 1574 1124 re·

250 1166 324 1248 cipit
335 1164 428 1247 pedes
441 1165 573 1247 primurn
591 1161 771 1245 spondeum,
794 1160 962 1226 seeundum
980 1169 1011 1224 ct
1027 1162 1148 1226 tertium
1166 1173 1197 1226 ει
1212 1171 1354 1245 quartum
1370 1162 1572 1237 choriambos.

249 1270 386 1352 quintum
417 1261 606 1351 disyllabum.
652 1265 731 1329 libro
759 1257 874 1346 primo'
895 1264 952 1328 ode
981 1265 1020 1329 xl
1056 1273 1088 1327 tu
1118 1284 1155 1328 ne
1184 1268 1351 1348 quaesieris
1368 1269 1458 1331 ·scire
1487 1269 1574 1332 nelac

250 1389 338 1452 quem
363 1371 436 1435 milri
466 1389 557 1451 quem
580 1368 651 1440 tibi,
691 1369 749 1432 ode
778 1367 871 1432 xvsst
900 1366 1011 1431 nullam
1041 1367 1118 1432 l'are
1147 1388 1231 1434 sacra
1261 1371 1318 1433 rite
1346 1374 1431 1452 prius
1459 1373 1574 1435 severis

211 1495 236 1536 ro
249 1475 401 1538 arborem.
447 1475 526 1538 libre
550 1473 603 1538 llll
627 1473 684 1538 ode
707 1471 747 1536 Xl
770 1491 788 1536 o
812 1472 943 1554 crudelis
958 1469 1056 1536 adhuc
1073 1483 1103 1538 et
1118 1475 1243 1538 Veneris
1259 1473 1437 1538 muneribus
1452 1483 1570 1558 potens.

247 1579 394 1644 hactenus
417 1577 454 1641 de
477 1575 785 1660 hoccedeoesyllabie:
809 1575 886 1640 ultra
910 1578 991 1640 enim
1015 1595 1088 1640 neus
1111 1595 1171 1640 non
1195 1587 1251 1641 est.

334 1681 418 1746 Libri
443 1682 453 1746 Ι
476 1679 533 1746 ode
558 1680 678 1746 xxviii

393 1797 427 1849 te
451 1786 565 1850 merie
588 1793 624 1848 ει
647 1794 773 1848 terreo
795 1803 1034 1865 numeroque
1057 1787 1231 1850 carentis
1254 1786 1430 1850 harenae.

248 1891 364 1974 primus
379 1908 484 1956 versus
499 1891 693 1954 hexametrus
717 1888 870 1968 legitimus
893 1887 1016 1961 herous.
1039 1887 1230 1972 subsequens
1245 1888 1344 1952 colum
1362 1897 1570 1954 tetrametrum

209 1994 367 2076 uepicum
389 1991 608 2058 catalecticum.
654 1990 745 2055 habet
768 1993 849 2054 enim
872 1999 1015 2072 quattuor
1035 1993 1130 2074 pedes
1153 1994 1203 2064 ita,

322 2155 324 2158 ,
590 2113 801 2160 mensorem
825 2095 1032 2177 prohibent
1054 2096 1228 2178 Archyta.

139 2277 144 2290 ι
246 2201 326 2264 idem
350 2211 383 2265 ιιι
405 2217 496 2284 supre
520 2201 578 2263 ode
608 2199 673 2263 VII

401 2302 613 2367 laudabunt
636 2302 701 2364 alii
724 2302 865 2367 claram
896 2301 1056 2366 Rhodon
1080 2311 1143 2366 ant
1165 2303 1379 2385 Mitylenen

404 2415 466 2471 aut
489 2405 664 2487 Epheson
689 2406 896 2470 bimarisve
920 2407 1110 2472 Corinthi:

207 2533 234 2574 eo
248 2516 320 2586 item
345 2520 376 2574 et
398 2510 468 2574 libri
491 2509 610 2592 epodon
634 2510 692 2574 ode
714 2509 780 2572 Xlll

377 2613 468 2694 quid
493 2611 563 2676 tibi
587 2613 656 2684 vis.
681 2613 822 2678 mulier
845 2615 969 2694 nigris
998 2614 1225 2696 dignissima
1249 2615 1396 2680 barris?

337 2760 342 2770 -
376 2736 531 2781 munera
555 2717 642 2800 quid
667 2717 757 2780 mihi
780 2717 918 2800 quidve
942 2716 1118 2782 tabellae.

333 2821 423 2885 libro
445 2829 544 2886 aetem
568 2821 702 2884 secundo
732 2840 841 2885 novum
870 2827 1016 2900 metrum,
1046 2820 1076 2884 id
1107 2829 1152 2884 est
1180 2823 1217 2886 de
1246 2840 1308 2903 qno
1330 2824 1465 2888 nondum
1489 2825 1567 2907 apud

244 2927 402 2990 lloratiem
425 2933 583 2990 tractatum
608 2933 663 2998 eet.
687 2925 745 2988 ode
768 2925 854 2989 xvtl.
886 2923 942 2988 hoc
966 2933 1091 2988 vocatur
1119 2925 1305 2990 trochaicum
1336 2927 1514 3009 proedicum
1539 2937 1568 2992 et

205 3051 232 3093 u
245 3033 304 3094 erit
325 3030 486 3094 dimetrum
506 3028 718 3104 ,catalecticum
741 3031 790 3101 ita,

622 3150 714 3220 ‚non
739 3132 833 3196 ebur
855 3151 977 3214 neque
1000 3149 1171 3203 eureum;

244 3235 433 3319 subsequens
456 3239 625 3301 trimetrum
648 3237 811 3300 iambicum
833 3235 1041 3302 catalecticum
1064 3238 1116 3306 sic.

588 3359 664 3404 mea
687 3339 840 3404 renidet
862 3343 900 3404 in
923 3341 1028 3404 domo
1051 3339 1222 3412 lacunar,

245 3463 306 3526 qrto
329 3441 423 3508 semel
444 3463 515 3507 usus
538 3451 594 3508 est.

206 3567 232 3608 eo
330 3547 423 3612 Libro
446 3556 546 3610 ειιιειιι
571 3549 659 3611 tertio
682 3555 777 3612 metra
801 3550 897 3612 lerme
926 3550 1026 3612 omnia
1054 3559 1107 3613 aut
1134 3550 1244 3613 aloaica
1269 3560 1320 3614 aut
1347 3551 1491 3635 sapphica
1515 3563 1567 3616 aut

244 3651 433 3734 asclepiadea
455 3653 600 3722 invenies.
626 3651 682 3714 nisi
711 3651 791 3732 qued
815 3653 873 3714 ode
895 3652 949 3716 Xll
972 3653 1071 3716 ionico
1095 3645 1162 3716 ἀπὸ
1186 3647 1375 3731 ἐλάσσονος
1397 3659 1563 3739 composita

244 3763 356 3828 estut

312 3966 346 4016 23
364 3961 444 4016 Libro
463 3973 548 4014 eutem
567 3962 682 4014 seetrnde
698 3981 727 4030 p.
746 3966 805 4031 168,
822 3965 854 4014 16
924 3967 958 4018 ³0
977 3963 1054 4016 Libro
1073 3979 1158 4016 eutem
1178 3967 1254 4017 tertio
1273 3983 1300 4034 p.
1318 3970 1404 4032 1de

313 4138 429 4190 lieetoe
447 4139 534 4190 on.A
609 4135 776 4200 beonnam}
795 4145 820 4186 et
839 4139 984 4188 omnemA
1057 4139 1073 4188 6
1095 4139 1249 4205 ιιιιιερειιιίε
1270 4141 1294 4190 Α
1365 4139 1564 4192 ‘lohoriemboe

243 4225 261 4260 e
277 4209 337 4260 Vct.
354 4207 532 4259 choriambum
552 4205 577 4258 A
647 4205 663 4257 8
684 4203 732 4256 ede
750 4203 798 4270 Xl]
823 4205 871 4256 ode
890 4206 915 4258 X
935 4207 969 4258 A.
997 4214 1024 4258 et
1042 4209 1163 4258 decimum
1185 4225 1297 4270 coroner,
1321 4208 1431 4260 blereuri
1455 4209 1565 4262 loerrnde

245 4291 325 4344 nepee
346 4277 467 4335 htlentis.
486 4283 512 4328 et
529 4275 710 4334 duodeciacum,
734 4289 811 4337 qoem
831 4275 913 4324 virum
932 4286 977 4326 eut
1001 4279 1078 4328 heroe
1098 4277 1153 4342 lyce
1172 4277 1210 4328 vel
1229 4279 1292 4342 acri,
1316 4279 1369 4328 ruia
1391 4283 1503 4330 numeris
1526 4283 1564 4331 in·

241 4349 343 4413 scripta
359 4355 419 4398 runt
437 4351 463 4397 tn
480 4343 614 4412 eopphiet'r
632 4351 658 4395 et
676 4347 702 4394 lo
721 4344 836 4395 dimetrie
854 4346 935 4410 epiris
999 4343 1097 4411 eone]
1120 4347 1187 4396 nitee
1208 4349 1231 4397 A
1303 4349 1334 4398 10
1353 4346 1395 4402 lib,
1415 4347 1436 4396 ll
1459 4348 1507 4398 ode
1527 4349 1563 4400 Xl

243 4415 388 4466 oerudelia
408 4417 441 4467 A.
461 4415 617 4466 tredecimum
635 4429 738 4464 carmen
756 4412 816 4463 ttbrt
834 4416 929 4480 quarti,
949 4429 988 4464 est
1010 4414 1072 4464 mihi
1092 4430 1187 4464 tronum
1212 4415 1360 4481 superantis
1383 4429 1490 4479 aurnum,
1512 4435 1563 4483 pro

243 4487 340 4538 decimo
363 4491 520 4536 meretum
541 4491 601 4534 εναι
623 4484 648 4532 in
666 4482 800 4548 sapphicis
815 4499 844 4548 p.
866 4485 923 4542 175,
941 4487 974 4534 28
995 4489 1020 4534 et
1044 4485 1070 4534 ιἰι
1091 4485 1207 4535 dimetrie
1225 4485 1305 4547 epiris
1320 4501 1348 4550 p.
1368 4487 1427 4543 176,
1442 4487 1477 4536 ld

246 4557 276 4606 12
296 4554 345 4606 ede
363 4547 488 4618 xxviii]
508 4554 556 4604 ode
575 4551 698 4604 xxvlltt
719 4553 759 4602 A:
781 4551 817 4615 cs.
836 4569 863 4616 p.
884 4554 940 4610 178,
955 4555 987 4602 12
1010 4553 1083 4601 cuius
1103 4553 1248 4619 exemplum
1269 4563 1308 4602 est
1332 4553 1380 4603 ode
1405 4553 1514 4605 xxt'ttt
1540 4569 1563 4606 te

244 4626 392 4691 mnrierpq.
449 4623 480 4674 lb
497 4621 671 4672 catalecticum
692 4621 715 4672 A
734 4620 900 4670 acatalectum
920 4620 1011 4671 aVul.
1064 4623 1095 4672 le
1114 4620 1420 4673 urelrlteleudabnntelii
1439 4627 1474 4675 A.
1495 4625 1561 4674 idem

244 4703 373 4761 utsupra,
385 4707 451 4760 pune
464 4693 548 4744 alieno
559 4693 617 4744 leco
628 4693 729 4758 scripte
741 4696 816 4740 erant
827 4697 889 4756 poet
901 4691 934 4740 22
948 4689 1061 4748 labellos,
1075 4691 1123 4742 huc
1135 4692 1286 4757 transposui
1334 4693 1365 4743 te
1378 4691 1522 4743 chorintum
1537 4697 1562 4744 A

310 4789 346 4840 co
363 4757 493 4850 callim
513 4788 535 4838 A
555 4787 603 4836 oue
622 4787 693 4838 xun
712 4784 774 4848 quta
797 4784 856 4836 Vn.
933 4787 965 4834 ee
985 4785 1090 4835 ntnttas
1111 4785 1177 4836 nem
1199 4797 1225 4836 n
1248 4801 1329 4854 supra
1348 4786 1412 4837 nom
1431 4799 1515 4838 aurem
1537 4791 1561 4841 A

310 4860 345 4908 '23
368 4857 395 4907 iti
413 4851 465 4916 eet]
489 4855 557 4906 idem
577 4857 601 4907 A
625 4855 667 4908 ide
689 4855 749 4908 Vnt.
820 4855 853 4904 et
877 4853 925 4904 ode
943 4851 1029 4920 XVll]
1054 4855 1088 4919 cs.
1105 4871 1132 4920 p.
1153 4858 1210 4919 175,
1224 4858 1258 4906 21
1330 4857 1517 4923 proepodicnm
1536 4861 1562 4911 A

311 4927 346 4977 et
363 4925 501 4976 dimetrum
519 4924 669 4976 catalectum
689 4925 713 4976 A
732 4923 871 4974 dimetrum
890 4924 1056 4974 acatalectnm
1075 4941 1091 4975 a
1108 4926 1166 4976 Vol.
1237 4927 1271 4976 2⁷
1290 4925 1427 4976 iambicum
1447 4943 1494 4981 one.
1507 4929 1532 4980 A
