3874 5556
125 363 133 372 ’
200 351 230 420 ,’
296 343 300 348 ’
372 359 488 431 3224
689 335 729 424 ’.
932 305 1228 432 manamaur·

371 561 432 622 lioc
452 565 543 633 essct,
567 560 660 620 etiam
681 561 713 620 in
737 557 896 638 otspttoots
911 575 975 638 pro
989 558 1109 622 anolus
1127 512 1423 640 luoem'tlelmeroa
1446 561 1531 637 quad
1547 577 1696 638 nusquam

372 663 550 724 invenimus.
596 663 718 723 litterae
732 665 811 724 enim
828 671 972 724 naturam
986 665 1109 726 sanari
1122 671 1152 724 et
1166 666 1197 725 in
1209 663 1407 742 polysyllabis
1427 667 1575 726 conuertit.
1620 680 1696 745 quae

193 751 196 754 ¹
219 751 221 754 ⁵
259 776 261 782 '
372 767 513 846 quoniam
533 763 565 830 in
589 765 629 826 iis
651 783 727 845 quae
751 765 788 827 de
811 765 862 826 leia
883 767 1064 846 pronomine
1093 766 1207 848 scripta
1230 775 1302 829 sunt
1325 773 1355 828 r.
1371 762 1453 830 1655
1469 785 1535 848 sqq.
1558 785 1621 829 non
1644 784 1694 828 ex·

274 921 275 924 ,
372 875 488 940 tarent,
510 866 723 932 Lachmannus
745 870 842 949 prael.
867 887 897 950 p.
922 869 962 932 lli
986 887 1024 930 ex
1047 868 1187 934 uersibus
1211 877 1280 949 post
1303 887 1328 931 r.
1355 866 1438 932 1335
1460 873 1580 933 omissis
1603 870 1694 950 petita
1769 913 1771 917 -

175 979 194 1018 ’-
297 1053 301 1058 ¹
371 989 438 1036 esse
466 973 604 1034 coniecit.
651 989 755 1034 rerum
780 981 879 1036 tamen
909 982 939 1036 et
961 971 1099 1055 exemplo
1123 993 1139 1036 a
1163 972 1268 1036 Seruio
1290 975 1389 1053 posito
1419 991 1492 1036 usus
1515 983 1560 1035 est
1582 973 1694 1036 Teren·
1882 1055 1884 1058 Ι

372 1076 472 1138 tianus
494 1092 521 1136 r.
553 1070 634 1138 1667
657 1083 687 1136 et
709 1075 747 1138 de
776 1087 884 1138 natura
917 1095 932 1138 c
960 1075 1079 1140 litterae
1107 1075 1158 1138 illo
1186 1075 1253 1139 loco
1276 1094 1310 1138 ea
1335 1077 1507 1157 praecepit,
1537 1095 1613 1158 quae
1642 1074 1693 1140 ills
1797 1077 1799 1080 ’

283 1249 287 1256 ,
370 1198 429 1242 nou
454 1196 581 1260 prorsus
604 1186 746 1242 accurate
769 1179 889 1242 loeutus
912 1181 940 1242 ei
962 1178 1080 1242 tribuit.
1126 1186 1241 1243 restant
1263 1178 1322 1240 duo
1344 1176 1404 1240 loci
1429 1195 1556 1258 qaorum
1580 1197 1692 1242 memo-

370 1287 415 1346 ria
442 1285 472 1345 in
496 1282 532 1344 iis
555 1299 632 1363 quae
657 1301 736 1346 nunc
761 1283 890 1364 legimus
913 1302 974 1346 non
997 1293 1151 1365 superest,
1175 1282 1249 1344 ilar.
1267 1283 1380 1344 Victor.
1403 1297 1432 1361 p.
1458 1278 1510 1352 83,
1525 1277 1567 1345 et
1590 1299 1693 1360 quom·

369 1403 460 1463 qnam
485 1386 699 1456 Terentianus,
729 1403 789 1448 non
812 1390 1019 1466 paenitendus
1046 1391 1126 1449 inter
1153 1395 1268 1450 ceteros
1297 1388 1375 1448 ortis
1402 1387 1547 1449 metricae
1576 1395 1691 1462 auctor,

369 1491 477 1554 sedulo
510 1489 708 1567 refrenetur:
741 1508 813 1554 nam
847 1486 1022 1554 secundam
1049 1493 1151 1554 sedem
1180 1494 1212 1552 in
1246 1490 1403 1552 trochaico
1436 1505 1528 1552 uersu
1561 1492 1694 1551 trimetro

370 1597 542 1656 acatalecto
569 1597 649 1656 uelut
676 1598 842 1671 lepitimum
870 1596 972 1656 iambo
1001 1597 1148 1671 adsipnat
1176 1612 1242 1675 sqq.
1273 1601 1303 1654 et
1325 1592 1411 1656 Sere.
1442 1594 1473 1656 in
1503 1592 1590 1672 Verg.
1613 1596 1691 1656 vien.

363 1689 434 1758 'Vlll
457 1692 499 1758 96
528 1699 658 1760 ostendit
685 1699 764 1760 odeo
779 1701 981 1777 perspicuam
1005 1699 1106 1775 fuisse
1134 1705 1279 1758 nolueram
1298 1699 1450 1773 fluminis,
1474 1703 1508 1758 ut
1529 1699 1561 1758 in
1583 1713 1618 1758 eo
1640 1713 1692 1776 op

367 1808 516 1875 parerent
539 1804 686 1877 imnpines
708 1819 880 1878 neruoram,
906 1819 987 1879 quas
1003 1801 1159 1865 Troianae
1173 1817 1269 1863 naues
1290 1801 1445 1862 secabant.
1495 1799 1694 1862 Terentianus

247 1902 250 1909 '
326 1882 333 1890 ’
369 1904 502 1966 ‘elatura
517 1907 561 1968 sic
575 1912 619 1969 cst
630 1907 775 1982 fluminis,
806 1907 845 1967 Vt
865 1905 968 1968 obuias
982 1908 1132 1982 imapines
1146 1905 1291 1981 Receptet
1313 1905 1345 1963 in
1367 1905 1465 1966 lacem
1483 1904 1595 1966 suam’.
1610 1901 1690 1986 Used

369 2025 406 2099 ex
431 2007 479 2069 his
508 2006 581 2070 illud
610 2006 689 2087 quod
713 2007 827 2071 ilarius
851 2005 1023 2071 Victorinus
1047 2009 1136 2080 dicit,
1167 2007 1385 2070 Terentianum
1408 2007 1438 2068 in
1463 2005 1617 2070 trochaico
1638 2009 1690 2068 tri-

265 2159 273 2168 .
370 2118 467 2187 aratro
490 2109 653 2174 acatalecto
669 2109 832 2175 secundam
848 2111 951 2174 sedem
975 2109 1076 2174 iambo
1099 2110 1288 2190 adsignasse,
1313 2127 1374 2189 qua
1389 2111 1543 2191 pertineat
1570 2110 1691 2172 omuino

369 2231 430 2274 non
453 2212 641 2293 intellegitur
664 2232 763 2295 neque
786 2221 925 2276 accurrate
943 2235 959 2277 a
975 2215 1173 2295 grammatico
1197 2213 1316 2276 uidetur
1340 2211 1468 2275 relatum
1493 2231 1571 2278 esse.
1623 2231 1691 2276 uam

106 2319 109 2324 ⁴
146 2344 167 2389 ,·
254 2371 255 2374 ,
369 2315 593 2388 catalecticum,
624 2336 685 2380 non
714 2318 910 2382 acatalecturu
940 2320 1112 2380 trimetrum
1144 2317 1330 2380 trochaicum
1355 2333 1372 2378 e
1394 2315 1527 2378 iambico
1556 2317 1692 2381 trimetro
1753 2385 1755 2388 ¹

256 2459 260 2466 ·
306 2493 308 2496 ¹
354 2418 494 2482 ¹ductum
518 2422 620 2500 posuit
642 2440 667 2483 v.
682 2416 768 2482 2419
791 2440 857 2503 sqq.
881 2440 980 2504 neque
1005 2437 1132 2503 usquam
1156 2419 1289 2482 iambum
1313 2437 1372 2500 pro
1394 2419 1537 2482 trochaeo
1562 2420 1692 2500 positum

369 2541 435 2585 esse
460 2520 545 2586 dixit.
591 2530 710 2604 poterat
732 2523 833 2587 autem
857 2526 921 2587 eius
944 2525 1096 2606 opinionis
1118 2526 1304 2586 mentionem
1328 2523 1428 2584 lacere
1452 2525 1484 2584 iu
1507 2530 1606 2584 metro
1632 2521 1691 2584 llo·

369 2627 439 2688 retii
463 2627 605 2689 carminis
621 2623 685 2698 18,
701 2617 751 2690 'ita
774 2635 807 2689 ut
830 2627 959 2690 alteram
983 2629 1046 2691 eius
1064 2628 1152 2690 metri
1170 2625 1274 2697 calon,
1299 2625 1379 2706 quod
1404 2643 1440 2688 ox
1464 2625 1565 2688 tribus
1594 2624 1692 2688 chori·

286 2749 289 2754 ·
369 2730 468 2792 ambis
490 2739 521 2793 et
543 2729 733 2792 antibacchio
755 2731 955 2813 compositum
979 2749 1046 2794 esse
1070 2728 1231 2794 uoluerunt
1253 2731 1385 2800 metrici,
1415 2747 1432 2790 e
1459 2727 1615 2791 trochaico
1637 2729 1690 2790 tri·

262 2837 263 2840 ’
369 2843 467 2896 metro
496 2833 656 2896 derivaret.
702 2843 765 2896 tres
795 2851 899 2896 versus
927 2853 943 2896 a
967 2835 1072 2897 Servio
1096 2833 1201 2896 citatos
1223 2840 1292 2914 post
1313 2852 1341 2894 r.
1364 2829 1448 2896 2451
1475 2849 1531 2913 pro
1554 2831 1691 2912 exernplo

369 2936 490 3000 dimetri
518 2936 639 3000 iambici
670 2939 785 3018 positos
812 2938 907 3033 luisse
934 2939 1064 3000 consiscit
1087 2935 1292 3018 Westphalius
1314 2935 1334 3000 l.
1360 2956 1386 2999 a.
1412 2955 1442 3018 p.
1468 2931 1539 2997 149.
1585 2951 1691 3016 quam·

369 3059 458 3122 quam
487 3059 561 3103 uum
584 3038 627 3102 ilii
655 3059 760 3103 versus
788 3061 824 3104 ex
854 3042 911 3103 lmc
934 3040 1015 3103 libro
1044 3043 1130 3122 petiti
1153 3042 1213 3102 sint
1242 3047 1271 3101 et
1298 3057 1372 3125 num
1401 3048 1485 3101 recte
1508 3037 1690 3101 Terentiano

368 3141 541 3206 tribuantur
564 3161 691 3224 prorsus
715 3147 864 3208 incertum
888 3155 943 3208 est.
971 3188 974 3192 -

368 3351 467 3431 patius
488 3350 692 3430 tphunmus,
717 3367 808 3430 quem
830 3352 879 3413 ille
903 3360 1024 3415 secutas
1053 3359 1112 3422 est,
1141 3351 1269 3432 plurima
1294 3348 1467 3429 descripsit,
1498 3364 1585 3427 quae,
1609 3351 1689 3411 sieut

370 3451 556 3533 reliquorum
584 3455 851 3534 grammaticorum
881 3455 953 3526 loci,
983 3456 1013 3517 in
1043 3455 1179 3536 stargina
1203 3453 1343 3517 editionis
1365 3451 1497 3516 indicata
1520 3461 1600 3514 suut.
1644 3471 1691 3514 se·

368 3558 500 3618 cundum
529 3565 629 3621 antem
658 3556 769 3620 lituum
798 3558 834 3620 de
851 3557 985 3640 'syllabis
1015 3578 1031 3621 a
1056 3559 1210 3648 Victorino
1237 3565 1416 3646 usurpatum
1446 3573 1507 3618 non
1538 3573 1604 3618 esse
1626 3557 1691 3618 ani·

368 3658 527 3722 maduertit
556 3659 778 3725 Laclunannus.
824 3663 904 3724 aride
935 3665 1075 3724 conicere
1104 3681 1264 3743 passumus
1294 3679 1364 3723 eum
1392 3659 1567 3722 Terentiani
1596 3656 1690 3722 libros

367 3761 501 3824 nondum
525 3781 562 3825 eo
585 3764 692 3826 ordine
716 3783 776 3844 quo
800 3784 881 3828 nurrc
897 3774 968 3828 sum
991 3765 1151 3845 dispositos
1167 3764 1319 3828 habuisse.
1362 3763 1546 3842 Augustinus
1561 3781 1690 3847 quoque,

367 3867 418 3947 qui
443 3864 537 3928 semel
560 3870 659 3946 primo
683 3863 778 3940 libra,
803 3871 925 3951 saepius
949 3868 1038 3930 tertio
1061 3887 1133 3930 usus
1157 3878 1217 3940 est,
1242 3888 1278 3931 ex
1301 3867 1435 3931 secundo
1451 3866 1526 3928 nihil
1551 3865 1686 3947 protulit.

259 3975 263 3978 ’
368 3989 405 4032 ex
434 3971 525 4032 tertio
554 3969 632 4032 libro
661 3973 753 4053 petita
783 3981 852 4034 sunt
875 3990 952 4054 quae
976 3969 1112 4052 pluribus
1142 3973 1216 4036 locis
1239 3971 1318 4052 apud
1344 3969 1518 4032 Diomedem
1535 3965 1714 4051 leguntur.¹

346 4082 398 4156 ‚et
420 4073 452 4135 hi
475 4073 597 4164 quidem
615 4067 821 4155 'antiquissimi
845 4084 984 4137 auctores
1007 4082 1090 4146 sunt,
1123 4077 1175 4155 qui
1199 4075 1375 4138 Terentiaoi
1399 4075 1586 4136 mentionem
1610 4075 1690 4136 iece-

367 4184 448 4238 runt.
495 4175 605 4238 deinde
628 4178 764 4249 Servius,
789 4176 967 4248 Cledonius,
992 4177 1187 4249 Consentius,
1212 4179 1392 4261 Pompeius,
1415 4175 1535 4240 Mallius
1550 4176 1691 4239 Theodo-

241 4349 253 4374 ι
366 4297 434 4350 rus,
465 4277 590 4343 lluiinus
620 4290 650 4344 et
678 4289 747 4362 post
776 4279 831 4344 has
859 4279 908 4342 alii
937 4280 1091 4344 inferioris
1121 4284 1210 4344 etiam
1240 4283 1346 4345 aetatis
1369 4281 1557 4360 grammatici
1585 4277 1692 4340 velex
1801 4341 1806 4349 ,

365 4379 464 4444 tribus
498 4381 587 4445 libris
621 4382 666 4444 vel
702 4401 737 4444 ex
772 4381 900 4463 singulis
936 4403 1041 4446 uersus
1075 4385 1221 4467 quosdam
1265 4384 1503 4463 adscripserunt.
1549 4382 1691 4445 Sidonius

196 4493 200 4500 “
286 4512 289 4517 ·
365 4483 547 4566 Apollinaris
576 4505 668 4549 carm.
693 4483 722 4556 9,
746 4483 808 4549 261
840 4490 1013 4549 varietatem
1042 4497 1208 4551 metrorum
1239 4488 1413 4567 significans
1441 4484 1479 4547 de
1507 4485 1574 4566 ipso
1603 4494 1691 4566 poeta
1807 4513 1809 4520 ·

365 4587 441 4650 dixit
461 4591 517 4651 scel
538 4605 595 4653 nec
616 4595 793 4652 centimeter
818 4591 1027 4654 Terentianus.
1074 4592 1247 4654 Priscianus
1263 4599 1361 4652 autem
1378 4599 1439 4651 tres
1462 4587 1557 4650 libros
1580 4587 1687 4662 titulis,

365 4709 441 4772 quos
468 4707 559 4774 supra
583 4713 612 4774 p.
634 4689 700 4756 320
721 4693 822 4773 posui,
852 4693 1010 4756 distinctos
1039 4693 1122 4774 legit.
1169 4703 1322 4775 postremo
1347 4695 1371 4756 is
1394 4693 1444 4773 qui
1462 4691 1690 4773 explanationes

367 4797 399 4856 in
422 4794 572 4860 Donatum
607 4797 637 4858 in
672 4805 779 4878 quarta
818 4795 970 4860 volumine
1009 4799 1274 4878 grammaticorum
1309 4795 1405 4860 editas
1438 4796 1560 4878 scripsit
1595 4813 1692 4859 unum

345 4895 544 4966 ,Terentiani
573 4917 649 4980 opus
677 4899 798 4973 habuit,
829 4919 898 4964 cum
922 4902 1011 4982 primi
1039 4901 1112 4965 libri
1141 4921 1260 4964 uersum
1283 4897 1325 4964 85
1344 4902 1515 4982 citaretp.
1537 4895 1612 4972 tat,
1639 4896 1689 4972 11,
