3866 5562
686 321 1208 410 an'r.e1rau.c1u.111eo-1rs
1296 331 1297 336 ’
1406 323 1417 331 ”
1531 343 1594 436 491

273 447 425 496 namt

272 537 409 616 exceptis
424 532 525 598 tribus
546 533 737 605 nominibus,
756 532 882 616 pulcher
898 533 1017 598 Orchus
1033 533 1155 602 lurcbo:
1173 553 1305 616 nequeo
1324 535 1421 597 littera
1439 546 1510 598 ante
1526 554 1545 598 ο
1563 537 1593 598 iu

273 637 435 700 latinorum
453 635 616 700 verborum
640 641 738 719 prima
762 655 893 719 persona
917 640 1087 718 reperitur;
1111 637 1163 700 sed
1188 636 1254 699 illae
1280 645 1340 700 tres
1364 639 1496 712 vocales,
1521 657 1595 719 quas

272 750 343 816 ante
366 739 474 812 docui,
505 741 614 817 eiu,
638 758 693 802 nec
716 759 731 800 a
756 757 811 801 nec
835 759 862 800 ο.
910 759 978 802 nam
1009 739 1089 820 quod
1114 736 1237 801 Plautus
1250 745 1360 818 'pontit
1384 741 1457 811 boo,
1488 760 1596 822 graece

197 889 214 914 .
272 845 386 924 posuit.
410 841 482 923 βοῶ
504 839 606 925 βοᾷς,
632 841 712 904 unde
735 841 887 904 derivatur
904 841 1008 903 reboo.
1054 860 1124 904 uam
1148 839 1272 904 latinum
1297 841 1421 904 veritum
1445 865 1462 905 ο
1485 853 1555 906 ante
1578 865 1596 906 ο

246 944 389 1008 ababens
418 962 567 1024 nusquam
599 946 732 1026 repperi.
778 945 886 1007 tertiae
908 963 987 1006 nero
1018 951 1175 1027 correptae
1206 944 1295 1006 rerba
1321 945 1359 1007 bo
1383 951 1543 1009 terminata
1568 950 1597 1010 ri

273 1049 398 1120 lacient,
430 1039 518 1111 traho
549 1045 639 1120 rehu,
669 1049 745 1110 traxi
774 1049 850 1110 rexi.
896 1045 949 1108 ko:
982 1065 1041 1110 non
1066 1049 1217 1110 inremun-
1248 1048 1372 1111 rerbum
1400 1047 1456 1111 lrac
1485 1047 1604 1132 syllaba,
1673 1099 1680 1112 ,

274 1154 484 1221 terminatum,
516 1149 747 1213 rationabiliter.
768 1147 774 1234 l
795 1168 862 1214 nam
887 1149 905 1212 ιι
930 1150 1028 1214 littera
1054 1169 1114 1213 non
1137 1149 1283 1214 scribitur
1306 1153 1362 1216 nisi
1387 1163 1456 1215 ante
1480 1173 1495 1216 a
1519 1152 1597 1226 litte·

235 1285 240 1292 ·
272 1273 336 1318 ram
366 1257 398 1316 in
421 1253 581 1336 principiis
606 1254 760 1316 nominum
785 1253 830 1315 rol
856 1253 1034 1321 verborum,
1059 1273 1129 1316 cum
1154 1257 1308 1336 sequentis
1332 1254 1463 1340 syllabae
1488 1273 1597 1321 coneo·

275 1377 349 1422 nans
380 1359 565 1440 principium
597 1359 651 1427 sit,
683 1357 761 1418 sicut
789 1361 820 1418 in
851 1357 996 1420 institutis
1015 1355 1152 1427 artium,
1182 1357 1240 1418 boc
1264 1367 1309 1419 est
1332 1362 1362 1420 in
1386 1359 1484 1439 primo
1508 1359 1597 1430 libro,

235 1481 260 1522 ιο
274 1463 454 1530 monstrari.
482 1459 635 1523 ilamenae
665 1458 812 1522 kalendae
841 1457 928 1538 baleo
952 1459 1059 1529 karen,
1090 1471 1120 1521 et
1141 1461 1228 1539 siqua
1250 1459 1330 1521 talia.
1377 1459 1405 1520 lo
1433 1463 1548 1542 primae
1572 1463 1597 1522 si
1680 1533 1685 1544 ι

273 1566 332 1627 sint
354 1565 589 1644 coniugationis,
613 1562 670 1625 lati
694 1563 821 1632 iaciant,
847 1559 911 1624 celo
934 1559 1044 1630 celari;
1070 1563 1177 1624 tertiae
1202 1580 1271 1625 rere
1287 1573 1445 1644 correptae
1469 1574 1521 1626 ant
1543 1563 1597 1634 lul,

274 1677 307 1730 ut
329 1663 444 1730 excello
466 1664 608 1737 excellui,
640 1663 756 1734 eutii..
780 1673 813 1727 ιιι
836 1663 908 1728 tollo
930 1663 1073 1736 sustollo,
1098 1663 1154 1728 tuli
1177 1665 1284 1728 sustuli
1309 1662 1433 1747 [sustuli
1454 1666 1491 1728 de
1516 1677 1598 1730 utro·

244 1821 248 1828 .
274 1789 333 1852 que
363 1767 457 1833 verbo
488 1771 590 1832 recita
615 1785 685 1830 nam
718 1767 773 1830 tuli
800 1767 838 1830 ab
861 1787 898 1831 eo
921 1767 999 1850 quod
1023 1777 1069 1829 est
1085 1768 1165 1853 ,lero
1189 1766 1243 1830 tuli
1267 1768 1363 1849 lacit].
1411 1787 1459 1830 mo
1483 1772 1598 1849 primae

275 1873 495 1955 coniunctionis
523 1881 574 1935 aut
597 1873 676 1934 mari
699 1872 788 1941 iacit,
820 1879 853 1932 ut
875 1889 942 1934 amo
965 1869 1076 1942 clamo,
1108 1873 1204 1933 amari
1227 1869 1366 1942 clamari,
1391 1885 1441 1936 aur
1465 1875 1543 1945 nrui,
1569 1884 1600 1935 ιιι

219 2001 263 2040 -ra
278 1978 368 2040 domo
397 1975 515 2051 domui,
551 1975 658 2038 Cicero
690 1973 888 2036 ‘domuisti
917 1977 1089 2053 gentes';
1124 1975 1231 2035 tertiae
1260 1993 1331 2037 uero
1361 1985 1519 2056 correptae
1550 1987 1601 2039 aut

222 2066 227 2072 ’
276 2082 338 2163 psi,
363 2087 396 2142 ut
417 2097 504 2142 sumo
527 2077 656 2158 sumpsi,
680 2086 731 2138 aut
754 2077 832 2152 mai,
856 2085 889 2137 ut
905 2085 1002 2140 tremo
1018 2078 1138 2139 tremui.
1185 2096 1232 2139 ιιο
1246 2079 1362 2159 primae
1380 2070 1601 2159 eortiugationis

205 2223 207 2226 .
276 2185 344 2246 nari
367 2183 455 2253 lacit,
479 2175 554 2244 sano
576 2179 695 2252 sanari;
719 2181 826 2242 tertiae
844 2197 913 2241 vero
930 2188 1089 2260 correptae
1113 2182 1160 2251 ni,
1185 2179 1237 2241 sed
1261 2183 1291 2242 in
1315 2181 1463 2262 principio
1488 2179 1602 2264 syllaba

251 2287 412 2358 ··adiecta,
446 2303 523 2347 cauo
547 2284 663 2358 cecini,
692 2291 743 2345 aut
766 2283 809 2358 vi,
834 2267 867 2345 ut
890 2284 956 2346 sino
979 2301 1086 2354 cerno.
1111 2283 1164 2345 siri
1189 2287 1282 2346 crevi.
1329 2301 1367 2364 po
1391 2269 1507 2365 primae
1530 2303 1602 2348 cou-

277 2389 439 2469 iugationie
456 2391 523 2470 pari
540 2387 629 2456 lacit,
653 2395 687 2447 ut
702 2389 783 2467 stipo
797 2387 918 2467 stipari,
943 2387 1049 2448 tertiae
1066 2403 1136 2448 vero
1160 2396 1318 2469 correptae
1335 2391 1374 2468 pi,
1401 2391 1602 2469 rumpo‘rupi.
1626 2411 1629 2418 ·

238 2511 263 2558 aa
279 2511 312 2574 q:
336 2491 412 2553 baec
433 2489 534 2553 littera
558 2488 628 2550 ideo
651 2506 710 2550 non
735 2490 887 2550 invenitur
911 2505 1022 2568 regens
1045 2487 1187 2568 verbum,
1217 2493 1357 2571 quoniam
1388 2489 1500 2553 nullam
1524 2491 1601 2553 litte·

278 2614 341 2658 ram
358 2593 538 2656 antecedere
555 2599 655 2672 potest
671 2593 763 2653 nisio
788 2601 816 2652 et
838 2589 970 2674 aliquam
987 2591 1120 2654 vocalem
1145 2611 1212 2655 cum
1237 2612 1272 2656 ea
1295 2590 1492 2656 antecedente
1516 2593 1602 2656 iunc-

278 2693 349 2760 tam.
384 2696 589 2777 undesrrpra,
613 2713 683 2757 cum
706 2693 743 2755 de
767 2691 918 2757 vocalibus
935 2694 1187 2758 antecedentibus
1202 2715 1222 2759 o
1238 2695 1369 2759 litteram
1392 2705 1603 2767 tractaremus,

280 2803 437 2883 posuimus
467 2798 605 2880 relinquo
634 2795 781 2878 relinquis
809 2796 929 2879 reliqui.
976 2817 1010 2860 ro
1037 2801 1162 2878 primae*
1186 2801 1406 2879 coniurationis
1435 2802 1498 2862 rari
1523 2799 1603 2868 iacit.

280 2923 335 2966 oro
357 2903 456 2971 orari;
481 2903 589 2965 tertiae
614 2919 684 2964 vero
700 2908 859 2981 correptae
883 2910 934 2964 eut
957 2900 1001 2982 riR
1022 2910 1054 2963 ut
1077 2904 1243 2973 seroneti,
1265 2910 1317 2964 aut
1339 2904 1408 2980 siri,
1434 2913 1466 2964 ut
1489 2920 1604 2982 quaero

144 2991 147 2996 ’
245 3009 434 3088 esquaesiri,
464 3015 515 3067 aut
538 3007 604 3085 rui,
634 3010 666 3065 ut
696 3004 796 3065 insero
820 3004 942 3065 inserui.
990 3022 1023 3066 so
1046 3007 1164 3084 primae
1188 3005 1407 3084 coniugationis
1436 3008 1498 3066 sari
1522 3006 1601 3078 lacit,
1664 3049 1672 3056 -

281 3127 375 3192 pense
391 3109 529 3190 pensari,
551 3097 658 3171 tertiae
675 3113 835 3188 correptae
851 3107 921 3177 sivi,
946 3125 1058 3186 quaeso
1073 3109 1214 3189 quaesivi.
1262 3104 1320 3169 tale
1345 3117 1390 3170 est
1406 3109 1496 3170 etiarn
1512 3126 1606 3170 cerno

282 3229 388 3276 cresco
422 3212 514 3273 crevi.
568 3210 743 3290 to'primae
770 3209 992 3288 coniugationis
1020 3213 1080 3272 tari
1108 3211 1194 3282 lacit.
1234 3219 1319 3274 muto
1344 3213 1472 3282 mutari;
1498 3214 1604 3273 tertiae

282 3334 353 3378 vero
376 3323 537 3395 correptae
560 3315 603 3383 ai,
628 3315 715 3374 mitto
738 3311 820 3381 misi,
845 3320 897 3373 aut
920 3311 958 3382 ti,
989 3321 1073 3374 verto
1097 3317 1182 3384 reru,
1208 3324 1258 3375 aut
1281 3315 1333 3386 tui,
1364 3323 1460 3376 storto
1485 3315 1602 3376 stertui.

282 3419 308 3482 si
331 3437 348 3480 c
371 3426 440 3480 ante
465 3425 495 3478 ιο
517 3414 661 3478 babuerit
675 3417 773 3496 prima
790 3412 876 3475 verbi
900 3431 1044 3495 persona,
1069 3417 1164 3495 prima
1189 3419 1365 3497 coniugatio
1388 3418 1446 3478 tari
1469 3417 1551 3494 lacit,
1575 3426 1607 3479 ut

130 3592 137 3596 ,
246 3529 383 3585 mmacto
407 3521 549 3590 mactari,
574 3521 818 3598 tertiacorrepta
843 3518 907 3587 rui,
932 3525 1021 3580 necto
1040 3523 1145 3590 nexui,
1171 3517 1261 3582 ilecto
1285 3519 1385 3582 llexui.
1432 3538 1468 3581 ao
1492 3522 1608 3602 primae

235 3705 240 3714 ι
285 3625 507 3704 coniunctionis
524 3621 613 3686 rerba
629 3623 696 3684 ravi
713 3622 833 3689 sacient,
858 3619 936 3683 llexo
960 3621 1074 3690 sscaari,
1093 3605 1144 3684 aut
1160 3625 1220 3692 rui,
1238 3641 1333 3685 enexo
1349 3640 1461 3684 enerras
1478 3625 1603 3693 eneam:

286 3729 392 3790 tertiae
414 3743 487 3788 vero
510 3725 573 3787 sola
597 3727 663 3796 rui,
694 3733 727 3788 ut
750 3742 827 3786 nexo
852 3727 936 3787 nexis
960 3729 1059 3787 nexui.

287 3864 490 3876 ...ψ-’-

355 3933 435 3990 Prnb.
453 3933 549 3985 cathol.
570 3935 612 3994 38,
626 3933 743 3997 tri—ee,
756 3935 790 3982 26
863 3935 874 3983 1
896 3933 1011 3998 exceptis
1031 3933 1113 3982 tribus
1134 3933 1280 3981 nominibus
1300 3891 1379 3984 Proh.
1400 3935 1439 3991 10,
1453 3935 1486 3983 21
1540 3936 1573 3985 20
1591 3951 1623 3998 ο,

287 4020 350 4072 lraec
368 4019 453 4072 littera
472 4037 499 4086 p.
518 4021 577 4076 188,
597 4018 613 4069 8
716 4071 727 4087 ι

355 4195 372 4243 3
389 4191 498 4242 Plautus
517 4190 596 4240 reboo
615 4187 653 4243 B:
675 4190 833 4255 Atrapateni
853 4193 875 4249 1,
896 4195 929 4239 77
947 4191 1005 4240 boat
1023 4190 1124 4240 coelum
1144 4188 1247 4242 iremim
1267 4192 1360 4241 cirum.
1398 4207 1455 4240 nora
1475 4189 1553 4240 reboo
1574 4207 1609 4241 ea·

286 4281 318 4329 iia
337 4293 403 4346 qaae
425 4283 569 4342 reparantur
594 4283 677 4327 ortrrrn
700 4285 749 4330 eat.
786 4293 935 4344 qumrrquona
954 4276 1041 4327 dubito
1060 4293 1093 4326 ren
1110 4278 1277 4340 prammatieo
1296 4279 1382 4342 potina
1400 4292 1474 4342 quarm
1492 4275 1608 4326 librariis

288 4366 366 4416 ἕπον
383 4361 533 4414 tribuendus
551 4365 586 4412 ait
655 4362 671 4413 8
689 4377 747 4412 cum
767 4363 899 4427 sequentis
919 4360 1047 4426 syllabae]
1067 4363 1253 4425 consequentis
1273 4357 1387 4428 syllabae
1406 4361 1431 4411 B
1449 4375 1609 4424 cousequen-

289 4453 320 4500 tia
340 4448 455 4516 syllabae
473 4445 542 4498 sio·
593 4449 609 4498 9
628 4448 695 4497 sicut
714 4448 738 4497 in
753 4448 878 4498 institutio
891 4465 905 4499 ο
918 4449 984 4518 sicut
1003 4447 1128 4498 institutis
1141 4445 1181 4496 B:
1200 4449 1234 4512 rs.
1253 4465 1281 4514 p.
1300 4451 1361 4508 ⁴7³.
1376 4451 1407 4498 17
1467 4449 1498 4496 12
1517 4448 1611 4497 srrstuli

287 4536 505 4601 semiscriptam
523 4541 563 4584 eat
580 4531 654 4584 inB.
690 4533 826 4599 adscripta
841 4537 926 4585 butem
944 4541 1002 4584 errat
1021 4533 1099 4584 aerbo
1117 4549 1133 4581 o
1151 4535 1296 4585 recentiore
1313 4536 1489 4598 prnnmrotr'ro,
1510 4535 1555 4600 qui
1572 4533 1610 4583 di·
1666 4546 1670 4550 ·

289 4637 388 4673 vercona
410 4621 442 4672 ob
465 4621 613 4686 antiquiore
635 4619 778 4671 ἀοοινιιιοοι
796 4617 964 4684 repetebatur:
989 4619 1025 4683 cs,
1046 4617 1146 4672 Cauris.
1168 4634 1194 4683 p.
1213 4621 1274 4676 247,
1293 4621 1335 4672 27.
1355 4619 1437 4672 biom.
1456 4636 1483 4684 p.
1503 4621 1565 4681 372,
1585 4621 1608 4668 1.

291 4710 412 4768 380,12.
485 4709 517 4758 lb
536 4701 639 4770 Cicero]
651 4721 680 4770 p.
694 4705 780 4758 More.
796 4706 851 4762 3,8
924 4705 955 4755 18
973 4701 1051 4770 carto]
1072 4702 1191 4752 karroB:
1262 4705 1294 4753 21
1315 4703 1428 4767 aliquam
1449 4689 1610 4753 ruralem-

277 4793 404 4856 ‚iunctem
416 4791 519 4845 Probae
537 4791 626 4854 aliqua
645 4791 733 4841 uocale
751 4819 784 4831 -
804 4790 889 4838 iuncta
909 4787 934 4837 B
999 4791 1032 4839 22
1051 4783 1144 4855 supra]
1164 4806 1190 4855 p.
1211 4792 1269 4848 189,
1290 4792 1324 4840 30
1383 4791 1414 4841 til
1435 4790 1497 4838 xaui
1518 4788 1612 4838 laciano

291 4876 359 4930 elixo
379 4879 460 4952 eliaca
479 4877 587 4944 elixati,
607 4889 652 4927 aut
670 4879 723 4936 zui,
743 4879 820 4928 enixo
840 4877 930 4925 enixus
950 4876 1039 4925 enixui
1058 4875 1159 4926 Prolem

1345 4957 1403 5012 ³⁴2*
