3904 5556
372 276 410 342 12
868 278 974 330 tttttttt
993 276 1181 331 victorum

394 392 416 432 p.
430 379 487 422 2458.
503 379 528 422 itii
543 377 565 423 Ρ.
1507 393 1528 435 p.
1544 383 1619 424 tt-ta
1634 381 1659 422 u.

368 468 491 551 ‘populo
515 468 663 533 liontaao'
687 468 728 531 ibi
749 468 872 551 populoi
897 468 1044 534 Romanoi
1068 478 1098 533 et
1118 490 1173 552 pro
1194 469 1345 553 piaculum
1369 470 1412 533 ibi
1434 468 1593 552 piaculum.
1617 467 1709 556 sicl-

368 581 397 636 et
412 591 468 654 pro
492 572 563 637 ltttic
586 573 663 645 hnic,
686 591 742 656 pro
765 571 856 635 lanus
879 571 982 644 lonas;
1012 575 1082 638 item
1106 574 1162 638 alia
1185 573 1288 637 tuulta.
1334 571 1413 654 apud
1430 573 1561 638 Graecos
1584 585 1684 638 autern

350 677 459 740 nasse
488 678 681 741 coniunctum
710 678 721 737 i
750 685 779 738 et
808 696 825 740 o
854 693 915 739 non
944 676 1059 742 dubito.
1105 697 1123 742 e
1150 689 1248 742 autem
1277 678 1404 742 duarum
1433 677 1549 742 obtinet
1579 679 1683 751 vicem,

368 779 466 844 brevis
489 779 500 866 ΙΙ
525 791 555 844 et
576 779 743 862 productae
768 780 799 862 [o
824 799 894 842 tero
924 789 954 844 et
975 800 1032 863 pro
1055 782 1139 846 brevi
1168 791 1198 846 et
1221 800 1276 864 pru
1300 780 1387 862 lunga
1412 791 1443 843 et
1465 801 1520 863 quo
1544 801 1563 845 tt
1586 784 1684 865 posita

368 884 443 968 est]‚
473 884 631 967 eidemque
654 882 770 947 litterae
793 887 823 947 iu
847 884 945 948 dativo
969 904 1040 949 casu
1062 884 1179 950 adiecta
1203 895 1249 948 est
1271 888 1340 949 iota.
1388 893 1409 944 Y
1434 905 1552 970 quoque
1576 896 1606 949 et
1628 899 1712 950 suot

314 1011 316 1014 ·
368 1007 443 1050 suno
473 989 567 1068 posita
598 997 644 1052 est
677 996 707 1050 et
736 987 894 1052 subiuncta
918 988 1034 1054 litterae
1057 1004 1097 1062 Η,
1134 996 1166 1052 ut
1188 989 1266 1072 apud
1291 1009 1346 1052 nus
1369 1007 1506 1073 quoque:
1535 993 1609 1053 item
1632 989 1683 1052 ad·

350 1093 443 1170 ¹iacta
467 1091 574 1154 litteris
596 1105 618 1153 a
643 1100 673 1153 et
698 1107 720 1156 Ε
748 1093 820 1155 lacit
842 1091 999 1174 syllabam:
1031 1094 1127 1175 posita
1151 1101 1195 1156 est
1218 1102 1247 1156 et
1269 1112 1325 1176 pro
1348 1093 1432 1156 breti
1455 1102 1485 1156 et
1508 1112 1562 1175 pro
1584 1093 1683 1174 longa,

367 1214 434 1258 cura
469 1213 578 1276 graece
612 1214 667 1278 per
695 1217 718 1260 υ
745 1196 919 1260 scribimus.
972 1215 989 1258 u
1018 1196 1157 1261 similiter
1186 1208 1215 1261 et
1243 1215 1299 1280 pro
1330 1195 1413 1259 brevi
1442 1206 1473 1260 et
1501 1215 1556 1278 pro
1584 1197 1683 1278 longa.

366 1300 507 1381 quotiens
530 1303 708 1362 consonanti
730 1299 865 1363 sttbiecta
889 1309 949 1371 est,
974 1319 1029 1383 pto
1052 1320 1071 1363 o
1095 1309 1125 1363 et
1147 1321 1184 1364 u:
1214 1301 1322 1364 Graeci
1344 1301 1549 1384 sequebantur
1576 1319 1684 1364 sonum

367 1411 484 1466 tautum
507 1403 596 1466 mado
619 1403 798 1468 litterarum.
843 1406 918 1484 θφ
942 1424 961 1485 χ
984 1405 1159 1487 priusquam
1183 1404 1370 1468 aSimunide
1392 1405 1610 1475 invenirentur,
1634 1423 1684 1467 ex·
1700 1417 1725 1456 1⁰

366 1504 537 1584 printeltuut
567 1510 646 1570 iusta
675 1529 693 1570 τ
720 1516 751 1570 et
772 1509 853 1572 iuxta
877 1526 901 1570 rr
924 1519 954 1570 et
976 1509 1056 1571 iutta
1082 1529 1101 1570 tt
1124 1507 1334 1589 adspirationis
1356 1518 1457 1572 notatu
1480 1522 1505 1572 tt
1528 1507 1683 1590 ponendo;

367 1607 506 1688 §attium
529 1613 609 1673 varie
634 1630 713 1673 nunc
735 1631 789 1692 per
812 1631 831 1674 κ
854 1624 883 1673 et
909 1624 938 1680 σ.
964 1630 1044 1674 nuuc
1066 1631 1120 1694 pet·
1143 1631 1164 1692 p
1188 1621 1217 1674 et
1239 1627 1274 1680 σς
1303 1615 1374 1676 itetn
1398 1621 1423 1688 dt
1446 1631 1527 1676 nuuc
1550 1631 1605 1694 per
1627 1609 1683 1692 βσ,

367 1734 448 1777 utute
464 1725 520 1796 per
536 1729 592 1777 tro.
638 1734 678 1778 ea·
694 1714 805 1797 quibus
821 1718 915 1778 nostri
933 1712 950 1791 ξ
967 1723 1119 1797 acceptam
1143 1717 1173 1777 itt
1198 1716 1256 1778 itae
1279 1735 1401 1780 suaeuut
1425 1723 1606 1798 posueruut:
1636 1735 1683 1778 re·

367 1817 462 1901 liquas
485 1827 586 1881 auteut
612 1821 651 1880 ita
674 1819 822 1891 scribunt,
847 1827 880 1882 ut
903 1839 918 1880 a
940 1821 1063 1884 Graecis
1086 1828 1157 1882 sunt
1180 1818 1317 1882 traditae.
1364 1835 1387 1881 Υ
1411 1839 1481 1883 vero
1505 1819 1611 1882 eodem
1635 1837 1684 1882 nr·

368 1923 437 1985 diue
465 1925 611 2016 scriptum
640 1921 786 1986 ltabemus
814 1943 873 2005 quo
902 1921 958 1995 illi,
989 1927 1087 1986 recisa
1117 1931 1217 1987 tauten
1248 1923 1361 2004 virgula
1391 1926 1482 1986 iusta.
1528 1925 1572 1986 sic
1602 1922 1681 2003 quod
1696 1933 1722 1974 1⁵

367 2025 445 2108 apud
462 2024 529 2089 illos
552 2027 686 2089 iunctum
702 2046 725 2088 u
745 2026 862 2090 litterae
885 2046 904 2089 a
927 2027 998 2090 lacit
1020 2025 1173 2108 syllabam,
1199 2028 1294 2090 nostri
1318 2031 1419 2097 etiarn,
1443 2029 1582 2109 quotiens
1606 2029 1684 2090 eius·

368 2131 436 2193 dent
466 2131 533 2193 soni
561 2130 648 2210 longa
672 2128 785 2213 syllaba
808 2129 967 2192 scribenda
992 2139 1086 2200 esset,
1117 2142 1146 2193 et
1169 2131 1224 2210 ipsi
1248 2151 1268 2194 u
1291 2129 1495 2213 adiuttgebant
1518 2150 1536 2192 o
1559 2130 1685 2194 litterae.

367 2233 436 2296 iude
459 2235 606 2316 scripturn
637 2234 738 2314 legitis
761 2233 921 2296 Loucetios
950 2235 1091 2296 nountios
1115 2232 1174 2317 [et]
1199 2234 1321 2296 lcumen
1345 2245 1375 2298 et
1398 2243 1509 2300 cetera.
1548 2234 1599 2297 sed
1629 2253 1685 2296 nec

367 2338 534 2420 equidem
559 2356 615 2400 nec
644 2353 665 2413 Q
696 2337 804 2399 latinus
833 2355 933 2399 sermo
958 2338 1137 2401 introduxit.
1175 2357 1211 2400 ex
1242 2337 1352 2419 quibus
1380 2353 1402 2414 Q
1432 2348 1462 2400 et
1490 2339 1583 2402 luisse
1606 2338 1684 2418 apud

368 2441 499 2504 Graecos
515 2449 545 2503 et
560 2459 653 2525 quare
670 2439 823 2504 desiderat
838 2442 923 2520 iungi
941 2443 1002 2503 vice
1019 2440 1148 2512 litterae,
1173 2459 1358 2522 cognoscere
1379 2444 1516 2524 potestis,
1541 2445 1568 2505 si
1583 2445 1683 2524 ponti·
1698 2451 1726 2490 ²⁰

288 2606 297 2624 ,
367 2547 456 2609 licum
486 2544 580 2608 libros
607 2544 753 2625 legeritis.
798 2563 879 2607 nunc
908 2547 986 2607 enim
1016 2544 1095 2625 apud
1119 2545 1250 2608 Graecos
1278 2547 1359 2608 iuxta
1387 2563 1412 2608 tt
1440 2555 1487 2608 est
1514 2549 1685 2627 positast}

367 2657 466 2712 autern
483 2647 562 2731 apud
579 2647 591 2733 ΙΙ
608 2649 739 2712 Graecos
755 2647 872 2712 obtinet
888 2658 988 2710 notam
1007 2651 1126 2711 nummi
1151 2665 1212 2720 sex,
1237 2669 1292 2732 pro
1315 2667 1375 2731 quo
1397 2629 1477 2732 ipud
1501 2651 1642 2731 antiquos
1664 2662 1685 2712 c

367 2755 439 2834 poni
462 2752 593 2824 solitum,
624 2763 656 2816 ut
678 2771 733 2834 pro
757 2771 829 2833 agro
853 2753 969 2816 Gabino
991 2751 1115 2823 Gabino,
1144 2753 1288 2834 prolege
1312 2753 1386 2824 luce,
1416 2771 1490 2816 aena
1514 2772 1570 2834 pro
1592 2771 1685 2834 agna:

367 2858 468 2920 auctio
492 2864 575 2919 carte
598 2855 635 2918 ab
659 2856 796 2938 augendo
819 2857 899 2919 dicta
923 2864 982 2919 est:
1010 2864 1040 2918 et
1064 2859 1182 2919 numeri
1206 2875 1274 2920 cunt
1298 2855 1428 2920 habeant
1451 2876 1477 2926 c,
1508 2865 1540 2918 ut
1563 2856 1684 2919 ducenti

367 2961 497 3022 trecenti
526 2963 667 3033 sescenti,
697 2959 808 3042 reliqui
837 2959 949 3023 babent
980 2978 1008 3039 g,
1040 2968 1073 3023 ut
1099 2960 1313 3044 quadringenti
1343 2964 1500 3041 nongenti.
1544 2968 1726 3023 cautem2t

436 3145 452 3194 9
470 3158 519 3210 pro
538 3158 553 3194 a
573 3154 597 3194 et
615 3159 633 3195 υ
649 3159 677 3210 p.
695 3146 766 3194 2454
785 3141 824 3209 (p.
844 3145 877 3194 do
896 3143 936 3195 ed.
957 3142 1053 3207 (inlesi)
1124 3143 1155 3193 tt
1176 3139 1190 3208 ξ
1209 3153 1294 3193 autem
1312 3159 1340 3209 p.
1361 3143 1404 3204 21,
1424 3143 1457 3192 rt

367 3299 439 3365 paui,
459 3308 486 3348 ut
505 3313 551 3364 pro
571 3297 694 3367 populus.
714 3298 748 3348 ibi
768 3296 896 3365 popolus:
919 3311 942 3348 et
960 3299 1003 3349 ulti
1024 3297 1154 3364 piaculum
1173 3298 1207 3349 ibi
1228 3296 1357 3365 piaculum
1376 3310 1402 3354 ς.
1430 3299 1684 3364 incontaminatum,

367 3383 418 3436 qun
436 3367 571 3420 edomatio
593 3369 626 3419 de
646 3381 660 3418 ο
680 3376 705 3419 et
723 3367 730 3417 i
749 3369 833 3418 iunetn
852 3369 966 3419 exuriit:
990 3369 1023 3431 cs.
1037 3383 1064 3434 p.
1079 3371 1119 3432 17,
1133 3371 1166 3420 18
1188 3367 1282 3418 ducitis
1305 3379 1391 3418 autem
1414 3368 1518 3419 casibus
1542 3367 1613 3435 apud
1638 3383 1684 3419 uos

366 3441 440 3486 iuxta
458 3438 645 3503 apponebatur,
666 3449 692 3487 ut
705 3449 781 3486 antea
795 3437 868 3486 vobis
883 3437 984 3487 dixisse
997 3437 1112 3500 meatitti,
1131 3452 1188 3486 cunt
1208 3436 1328 3504 ‘populoi
1347 3436 1487 3488 Rumattoi’
1508 3453 1554 3504 pro
1573 3437 1684 3506 ‘populo

367 3505 496 3555 llontann’
516 3507 607 3556 solitos
627 3506 728 3572 peiores
747 3507 859 3556 seribere
877 3505 1048 3558 ostenderem.
1072 3515 1212 3570 praetereo
1230 3523 1296 3572 poce
1315 3508 1347 3556 de
1360 3508 1537 3572 easmdptoru
1557 3512 1603 3558 ‘ea
1615 3510 1685 3572 peta*-

368 3583 449 3626 tartoa
462 3577 620 3642 quorundum
631 3575 830 3640 scriptioaidus’
843 3591 871 3627 ae
884 3577 1002 3627 attulisse
1020 3576 1081 3626 dicit
1099 3577 1248 3626 Victorinus
1264 3591 1291 3642 p.
1305 3577 1350 3639 24,
1364 3578 1380 3624 6
1395 3576 1513 3638 sortasse
1531 3576 1573 3626 bt'o
1583 3580 1686 3642 rert‘pta

367 3651 443 3696 erant
524 3647 540 3694 ‘l
560 3660 606 3711 pro
626 3645 704 3694 l'unus
724 3645 800 3695 l'ouos
819 3643 853 3695 B.
870 3645 987 3708 fortasse
1007 3660 1053 3710 pro
1073 3659 1140 3696 tutus
1160 3645 1236 3695 uiuos
1317 3645 1517 3696 aestumatum
1536 3644 1562 3696 B
1584 3647 1685 3696 ciocum

369 3716 453 3770 Αως
507 3715 589 3763 uicem
604 3712 726 3764 novat.
747 3715 875 3765 uoceutA
930 3713 1214 3765 bittdieatittoeasuB
1266 3712 1684 3778 adiecta(utlittttotacarr.atm.

366 3783 467 3833 adiecta
482 3781 517 3843 B)
531 3796 571 3833 est
584 3785 644 3834 iurat
659 3780 716 3833 AB
734 3783 832 3832 adiecta
846 3783 907 3832 esti
925 3801 945 3832 ω
959 3796 976 3838 ς
1037 3784 1053 3833 6
1072 3783 1171 3833 litterae
1182 3783 1281 3845 (littera
1293 3798 1363 3834 corr.
1378 3788 1411 3834 nt.
1423 3801 1453 3834 m.
1464 3782 1563 3834 litterae
1576 3782 1614 3846 B)
1629 3785 1643 3832 Ιι
1659 3795 1687 3834 at

367 3851 436 3917 apud
458 3851 514 3902 ΑΒ
533 3851 630 3902 litterae
648 3851 664 3902 lt
685 3863 711 3899 ιιι
730 3865 768 3902 est
786 3851 856 3918 apud
875 3865 926 3906 ως
1005 3854 1096 3902 Saum
1116 3852 1291 3918 geaecieorr.
1311 3856 1518 3918 cumgraeeeA
1588 3855 1685 3904 baou-

368 3921 471 3970 souuuti
492 3919 516 3971 B
533 3921 592 3971 Vol.
611 3921 814 3970 eottsouautiltus
834 3936 904 3973 corr.
923 3923 1078 3971 eansounuti
1098 3923 1119 3971 A
1138 3921 1345 3971 cottsouantibus
1364 3935 1415 3977 ως
1499 3924 1531 3972 12
1551 3918 1565 3984 ξ
1584 3917 1683 3988 atatem]

368 3989 489 4040 Zautem
509 3988 534 4038 B
598 3992 628 4040 13
648 3991 792 4052 exquibus
813 3991 891 4039 riustri
913 3987 939 4055 ξ]
965 3990 1058 4054 quibus
1084 3989 1202 4039 ttustriZ
1227 3990 1358 4045 ΑΒως.
1382 3993 1417 4056 ef.
1430 3993 1566 4055 prato
1588 4005 1620 4040 ex
1638 3991 1684 4040 ad-

368 4060 536 4109 iectisautem
552 4057 751 4108 ttostrussolam
772 4073 789 4106 tt
809 4058 938 4124 recepisse
1010 4061 1041 4110 15
1060 4060 1142 4108 recisa
1161 4071 1245 4109 tumen
1266 4059 1312 4122 (tt'a
1336 4061 1358 4109 Α
1379 4073 1477 4109 tautum
1497 4057 1558 4122 ως)
1583 4059 1685 4125 uiegula

367 4129 439 4177 iuxta
459 4127 516 4179 AB
528 4141 579 4184 ως
603 4128 685 4179 recisa
708 4137 806 4177 tautum
827 4126 925 4193 virgula
946 4125 1026 4177 latiora
1045 4127 1149 4193 Sedotlp
1166 4145 1193 4194 p.
1214 4131 1257 4182 27.
1278 4129 1395 4192 fortasse
1417 4129 1497 4178 tet-isa
1516 4139 1614 4177 tautum
1635 4131 1684 4177 vie-

367 4196 428 4262 gulu
447 4197 567 4248 adiuueta
641 4199 679 4246 sic
699 4213 714 4246 u
734 4197 805 4260 quod
823 4195 959 4248 Pulsedt'us
1035 4198 1067 4248 to
1086 4213 1104 4248 tt
1122 4193 1231 4264 litterae]
1252 4214 1266 4246 u
1286 4197 1384 4248 litterae
1402 4195 1460 4246 AB
1541 4199 1570 4248 lt
1591 4211 1616 4248 ct
1633 4197 1685 4264 ipsi

367 4267 543 4334 adiungebaut
562 4283 576 4316 o
595 4265 705 4316 litteram
725 4265 877 4317 litlot-delius
895 4267 928 4318 de
945 4267 1056 4317 miliario
1074 4266 1212 4332 Popiliana
1229 4284 1258 4332 p.
1279 4269 1316 4318 33
1387 4283 1410 4342 ιι,
1422 4282 1470 4317 om.
1490 4267 1515 4317 A
1524 4264 1547 4314 B
1560 4278 1611 4322 ως

324 4341 328 4354 ’
367 4363 400 4413 ’20
419 4357 559 4428 desiderat]
579 4361 684 4412 desierit
702 4357 807 4427 Setaup
823 4379 849 4426 p.
869 4363 907 4413 33
987 4363 1020 4412 tt
1044 4361 1158 4428 legeritis
1181 4363 1304 4416 Valeas
1326 4345 1490 4424 tegerdttsA
1520 4359 1640 4425 legeretis
1660 4358 1686 4408 Β

436 4431 508 4480 iuxta
527 4447 542 4480 tt
562 4441 601 4480 est
619 4431 705 4497 posita
717 4428 751 4482 Β.
775 4433 868 4482 incana
887 4431 1092 4497 quorsumnam·
1107 4432 1263 4484 ercddmutt
1280 4445 1330 4480 non
1349 4430 1417 4480 nulia
1435 4445 1500 4494 quae
1518 4431 1550 4480 de
1564 4427 1585 4492 Q
1597 4429 1685 4480 littera

366 4501 467 4566 aeriptct
485 4507 561 4551 eram
578 4500 626 4550 leue
640 4500 700 4564 sere
718 4501 801 4563 modo,
826 4515 892 4550 uuae
911 4501 980 4550 euim
1002 4501 1072 4566 apud
1091 4501 1202 4551 Graecos
1225 4501 1297 4549 iusta
1317 4497 1347 4550 Π
1362 4509 1401 4547 est
1421 4499 1505 4563 posiut
1526 4499 1556 4558 P,
1578 4509 1604 4547 nt
1623 4497 1683 4548 olim

369 4568 417 4617 luit
436 4567 465 4632 Q,
483 4583 549 4632 quae
568 4584 614 4635 pro
635 4583 741 4617 uumern
761 4571 847 4634 posita
866 4571 1009 4635 nonaginta
1027 4569 1165 4634 siguificat.
1190 4569 1211 4618 G
1230 4581 1315 4618 autem
1327 4583 1382 4634 sqq.
1396 4567 1431 4629 es.
1445 4584 1471 4632 p.
1485 4569 1531 4628 23,
1545 4569 1579 4616 2⁶
1597 4566 1643 4616 sed
1663 4567 1684 4614 ti

369 4635 993 4704 ttotantnutuetisex,Qttottagintasiguiitcure
1046 4637 1170 4688 Gattteta
1194 4635 1313 4688 ΑΒιυς
1331 4649 1445 4691 auteurs
1498 4634 1684 4686 'lotriceutiB

437 4707 547 4756 sescenti
567 4706 657 4770 reliqui
677 4705 772 4755 ltalteut
790 4721 806 4770 g
826 4719 853 4755 ut
871 4705 896 4757 B
915 4707 1025 4757 sescenti
1044 4706 1136 4770 reliqui
1155 4707 1248 4757 habeut
1267 4717 1294 4756 ut
1313 4707 1336 4755 Α
1357 4706 1473 4756 sexcenti
1491 4719 1509 4770 g
1528 4705 1619 4768 reliqui
1639 4704 1684 4754 lta-

368 4774 428 4824 ltent
447 4787 474 4824 ut
496 4789 546 4830 ως
635 4775 843 4838 qttndrigeutirl
927 4773 1054 4840 caruem]
1073 4791 1147 4827 cumn
1168 4775 1228 4827 AB
1239 4787 1290 4832 ως
1313 4789 1372 4824 cam
1396 4791 1413 4842 g
1433 4774 1568 4826 Patrobios
1591 4789 1684 4824 cuma

367 4855 468 4893 cetttuat
487 4841 613 4893 ducantur
631 4841 736 4911 Scitudy
754 4859 779 4912 p.
802 4845 832 4894 tr
