3904 5556
628 322 707 378 usa.
728 323 839 376 nanu.
858 325 926 380 om.
946 325 960 376 1
979 329 1003 390 r,
1024 328 1106 378 142-
1127 329 1150 378 ι.
1172 331 1202 379 ιι
1534 325 1576 392 35

281 433 304 476 p.
317 423 376 466 aare
389 421 416 463 rt
430 421 453 464 Ρ.
1395 439 1416 482 tt·
1430 429 1509 470 ⁴²-ss
1523 428 1548 472 G·

254 513 320 576 sine
342 514 411 592 quis
435 511 540 576 eadem
558 515 639 576 coire
657 533 716 577 non
732 522 848 598 potest,
871 513 1005 600 reliquae
1021 517 1149 590 litterae,
1168 527 1199 580 ut
1219 515 1293 580 lltles
1309 520 1411 598 graeci
1427 520 1576 591 sermonis

174 677 176 680 .
254 615 380 686 indicat,
406 617 716 698 comprehendantur,
741 619 770 682 iel
788 627 833 681 est
848 613 941 701 nepai
963 616 1003 684 ab
1027 615 1284 706 συλλαμβάνειν
1305 613 1346 684 τὰ
1368 619 1574 707 γράμματα);

255 735 380 800 quarum
401 719 552 801 tripertita
567 725 685 806 species
708 731 761 786 est.
802 730 938 806 'namque
954 722 966 808 ll
984 725 1058 788 aliae
1082 745 1184 789 earum
1209 724 1329 796 breves,
1359 725 1435 788 aliae
1457 725 1574 808 longae,

253 821 328 886 aliae
350 841 528 889 communes
550 825 755 909 appellantur,
785 825 902 890 scilieet
931 829 1011 908 quau
1042 848 1123 892 nunc
1152 848 1207 912 pro
1231 829 1386 901 brevibus,
1418 849 1497 894 nunc
1520 849 1575 912 pro

228 925 367 1007 tlongis,
391 936 423 991 ut
445 931 608 992 necessitas
631 931 720 994 metri
744 940 793 993 aut
816 930 1012 1012 producentis
1036 940 1087 994 aut
1110 937 1305 1016 corripientis
1328 933 1448 998 easdem
1473 943 1576 1017 postu·

253 1029 375 1103 laverit,
400 1032 597 1114 accipiantur.
628 1036 738 1118 positio
762 1041 860 1097 antem
877 1037 1108 1100 consonantium
1124 1035 1292 1102 litterarum
1318 1038 1425 1104 breves
1447 1037 1575 1122 syllabas

252 1134 419 1197 secundum
443 1135 631 1218 disciplinam
654 1134 812 1219 legemque
836 1138 981 1202 metricae
1004 1141 1077 1201 artis
1101 1141 1192 1203 elficit
1215 1141 1330 1222 longas.
1362 1161 1430 1206 nam
1448 1153 1574 1226 parente

252 1249 358 1303 natura
383 1241 481 1302 omnis
504 1260 559 1303 vox
583 1239 641 1304 sub
664 1239 793 1304 tuorum
816 1253 997 1307 accentuum
1027 1262 1102 1306 sono
1133 1263 1187 1308 ore
1218 1245 1390 1310 mortalium
1414 1248 1575 1330 promitur,

252 1343 401 1426 producto
423 1331 539 1408 scilicet
561 1355 613 1408 aut
635 1355 793 1427 correpto,
818 1365 854 1409 cx
878 1349 945 1427 quis
969 1345 1043 1411 alter
1066 1349 1253 1422 extenditur,
1279 1349 1353 1413 alter
1377 1350 1575 1414 contrabitur.

216 1447 345 1527 roigitur
375 1467 443 1512 cum
480 1449 509 1513 in
538 1449 643 1512 metris
669 1447 758 1529 longa
788 1449 901 1532 syllaba
931 1467 1006 1534 opus
1035 1461 1131 1522 esset,
1162 1464 1195 1516 ut
1224 1471 1257 1516 ea
1289 1471 1365 1534 quae
1388 1453 1487 1518 brevis
1511 1453 1576 1536 lege
1652 1522 1656 1533 ,

254 1559 377 1614 naturae
407 1551 522 1633 prolata
552 1551 708 1615 videbatur
736 1553 824 1634 longa
855 1555 1042 1627 elliceretur,
1081 1575 1097 1618 a
1127 1557 1314 1639 principibus
1342 1560 1473 1622 musicae
1502 1561 1575 1622 artis

253 1654 429 1719 auctoribus
452 1657 574 1736 positio,
598 1655 628 1718 tu
653 1657 657 1740 l
683 1664 728 1720 est
750 1657 878 1722 duarum
902 1661 1133 1723 consonantium
1157 1659 1323 1742 copulatio,
1348 1671 1470 1742 reperta
1485 1671 1573 1744 atque

253 1758 374 1822 incincta
396 1768 452 1822 est
498 1759 573 1823 baec
595 1760 738 1843 tleinceps
760 1761 933 1827 observatio
956 1767 1156 1828 consensione
1178 1773 1337 1846 poetarum
1359 1764 1457 1846 legem
1480 1767 1572 1838 dedit,

253 1881 328 1945 quae
340 1865 550 1927 auctoritatem
563 1863 601 1928 de
613 1872 756 1927 vetustate
768 1867 912 1952 temporis
926 1866 1048 1930 trahens
1060 1867 1248 1950 disciplinam
1262 1869 1351 1931 veluti
1363 1879 1574 1932 sacrosanctae

216 1968 281 2028 uin
304 1969 411 2030 metris
433 1965 652 2032 observationis
675 1970 785 2032 ceteris
807 1971 914 2034 sanxit.
960 1973 1050 2054 igitur
1073 1970 1186 2054 syllaba
1209 1972 1311 2036 brevis
1327 1981 1446 2054 tempus
1470 1992 1571 2044 unum,

250 2069 338 2153 longa
362 2071 422 2134 cluo
451 2091 550 2156 neque
579 2072 707 2155 amplius
731 2075 852 2156 recipit,
882 2094 917 2137 ex
942 2092 1001 2156 quo
1033 2075 1132 2138 evenit
1154 2075 1332 2158 plerumque
1356 2079 1445 2139 metri
1469 2095 1573 2140 neces·

251 2172 338 2238 sitate
362 2185 491 2256 cogente
514 2185 548 2238 ut
569 2195 624 2259 pro
648 2174 760 2257 syllaba
789 2177 877 2260 longa
902 2178 980 2241 dune
1008 2178 1116 2242 breves
1138 2189 1190 2242 aut
1213 2198 1267 2260 pro
1290 2179 1407 2244 ‹luabns
1430 2179 1573 2244 brevibus

251 2297 308 2341 nna
331 2279 421 2358 longa
449 2288 593 2363 ponatur,
624 2279 654 2342 icl
676 2279 756 2361 quod
778 2283 808 2346 in
831 2279 1006 2364 [trimetris]
1029 2285 1227 2364 anapaesticis
1253 2281 1388 2348 iambicis
1412 2293 1441 2346 et
1464 2287 1573 2350 ceteris
1641 2273 1645 2280 ’

251 2381 434 2446 huiusmodi
448 2383 587 2446 versibus
602 2381 691 2445 datur
706 2401 901 2464 cognoscere.
934 2403 1033 2468 neque
1050 2388 1130 2448 enim
1146 2386 1221 2449 lraec
1234 2389 1427 2450 commutatio
1444 2406 1571 2450 numero

214 2495 416 2550 ametrorum
445 2487 539 2549 oillcit
566 2486 803 2568 congruentibus
831 2488 887 2552 sub
911 2497 1037 2570 utraque
1067 2489 1133 2572 lege
1163 2499 1333 2572 temporum
1357 2492 1460 2571 spatiis
1483 2501 1571 2574 atque
1655 2567 1664 2585 ‚

251 2591 418 2654 momentis.
464 2591 613 2674 positione
642 2609 714 2654 vcro
743 2602 811 2655 octo
838 2593 951 2664 urotlls,
982 2603 1016 2656 ut
1043 2611 1135 2676 supra
1164 2592 1291 2656 relatum
1315 2603 1374 2666 est,
1404 2595 1488 2658 flunt.
1535 2615 1571 2658 ex

250 2693 357 2774 quibus
379 2713 432 2756 sex
457 2693 597 2758 videntur
619 2697 732 2776 aperti:
757 2695 794 2758 tle
818 2699 948 2777 septimo
972 2699 1060 2760 otiam
1085 2715 1165 2760 nunc
1181 2705 1358 2762 tractemus:
1383 2701 1408 2762 si
1432 2712 1570 2780 correpta

250 2815 359 2878 perse
388 2795 498 2860 vocalis
527 2797 625 2861 littera
649 2809 825 2880 sequentem
849 2801 861 2860 l
881 2798 991 2862 habeat
1019 2801 1097 2862 inter
1127 2801 1200 2864 duas
1223 2802 1341 2865 vocales
1368 2805 1569 2876 constitutam,

250 2908 281 2962 ut
302 2901 516 2981 ‘Troiaque
539 2919 636 2964 nunc
658 2905 807 2966 stares'.
855 2902 904 2967 bic
933 2906 1012 2967 eninr
1037 2923 1055 2964 o
1079 2902 1197 2967 litterae
1220 2905 1313 2968 vocali
1343 2917 1500 2986 correptae
1524 2911 1570 2970 in·

213 3018 237 3060 es
250 3003 343 3067 lectur
365 3006 374 3066 i
395 3003 497 3068 littera
513 3003 524 3089 l
540 3024 597 3088 pro
618 3005 735 3070 duabus
756 3005 994 3070 consonantibus
1016 3007 1206 3089 accipienda,
1231 3027 1413 3091 quamquam
1431 3020 1460 3072 et
1475 3012 1569 3089 gerari·

249 3117 315 3170 nata
337 3109 347 3170 i
369 3107 506 3171 scribere
529 3107 706 3180 iubeamur,
729 3119 762 3172 ut

424 3213 612 3292 proiiecit
643 3211 763 3276 llurio
797 3217 1029 3297 penitusque
1065 3216 1101 3276 in
1130 3214 1260 3278 nubila
1290 3215 1397 3296 lugit.

248 3315 297 3379 alii
320 3315 351 3378 oi
372 3315 582 3396 tllpbtlmngon
607 3315 709 3380 volunt
733 3335 816 3388 esse,
845 3329 878 3381 ut
901 3318 940 3380 sit
961 3335 1016 3400 pes
1043 3317 1178 3400 tlactylus
1200 3321 1297 3402 prima
1321 3318 1434 3402 syllaba
1463 3329 1567 3384 natura

248 3419 351 3500 longa,
382 3421 456 3490 troi,
485 3418 683 3500 sequentibus
706 3419 823 3484 cluabus
844 3420 996 3492 brertbus,
1019 3441 1035 3484 a
1058 3432 1087 3484 et
1110 3440 1177 3502 que.
1223 3421 1281 3484 lroc
1304 3442 1325 3486 u
1347 3423 1445 3486 llttera
1469 3423 1568 3488 lacere

211 3523 398 3605 coaequetis,
428 3523 535 3586 eodem
566 3521 667 3608 [quot]
697 3525 723 3585 si
752 3525 843 3588 luerit
865 3523 942 3586 loco.
989 3543 1057 3587 nam
1088 3527 1127 3588 ita
1156 3537 1312 3608 ponuntur
1341 3527 1397 3590 hae
1421 3527 1497 3589 duae
1521 3528 1568 3591 lit·

250 3637 329 3690 terae
357 3629 389 3688 in
419 3625 555 3709 syllabis,
591 3638 624 3690 ut
653 3631 792 3708 exigente
820 3631 936 3691 ratione
965 3627 1115 3692 interilum
1150 3631 1209 3692 sint
1241 3629 1356 3692 uocales
1378 3650 1434 3713 pro
1462 3641 1568 3714 suapte

291 3827 390 3948 24222ἳί
407 3838 527 3947 ι2ιι7ιιῧριι
544 3851 576 3864 -
595 3827 667 3887 36,6
685 3839 711 3877 et
732 3825 773 3878 liis
792 3827 888 3878 similia
914 3827 1016 3882 Terent.
1037 3827 1124 3880 elieser.
1145 3831 1281 3880 lib-18!
1353 3831 1386 3881 ib
1410 3832 1541 3897 geminata
1559 3833 1567 3881 i

246 3911 273 3961 P·
326 3933 334 3961 ι
384 3931 392 3946 ·
447 3933 455 3960 ι

315 4074 329 4119 1
353 4081 382 4120 ut
399 4068 465 4120 lieles
483 4070 687 4135 superscriptum
705 4077 744 4120 est
763 4075 789 4119 tn
808 4071 834 4120 Α
922 4071 938 4120 b
961 4069 1051 4120 eadem
1069 4085 1139 4122 corr.
1160 4069 1264 4121 easdem
1283 4072 1307 4121 A
1396 4073 1412 4121 u
1436 4073 1567 4139 positione

248 4153 315 4190 corr.
338 4139 437 4206 positio
461 4139 486 4190 Α
575 4137 661 4189 breuis
684 4139 709 4188 Α
799 4140 830 4189 11
855 4139 955 4206 prolata
975 4139 1000 4189 B
1016 4138 1107 4196 Vobs·
1131 4139 1247 4206 proletnq
1267 4141 1305 4208 A·
1382 4143 1414 4191 tt
1437 4140 1452 4204 r'y
1477 4155 1567 4192 aucto-

248 4208 370 4274 eleusinam
391 4209 415 4258 A
443 4221 510 4273 quae
532 4208 710 4259 anctoritatem
734 4207 794 4262 Vol.
821 4210 865 4272 qui
884 4210 1062 4258 auctoritatem
1080 4207 1106 4258 B
1133 4225 1201 4272 quae
1218 4207 1362 4259 orrthoritas
1381 4211 1441 4260 item
1464 4223 1481 4266 ς

250 4279 279 4328 tt
296 4291 329 4328 ex
348 4291 401 4341 quo
419 4275 454 4328 a*
479 4291 511 4327 ex
530 4291 581 4340 qna
600 4278 624 4327 A
636 4274 690 4331 Be
707 4277 765 4328 Vol.
842 4277 874 4328 18
897 4279 923 4328 id
947 4281 1019 4341 quorl
1042 4275 1080 4343 (iel
1099 4293 1124 4342 q.
1144 4277 1182 4342 B)
1206 4278 1230 4328 iu
1255 4279 1376 4328 trimenls
1400 4282 1566 4346 anapaestico

248 4345 331 4396 lambo
349 4357 374 4397 et
392 4346 485 4398 ceteris
507 4344 608 4402 Ans.
642 4345 764 4396 trimetris
783 4347 820 4396 uel
842 4346 959 4397 iambicis
982 4347 1140 4413 adscriptum
1163 4363 1220 4399 esre
1242 4349 1357 4399 ridetur:
1383 4355 1429 4398 cet
1450 4349 1567 4400 scriben-

248 4415 303 4466 ἀιιιιι
320 4416 345 4466 in
370 4426 519 4467 tetrametro
542 4413 720 4482 anapaestico,
739 4415 825 4465 iambo
844 4427 868 4466 et
885 4415 987 4466 ceteris.
1013 4417 1048 4478 cs.
1059 4432 1087 4482 p.
1100 4419 1171 4467 2489
1189 4416 1260 4481 quocl
1282 4415 1429 4480 irequenter
1451 4419 1477 4468 in
1501 4420 1566 4468 iatra-

249 4485 309 4534 bie'es
327 4496 352 4536 et
369 4483 510 4536 trooltsicis
523 4496 549 4536 et
561 4484 652 4536 ceteris
664 4496 805 4534 metrorum
817 4484 956 4550 generibus
970 4499 1079 4551 excepto
1092 4483 1197 4537 heroico
1210 4501 1237 4536 re
1258 4486 1324 4536 eries
1389 4487 1422 4536 20
1434 4489 1482 4536 sub
1497 4500 1566 4538 rrtrn·

247 4567 295 4616 que
306 4551 331 4603 B
343 4553 375 4604 a*
391 4553 482 4610 Vols
500 4554 641 4618 subitaque
655 4554 680 4603 A
761 4553 793 4604 et
807 4550 899 4621 supra]
912 4571 940 4620 p.
954 4556 997 4618 27,
1012 4556 1096 4622 lsqq.
1185 4557 1220 4606 et
1231 4501 1372 4619 1Ριιιίιιιιιιι]
1396 4553 1475 4622 Ver-p.
1497 4557 1564 4608 Aen.

246 4621 325 4674 11⁵0
392 4620 511 4674 imfertur
529 4621 591 4674 AB
660 4622 842 4688 ‘ingeminata
861 4621 922 4673 la*
938 4621 1027 4679 Vols
1045 4625 1169 4690 gemlnlta
1187 4626 1195 4674 i
1214 4623 1276 4674 AB
1345 4623 1379 4673 26
1397 4625 1567 4682 iubeamuss

312 4691 345 4742 et
368 4691 486 4760 proiieelt
504 4692 560 4747 ςΒ
583 4692 693 4758 proiecit
711 4691 750 4741 A:
777 4691 856 4758 Verg.
876 4693 943 4743 Aen.
964 4692 1025 4744 XII
1042 4696 1094 4744 256
1167 4693 1200 4744 29
1220 4694 1267 4743 troi
1288 4691 1348 4741 AB
1364 4691 1424 4744 Vel.
1444 4705 1482 4744 tro
1501 4693 1567 4751 α*ς

311 4775 370 4812 aet
387 4776 438 4826 que
456 4759 519 4812 AB
536 4759 595 4812 Vol.
619 4761 644 4811 ia
663 4771 687 4811 et
705 4775 755 4824 qne
773 4756 808 4812 ab
827 4763 851 4810 in
869 4775 986 4825 aeques
1060 4765 1093 4813 30
1112 4763 1230 4826 nequiuit
1247 4761 1355 4816 Alte:
1374 4759 1423 4812 boc
1442 4778 1468 4828 u,
1488 4766 1566 4814 simili

247 4828 447 4894 silueritloco,
467 4829 584 4895 nequibit
605 4828 844 4881 Terentianum
932 4832 1022 4882 eorlem
1046 4833 1166 4894 quotiens
1190 4831 1265 4880 luerit
1288 4831 1345 4882 loco
1364 4845 1391 4889 ς.
1417 4849 1451 4882 (ιιι
1475 4835 1564 4884 euclem

247 4897 328 4964 posita
347 4901 369 4950 si
386 4900 464 4951 luerit
481 4899 555 4952 loco?

1321 4985 1358 5038 311
