3906 5564
344 325 409 408 92Ι
844 325 951 378 ΜΑΒῙΙ
975 323 1167 379 VICTORINI

371 429 506 482 pastae)
522 429 543 471 Ρ.

685 525 713 579 te
737 535 817 581 nunc
840 535 923 598 rogo,
947 514 1078 589 Phoebe,
1103 514 1191 580 dulce
1215 514 1323 588 orclas,

344 625 417 686 item

741 725 791 807 qui
814 742 895 788 nunc
918 721 1032 790 hilares
1056 725 1142 789 litare
1167 723 1265 787 deam.

343 832 479 896 incidunt
506 839 621 902 autem,
652 841 684 892 ut
713 848 806 912 supra
836 829 983 901 diximus,
1012 831 1041 892 in
1070 829 1128 893 hoc
1157 837 1256 892 metro
1284 825 1387 912 plures
1416 829 1524 912 pedes,
1555 831 1664 912 quibus

344 936 463 1000 mollius
487 934 624 998 redditur
647 933 798 1016 frequenti
821 932 1005 1016 syllabarum
1028 934 1211 1005 adiectione,
1236 941 1388 1014 tamquam
1678 961 1691 1000 s

571 1055 667 1118 genus
691 1037 771 1101 unde
793 1037 948 1110 Latinum,
972 1057 1045 1118 rogo
1068 1057 1163 1120 genus
1186 1035 1266 1100 unde
1289 1037 1441 1100 Latinum.

344 1164 413 1207 narn
437 1162 492 1226 pro
518 1143 653 1225 spondeo
676 1143 792 1226 positus
822 1152 867 1205 est
890 1151 1068 1224 anapaestus
1097 1144 1127 1205 in
1150 1140 1317 1225 primordio
1346 1143 1436 1204 trium
1461 1145 1584 1225 quidem
1607 1143 1665 1226 syl·

344 1248 496 1320 labarum,
521 1246 575 1311 sed
599 1255 700 1310 tamen
723 1254 895 1329 temporum
920 1245 1059 1317 totidem,
1084 1265 1142 1328 qua
1166 1245 1344 1308 condicione
1369 1253 1399 1308 et
1421 1245 1589 1328 tribrachys
1610 1266 1664 1331 pro

346 1353 488 1416 trochaeo
511 1349 690 1434 plerumque
713 1349 892 1414 admittitur.
938 1369 994 1412 nec
1019 1351 1100 1413 enim
1123 1369 1250 1413 numero
1275 1349 1457 1431 syllabarum
1480 1360 1587 1423 metra,
1613 1351 1663 1414 sed

343 1465 514 1540 temporum
538 1455 633 1537 spatio
657 1454 855 1518 examinanda
878 1462 958 1516 sunt.
989 1453 1042 1516 sed
1067 1461 1096 1516 et
1119 1453 1255 1538 dactylus
1272 1473 1331 1519 non
1350 1473 1514 1536 numquam
1540 1473 1574 1518 ea
1599 1455 1663 1535 iege
1680 1479 1703 1516 ιιι

343 1557 373 1624 in
397 1560 555 1624 sotadeum
579 1567 709 1622 nretrum
733 1558 833 1630 cadet,
858 1567 891 1620 ut
914 1557 987 1641 esti

586 1663 692 1735 dicite,
717 1680 792 1743 rogo
816 1681 883 1732 ros,
908 1660 1014 1731 dicite,
1039 1661 1111 1743 qnid
1135 1663 1175 1725 ita
1198 1664 1315 1746 rapitur
1338 1663 1433 1725 Attis?

344 1777 374 1832 et
396 1768 477 1852 qrrcd
500 1769 594 1848 magis
624 1769 735 1830 mirum
760 1764 855 1829 rideri
884 1774 1002 1847 posset,
1033 1772 1113 1827 totus
1143 1766 1283 1829 sotadeus
1313 1787 1417 1830 rersus
1447 1785 1483 1828 ex
1513 1766 1664 1830 trochaeis

343 1872 469 1956 pedibus
492 1874 607 1955 poterit
629 1870 776 1942 ordinari,
808 1879 840 1932 ut
863 1868 923 1932 duc
953 1869 1062 1933 habeat
1084 1868 1275 1952 ithyphallica
1306 1881 1401 1933 irretra
1426 1873 1540 1934 inserto
1564 1872 1664 1934 irradio

323 1974 501 2048 trochaeo,
526 1976 577 2058 qui
602 1977 658 2038 erit
681 1976 840 2055 septimus,
870 1970 959 2037 relati
1372 2027 1378 2037 .
1677 1997 1703 2037 rs

515 2097 635 2160 Bacche
658 2094 776 2160 Bacche
799 2095 916 2158 Bacche
941 2093 1058 2158 Bacche
1081 2093 1198 2157 liaeche
1223 2093 1341 2158 bacche
1364 2095 1492 2160 Bacche

342 2219 454 2300 quibus
476 2221 502 2281 si
530 2217 749 2300 interposueris
778 2215 893 2300 aliquos
921 2212 1181 2298 brachysyllahas,
1214 2217 1246 2278 id
1276 2224 1322 2279 est
1345 2235 1361 2279 e
1384 2216 1481 2281 tribus
1511 2217 1662 2288 brevibus,

343 2321 480 2386 eiusdem
503 2322 628 2386 rationis
645 2329 675 2382 et
692 2321 820 2391 narnieri,
845 2319 918 2383 licet
940 2318 1188 2383 adcrescentibus
1211 2317 1349 2402 syllabis,
1374 2330 1543 2406 temporum
1564 2332 1662 2385 tamen

342 2427 408 2508 lege
431 2435 563 2497 serrata,
588 2442 693 2488 versus
716 2425 863 2487 efficietur
886 2422 1021 2496 mollior,
1054 2422 1125 2486 dum
1149 2422 1304 2486 celerioris
1327 2427 1393 2488 serti
1418 2424 1587 2489 vibratione
1611 2425 1663 2488 de·

342 2538 479 2602 conatur,
504 2538 537 2593 ut
560 2537 605 2592 est
627 2525 638 2611 ΙΙ
1433 2547 1440 2562 ’
1677 2562 1703 2600 20

504 2649 622 2713 Bacche
646 2649 766 2710 Bromie
791 2647 909 2710 buccine
932 2647 1054 2710 lircmie
1077 2649 1195 2711 Bacche
1219 2648 1342 2712 Bromie
1365 2649 1497 2723 bacche,

341 2755 413 2817 item

464 2850 468 2858 '
593 2856 676 2919 irena
701 2873 824 2936 capere,
851 2854 908 2918 tela
931 2865 1073 2934 quatere,
1097 2875 1167 2918 saxa
1190 2857 1289 2918 iacere
1314 2857 1405 2920 disce.

342 2989 371 3042 et
395 2981 466 3058 quia
490 2978 555 3040 linit
578 2996 737 3046 numerus,
761 2985 795 3038 nt
810 2975 969 3058 rhythmus
994 2977 1149 3058 accipitur.
1181 2977 1292 3040 rielriuc
1315 2979 1384 3060 qttia
1408 2987 1510 3061 aptum
1527 2980 1661 3044 saltanti·

343 3083 400 3145 bus
429 3083 562 3153 ridetur,
598 3080 886 3164 hyparchenraticon
917 3099 933 3142 a
963 3081 1085 3143 Graecis
1120 3080 1239 3143 dicitur.
1285 3082 1337 3144 sed
1372 3093 1402 3145 et
1434 3082 1701 3166 ithyphallicumsa

341 3195 506 3250 metrume
530 3185 627 3248 tribus
650 3185 801 3247 trochaeis
824 3203 973 3246 conexum
997 3203 1088 3265 saepe
1112 3185 1192 3248 hurrc
1209 3183 1386 3268 tribrachyn
1410 3187 1466 3249 sibi
1490 3189 1605 3259 inserit,
1630 3197 1663 3250 ut

834 3304 918 3366 hasta
941 3304 1045 3368 viridis
1066 3316 1177 3378 armet,

340 3413 414 3473 item

807 3511 942 3593 placidus
964 3515 1067 3594 accipe
1090 3531 1209 3578 tonnus.

342 3635 422 3720 ‹yuod
447 3638 619 3698 necessaria
644 3633 855 3698 insinuandum
879 3653 945 3697 esse
967 3632 1073 3698 lectori
1090 3637 1209 3706 censui,
1234 3655 1272 3698 ne
1287 3633 1515 3719 ithyphallicum
1533 3645 1660 3701 metrum
1675 3671 1700 3709 ω

342 3762 358 3804 e
383 3739 480 3804 tribus
502 3758 623 3820 semper
647 3737 796 3802 trochaeis
820 3737 983 3802 subsistere
1007 3739 1147 3802 audacter
1170 3760 1205 3802 ac
1229 3749 1342 3804 temere
1366 3743 1584 3821 pronuntiaret.

342 3897 549 3908 ...—..-..—.-

413 3994 444 4042 13
463 3999 488 4040 et
506 3989 580 4054 quod
596 3991 679 4056 magis
701 4017 730 4027 -
750 3993 783 4042 29
802 3991 890 4058 accipe
909 4007 1002 4041 numus
1022 3991 1087 4042 Atti.
1105 3991 1215 4042 Fortun.
1235 3993 1303 4041 2671

406 4215 460 4266 l
450 4232 476 4266 aa
499 4216 625 4280 exemplis
646 4217 775 4281 proxiliei
794 4217 869 4266 metri
887 4223 914 4266 et
930 4215 971 4265 hir
990 4221 1014 4265 et
1033 4214 1149 4280 infrop
1168 4218 1225 4273 129,
1240 4219 1273 4266 10
1291 4217 1388 4266 mouit
1399 4221 1588 4281 prarrarnutr'amue
1607 4235 1661 4268 cram

341 4285 528 4352 pyrrichium
518 4301 544 4334 tn
560 4288 612 4349 sine
624 4301 708 4350 pones
710 4292 735 4334 et
746 4285 932 4350 protroclrueo
946 4287 984 4335 uel
995 4287 1127 4350 spondeo
1144 4285 1180 4344 of.
1196 4286 1269 4350 Hep
1266 4293 1339 4336 retest
1352 4303 1379 4350 p.
1393 4289 1435 4345 36,
1450 4289 1520 4339 ded.
1539 4287 1659 4352 tt'estpt.

412 4356 427 4405 a
450 4351 545 4420 genus]
571 4353 651 4421 Verp
666 4355 731 4406 Aca.
751 4353 800 4403 lc
872 4355 902 4404 16
925 4353 1022 4404 bacche
1039 4356 1127 4404 sexies
1145 4357 1268 4420 seriphum
1286 4355 1380 4404 liabent
1405 4356 1468 4406 AB
1540 4357 1571 4408 lo
1595 4357 1661 4406 moi-

342 4422 391 4473 lior
414 4411 509 4474 Atilius
533 4423 735 4475 Fortunatianus
758 4422 848 4473 melior
874 4422 972 4478 ΑΒς.
1006 4423 1040 4488 tf.
1062 4441 1088 4488 p.
1109 4425 1170 4490 131,
1187 4428 1203 4474 6
1225 4437 1252 4473 nr
1275 4439 1334 4472 welo
1354 4424 1380 4474 iu
1403 4425 1532 4476 recautum
1557 4441 1659 4475 rersnru

343 4491 459 4559 pieriryne
478 4492 565 4558 pedes,
589 4495 634 4556 qui
658 4509 715 4543 eum
735 4491 831 4542 luriunt
850 4491 1001 4551 molliorem,
1025 4503 1113 4542 contra
1132 4509 1210 4556 qrrnm
1233 4493 1377 4542 iocinerum
1396 4493 1436 4543 lex
1457 4509 1485 4544 se
1504 4495 1602 4545 hahet'
1597 4496 1661 4543 tuci·

342 4562 406 4612 dnm
494 4563 527 4613 ‘.‘4
552 4573 576 4612 et
598 4561 704 4626 qniaB
730 4573 755 4612 et
773 4561 809 4625 fyd
828 4559 897 4624 (lue
917 4573 941 4611 ct
959 4561 1063 4624 uiridem
1081 4579 1131 4628 pro
1150 4575 1174 4613 et
1192 4561 1249 4642 q't)
1258 4563 1282 4612 Α
1311 4572 1335 4610 et
1353 4563 1458 4642 quode
1547 4565 1660 4614 numeris

346 4631 436 4686 aas
508 4633 541 4683 25
560 4631 814 4698 hypercinemotieon
834 4633 858 4682 Α
873 4631 898 4681 Β
921 4645 1179 4698 υπερχρωιιατικον
1197 4644 1213 4687 ς
1236 4622 1473 4697 ὑπορχηαατικόν
1495 4633 1661 4714 Goiosordius

412 4701 445 4752 ‘l'l
464 4701 554 4751 uiridis
574 4714 590 4756 ς
614 4702 711 4752 Atilius
729 4701 931 4752 Fortunatianus
955 4702 1003 4750 uiri
1026 4701 1067 4751 dis
1090 4705 1183 4752 lacaena
1205 4715 1349 4766 peractarum
1367 4703 1510 4752 litterarum
1533 4709 1592 4768 post
1611 4703 1660 4752 uiri

343 4771 434 4820 relicto
457 4772 481 4819 A
507 4770 645 4835 uiriperdis
670 4769 769 4820 BVai.
857 4773 890 4822 ’29
914 4769 1029 4837 placidus
1054 4774 1158 4838 percipe
1181 4785 1274 4820 munus
1294 4769 1319 4819 :l
1332 4767 1387 4825 Be
1410 4770 1527 4837 placidus
1546 4771 1608 4822 ardes
1627 4771 1660 4822 ad

343 4853 422 4887 armas
415 4840 517 4894 Atilius
536 4840 746 4890 i'orturrotionas
782 4841 931 4891 Victorinus
949 4843 986 4890 ito
1008 4844 1142 4892 mortereisae
1161 4840 1237 4892 cerdo
1256 4840 1363 4894 uidetur,
1388 4847 1414 4889 ot
1433 4843 1567 4908 dactylosa,
1587 4857 1661 4908 quem

344 4911 370 4958 in
388 4909 520 4959 sotadeum
539 4917 643 4960 acetrum
661 4910 757 4961 cudere
776 4911 890 4971 dixerat,
914 4913 940 4960 iu
963 4909 1127 4976 ithyphallico
1151 4925 1249 4978 quoque
1273 4909 1374 4960 admitti
1395 4912 1512 4976 exemplo
1534 4911 1661 4977 probaret
