3888 5550
383 357 449 428 454
680 375 784 424 untur
805 375 928 426 rnoru
953 359 1006 444 [u.
1030 359 1193 443 crauvnu]
1218 359 1455 426 sncsnuorrs'

381 475 406 514 p.
419 465 450 505 tt.
465 465 491 504 02
509 463 536 504 V.

472 553 512 614 lle
536 549 726 634 pleonasmo.
771 549 967 614 Pleonasmos
998 559 1044 612 est
1071 551 1161 613 unitis
1186 549 1268 613 verbi
1293 549 1425 614 adiectio
1448 550 1592 632 amplius,
1622 568 1710 632 quatu

385 656 477 736 exigit
499 673 615 724 sensus,
640 662 673 716 ut
696 655 763 716 ‘sio
787 672 849 715 ore
873 652 992 716 locuta
1017 657 1100 718 est’.

474 758 517 821 lie
540 756 751 842 perissologia.
798 756 999 838 Perissoiogla
1024 766 1070 820 est
1093 756 1255 822 multorum
1274 757 1436 821 verborum
1460 757 1496 820 ad
1514 776 1640 820 sensum
1658 775 1706 819 ex·

384 862 577 944 primendum
605 879 789 944 supervacua
818 859 962 933 adiectio,
991 870 1023 924 ut
1053 873 1099 926 est
1127 859 1227 926 ‘ibant
1250 881 1308 944 qtra
1332 868 1487 941 poterant,
1517 871 1547 924 et
1569 880 1627 944 qua
1651 879 1709 923 nou

385 973 524 1048 poterant
547 985 607 1028 nou
631 964 738 1028 ibant’.
854 973 856 976 ’
1414 1047 1418 1052 1
1721 980 1734 1022 ι

477 1069 518 1132 [ie
546 1067 740 1149 macrologia.
787 1067 967 1148 llacrologia
990 1077 1036 1133 est
1063 1071 1160 1131 oratio
1183 1070 1271 1149 longa
1294 1069 1361 1131 sine
1384 1067 1480 1142 cultu,
1510 1078 1543 1132 ut
1566 1078 1611 1131 est
1631 1073 1707 1131 trc-

383 1183 462 1245 tro,
487 1172 581 1234 unde
605 1180 794 1243 venerant,
819 1171 958 1234 domum
983 1173 1123 1235 reversi
1148 1175 1258 1238 sunt'.

471 1276 513 1340 ue
543 1275 714 1356 tautologia.
760 1275 935 1356 'lautologia
960 1286 1007 1338 est
1029 1275 1164 1338 eiusdem
1192 1294 1300 1337 seusus
1328 1274 1374 1338 vel
1403 1276 1487 1339 verbi
1515 1277 1649 1359 iteratio,
1678 1284 1710 1337 ut

384 1390 431 1442 est
457 1385 526 1460 ‘ego
556 1381 619 1460 ipsc
644 1380 779 1443 leci'et
802 1377 963 1461 ‘qualem
991 1381 1133 1462 pateris
1161 1377 1319 1443 libamus
1344 1389 1378 1442 et
1401 1382 1508 1442 auro'
1531 1398 1587 1461 pro
1611 1381 1710 1440 aureis

383 1485 513 1566 pateris:
561 1483 620 1546 dito
655 1485 756 1566 posuit
786 1500 842 1564 pro
872 1501 947 1554 uno,
977 1492 1010 1544 ut
1040 1483 1174 1546 ‘media
1214 1483 1404 1546 testudine
1440 1481 1572 1564 tempii
1603 1491 1746 1564 septau

383 1588 524 1650 armis’.

472 1689 513 1752 lle
536 1690 651 1771 eclipsi.
697 1689 825 1770 Eclipsis
854 1697 899 1751 est
922 1706 1031 1752 sensus
1054 1691 1154 1752 minus
1179 1688 1293 1754 habens
1316 1688 1493 1772 verborum,
1513 1692 1517 1768 Ι
1544 1706 1632 1768 quam
1658 1707 1708 1748 ne·

383 1793 507 1856 cessitas
522 1791 669 1873 postulat,
693 1800 727 1854 ut
750 1794 871 1873 ‘quent
894 1791 967 1854 tibi
990 1794 1058 1855 iam
1075 1792 1219 1856 Troia':
1245 1793 1351 1856 ‘dedit’
1369 1802 1420 1857 aut
1434 1791 1546 1874 aliquid
1564 1790 1622 1854 talo
1638 1790 1707 1854 stab·

383 1895 513 1959 auditur.

469 1999 511 2063 lle
536 1999 673 2082 tapinosi.
722 1998 882 2082 Tapinosis
905 2009 951 2062 est
973 2002 1018 2063 rei
1035 2018 1160 2081 maguae
1184 1999 1306 2064 humilis
1329 2003 1491 2083 expositio,
1516 2010 1549 2063 ut
1566 1997 1706 2062 lioratius
1720 2015 1743 2055 u

382 2102 550 2166 ‘Pelidae
573 2103 803 2167 stomachum
826 2102 958 2166 cedere
982 2103 1117 2166 nescii’
1142 2123 1197 2186 pro
1220 2102 1340 2166 fervore
1363 2101 1410 2166 rel
1432 2103 1598 2166 iracundia.

471 2205 514 2269 tta
537 2207 761 2288 cacosyntheto.
808 2205 1049 2288 Cacosyuthetou
1066 2216 1112 2270 est
1134 2207 1279 2270 indecens
1301 2215 1455 2270 structura
1479 2206 1652 2278 verborum,
1677 2213 1709 2266 ut

382 2311 577 2390 ‘versaque
599 2312 792 2373 iuvencum
816 2319 921 2390 terga
945 2312 1144 2390 fatigamus
1167 2310 1298 2373 hasta’.
1382 2333 1383 2336 ¹

470 2414 511 2479 tte
541 2412 736 2477 hiulcatione.
782 2413 931 2476 lliulcatio
961 2424 1019 2484 ast,
1048 2415 1074 2476 si
1097 2415 1220 2477 liniatur
1250 2417 1281 2477 iu
1310 2411 1443 2476 vocalem
1473 2415 1569 2476 oratio
1601 2422 1631 2475 et
1659 2431 1707 2474 ex·

383 2520 513 2602 cipiatur
541 2537 557 2580 a
585 2516 696 2586 vocali,
731 2517 811 2598 quod
846 2517 916 2580 iacit
948 2517 1034 2580 hiare
1068 2517 1248 2588 dictionem,
1285 2526 1317 2579 ut
1350 2515 1512 2579 ‘insulae
1543 2515 1645 2579 ionio
1675 2517 1744 2577 ium

382 2626 536 2703 magno'.

438 2751 441 2758 ·
471 2724 512 2786 lle
535 2725 741 2805 mystacismo.
787 2723 1002 2816 llyotacismus
1025 2725 1071 2794 tit,
1102 2742 1169 2786 curn
1199 2725 1282 2787 finita
1307 2742 1376 2806 pars
1399 2724 1547 2788 orationis
1569 2725 1600 2784 in
1625 2741 1653 2784 m
1677 2731 1707 2783 et

382 2838 508 2910 excepta
530 2845 551 2888 u
573 2831 675 2892 vocali
694 2825 810 2890 laedam
835 2827 925 2890 iaciat
946 2827 1125 2898 dictionem,
1150 2838 1182 2891 ut

442 3015 443 3018 Ἴ
505 2940 614 3014 poeta
637 2949 713 2994 cum
737 2933 893 3012 primum
915 2931 1074 2994 animum
1099 2929 1143 2992 ati
1168 2931 1402 2994 scribendum
1426 2929 1583 3014 appulit.

381 3037 454 3100 huic
478 3037 550 3097 vitto
574 3035 689 3098 similes
711 3031 817 3116 sunt†
841 3035 1023 3110 nattacismi,
1049 3037 1213 3099 rottacismi
1237 3047 1268 3099 et
1290 3037 1428 3106 omnino,
1452 3053 1521 3096 cum
1546 3035 1577 3095 in
1600 3049 1743 3096 conso-u

385 3147 510 3203 nantem
539 3139 663 3202 finiatur
690 3155 762 3220 pars
790 3138 934 3201 orationis
963 3148 993 3201 et
1022 3139 1189 3222 excipiatur
1218 3157 1233 3200 n
1263 3140 1369 3203 vocali.
1415 3138 1473 3202 ltoo
1502 3155 1631 3219 namque
1659 3155 1706 3197 ιιι·

381 3241 449 3306 lunt
464 3240 698 3324 technograplti,
723 3249 755 3304 ut
771 3259 841 3323 pars
857 3243 1002 3304 orationis
1019 3241 1139 3304 liniatur
1156 3245 1187 3304 in
1205 3241 1336 3306 vocalem
1361 3251 1391 3304 et
1414 3241 1581 3323 excipiatur
1604 3257 1620 3302 a
1637 3258 1705 3302 cou-

381 3347 511 3410 sonanti.

470 3449 511 3511 lle
534 3449 668 3530 apropia.
714 3449 844 3530 uprepia
868 3456 913 3511 esi
934 3447 1065 3511 absurda
1091 3457 1120 3511 et
1144 3447 1287 3512 indecens
1304 3448 1466 3512 verborum
1482 3455 1651 3516 structura.
1676 3457 1707 3507 ut

380 3555 416 3614 ‘o
438 3551 518 3614 Tite
544 3561 625 3614 tute
648 3550 730 3613 Tati
754 3549 824 3612 tibi
848 3555 973 3614 tanta'.
1716 3567 1740 3607 u

449 3691 465 3741 2
485 3691 523 3741 sic
536 3685 593 3756 ore]
612 3689 691 3756 Verg.
705 3689 773 3740 Aen.
788 3687 804 3740 I
817 3691 868 3740 011
956 3693 973 3742 4
991 3689 1196 3758 superusqttnB
1285 3685 1367 3758 ilmut]
1388 3692 1420 3756 rs
1439 3690 1539 3742 Clario.
1551 3705 1578 3756 p.
1593 3691 1653 3748 271,
1667 3691 1705 3738 ro.

381 3788 406 3828 et
423 3784 484 3828 unte
508 3791 559 3841 qun
583 3777 698 3827 additum
720 3781 830 3841 praeter
854 3774 1023 3828 Sacerdotem
1045 3776 1123 3828 dolet
1146 3775 1299 3828 Ριιιοίαιιιιε
1317 3779 1332 3828 l.
1354 3777 1444 3829 XVII
1461 3794 1490 3844 p.
1512 3779 1569 3836 110,
1590 3779 1614 3834 9,
1640 3775 1708 3842 perosi

379 3865 556 3930 grammaticis
587 3861 747 3914 tribuendum
768 3877 826 3913 eece
849 3862 912 3913 uidit
930 3861 1046 3914 tl'nelu'ua
1070 3879 1158 3929 opusc.
1181 3863 1271 3928 plilul.
1289 3881 1312 3916 o.
1334 3863 1349 3914 I
1364 3881 1392 3930 p.
1413 3867 1466 3916 354
1541 3857 1705 3928 6ret1·o]cf.

382 3949 483 4002 Clonin
501 3966 528 4016 p.
547 3951 609 4013 211,
631 3950 666 4000 13
752 3947 914 3998 'lueneruut
937 3947 978 3999 Bu
1065 3951 1204 4016 iiegomet
1227 3951 1285 4016 ipse
1309 3949 1442 4002 clariciam
1461 3950 1598 4001 Diomedes
1619 3948 1704 4000 Doun-

380 4041 435 4096 ion,
461 4047 564 4102 egomet
589 4037 645 4102 ipse
670 4033 766 4103 perieci
790 4035 898 4100 Pompei
914 4050 942 4101 p.
962 4037 1023 4100 201,
1043 4037 1077 4086 21
1183 4033 1297 4104 qualem]
1329 4036 1408 4103 Verp.
1425 4051 1515 4102 georg.
1534 4035 1569 4086 ll
1588 4037 1639 4084 192

382 4123 414 4174 10
433 4117 528 4188 media]
553 4120 633 4188 Verg.
652 4117 758 4184 Aemfi
778 4123 843 4172 505:
862 4122 896 4185 rs.
916 4121 989 4172 Sero.
1008 4121 1107 4172 inni.
1197 4121 1380 4188 septnrmisB
1435 4123 1466 4172 12
1486 4119 1523 4172 De
1542 4119 1638 4186 ellipsi.
1672 4115 1706 4167 el·

381 4207 489 4274 lipsisa
579 4209 610 4259 13
629 4217 657 4257 ut
674 4206 763 4259 nm.B
850 4201 939 4276 quem]
964 4207 1044 4273 Verg.
1064 4207 1131 4258 Aen.
1153 4206 1271 4259 111310
1360 4209 1392 4259 10
1411 4201 1524 4273 Pelidae]
1545 4205 1614 4256 Hor.
1628 4219 1730 4282 eurus.x

380 4292 441 4352 to,
467 4296 483 4343 0
555 4294 586 4344 18
606 4287 745 4358 versaque]
775 4291 854 4358 Verp.
879 4291 946 4345 Aea.
975 4290 1070 4342 VIIII
1095 4295 1145 4344 000
1217 4293 1300 4346 tilde
1327 4292 1469 4344 ltiulatione
1495 4291 1605 4342 hiuiatio
1629 4288 1654 4339 B
1676 4287 1706 4338 de

380 4378 466 4430 hiulca
485 4380 611 4430 oratione.
642 4377 727 4428 lrtuim
748 4377 863 4429 oratius
950 4381 983 4430 20
1002 4393 1068 4442 quine
1087 4377 1192 4429 iacitB
1280 4379 1390 4440 insulae]
1413 4379 1573 4443 νημαι.
1592 4375 1706 4427 111211

414 4467 448 4517 22
467 4461 540 4533 pars]
562 4463 673 4531 purteB
742 4463 1018 4516 astruentium
1089 4467 1121 4516 21
1141 4477 1244 4532 poetam
1257 4481 1316 4517 oum
1329 4465 1368 4518 B:
1391 4466 1495 4518 Terent.
1511 4464 1596 4516 Andr.
1609 4463 1704 4528 prati

380 4550 519 4602 similisB
590 4552 623 4602 to
642 4551 779 4616 nytncismi
798 4551 930 4601 iotacismi
949 4551 1035 4602 editor
1052 4551 1267 4604 Vindobonensie.
1303 4551 1465 4604 scribendum
1477 4557 1536 4602 mut
1554 4545 1704 4598 labdacismi

380 4650 405 4689 et
423 4637 560 4690 iotacismi.
597 4653 655 4688 nom
672 4637 737 4690 leaeo
755 4637 826 4700 uitio,
846 4653 912 4704 quoe
931 4652 985 4687 cum
1003 4639 1166 4703 mpotnec'amo
1185 4656 1201 4689 α
1217 4640 1393 4706 praenuntiem
1410 4638 1532 4702 coniungi
1549 4637 1642 4692 soient,
1660 4633 1707 4685 doc

380 4726 436 4776 loco
454 4725 537 4776 omitti
559 4740 610 4776 uon
627 4731 760 4790 poterunt.
796 4724 846 4776 aed
863 4729 890 4774 ul
907 4739 992 4790 praua
1011 4725 1127 4776 uitiorum
1146 4725 1261 4788 definitio
1281 4717 1370 4776 errori
1384 4723 1547 4790 grammatici
1568 4721 1705 4774 tribuenda

380 4817 428 4874 eat,
450 4813 487 4860 ito
506 4812 538 4862 de
562 4810 702 4862 nominibus
724 4811 841 4862 uitiorum
859 4813 957 4862 errauit
1028 4810 1061 4860 20
1081 4808 1155 4860 liniat
1173 4827 1234 4878 pars
1253 4811 1279 4860 B
1348 4812 1381 4862 30
1400 4825 1415 4860 ιι
1435 4810 1478 4860 tite
1501 4821 1552 4859 tate
1571 4809 1617 4860 tibi
1637 4820 1707 4861 tantu

380 4893 422 4944 B:
441 4893 510 4962 Ena.¹
528 4898 613 4954 rennui,
633 4914 655 4947 u.
674 4895 722 4947 113
740 4898 780 4948 ed.
804 4896 879 4950 Vaut.
