3906 5564
299 377 304 388 ,
374 309 436 376 118
870 308 977 362 uranu
1000 308 1193 366 vrcronnu

397 425 419 468 p.
433 411 492 455 esee.
506 412 532 454 et
546 408 570 456 r.
1504 423 1527 468 p.
1542 412 1586 455 ror.
1601 411 1627 454 er
1641 411 1667 456 e.

290 529 302 550 ·
370 512 400 566 et
421 510 598 581 sequentem
623 499 768 583 epodum,
793 503 845 582 qui
869 519 885 564 e
909 501 1047 564 trimetro
1070 502 1197 566 iambico
1221 499 1397 564 catalectico
1420 499 1571 572 subsistit,
1594 501 1624 563 id
1649 509 1695 564 est

717 603 900 688 trahuntque
925 606 1021 670 siccas
1044 606 1200 669 machinae
1225 606 1352 676 carinas,

371 710 463 775 simili
495 707 628 772 clausula
653 709 828 772 terminatos
851 710 882 771 in
906 708 1035 772 eundem
1059 709 1167 775 cadere
1190 727 1370 781 numerum,
1401 711 1537 792 quamvis
1559 708 1695 774 diversae

371 815 499 879 rationis
521 815 602 875 inter
624 831 656 876 se
680 813 860 896 generisque
883 812 1068 887 riderentur,
1091 817 1205 898 quippe
1227 831 1297 876 cum
1320 811 1396 876 alter
1418 800 1564 895 dactylico
1586 822 1695 890 metro,

371 917 447 984 alter
462 915 592 980 iambico
609 925 780 988 censeatur,
803 925 906 980 tamen
929 916 1088 982 adiciendo
1111 919 1217 982 maiori
1240 915 1384 1000 syllabam
1409 927 1440 980 et
1461 916 1648 984 detrahendo
1663 912 1678 1002 h
1705 937 1720 980 s

372 1024 483 1086 minori
514 1027 695 1084 consecutus
726 1028 772 1084 est
800 1029 833 1084 ιιι
862 1032 990 1105 uterque
1018 1020 1175 1104 phalaecio
1205 1029 1301 1084 metro
1331 1019 1572 1084 concluderetur.
1625 1038 1693 1084 nam

373 1126 511 1208 superior
527 1122 703 1187 hexameter
726 1125 778 1197 sic,
803 1125 896 1189 ‘reris
919 1133 949 1188 et
971 1124 1093 1196 laroni’,
1138 1143 1270 1206 sequens
1292 1126 1429 1188 trimeter
1452 1126 1502 1196 ita,
1528 1125 1695 1202 ‘machinae

372 1230 513 1293 carinas’.
559 1247 637 1311 quae
668 1237 797 1310 utraque
827 1227 925 1292 tribus
952 1227 1102 1292 trochaeis
1125 1228 1265 1300 adnexis,
1298 1227 1328 1293 id
1353 1238 1396 1291 est
1420 1237 1517 1292 metro
1540 1225 1694 1312 phalaecio

373 1334 562 1404 terminante,
587 1330 749 1396 admodum
772 1335 854 1396 inter
877 1351 910 1396 se
933 1331 1077 1396 decenter
1100 1339 1278 1397 consonant.

357 1579 359 1584 -
461 1539 525 1624 [ue
547 1552 752 1604 Petunt-:cto
776 1538 914 1624 uestro]
937 1539 1129 1605 Plralaecium
1159 1554 1274 1612 autern,
1305 1541 1386 1624 quod
1410 1548 1440 1604 et
1467 1539 1694 1624 itbyplrallicunr
1711 1563 1737 1606 ro

373 1646 421 1716 fit.
439 1646 476 1732 ⁸si
504 1643 602 1708 tribus
630 1643 783 1708 trochaeis
811 1643 981 1715 claudatur,
1011 1644 1194 1728 appellatum
1223 1649 1309 1709 aiunt
1332 1665 1348 1708 a
1372 1641 1534 1726 Phalaeco,
1564 1645 1614 1725 qui
1645 1641 1696 1707 illo

373 1749 552 1832 irequenter
585 1765 657 1810 usus
685 1757 745 1821 est,
783 1757 815 1810 ut
842 1757 871 1810 ct
901 1747 1037 1831 Sappho,
1074 1750 1155 1831 quod
1183 1757 1299 1814 constat
1336 1767 1372 1812 ex
1401 1749 1539 1832 glyconio
1568 1748 1695 1830 octasyl·

373 1851 458 1925 labo,
481 1859 515 1914 ut

772 1957 827 2018 sic
852 1965 888 2019 te
911 1954 994 2018 diva
1017 1966 1155 2038 potens
1178 1957 1299 2038 Cypri.

376 2063 484 2144 recipit
506 2068 606 2124 autern
628 2059 806 2143 spondeum,
830 2057 1048 2136 choriambum,
1073 2059 1238 2124 diiambum
1263 2071 1293 2124 et
1314 2058 1468 2143 syllabam,
1494 2068 1527 2122 ιιι
1713 2079 1739 2122 rs

713 2163 812 2227 sulcos
836 2172 907 2226 tunc
930 2170 1073 2245 retegunt
1095 2183 1200 2228 comae
1221 2163 1360 2227 latentes.
1582 2171 1583 2176 ’

377 2269 456 2332 idem
486 2270 538 2332 det
559 2265 787 2350 ithyphallicum
815 2265 871 2330 sub
895 2286 930 2330 ea
953 2267 1116 2340 divisione,
1145 2271 1177 2330 io
1201 2287 1259 2351 qua
1282 2269 1401 2348 primus
1423 2285 1493 2348 pes,
1527 2275 1561 2328 ut
1583 2269 1612 2329 in
1636 2265 1698 2347 gly-

377 2374 477 2444 conio,
502 2373 561 2435 erit
576 2389 654 2435 rrnus
678 2391 694 2434 e
717 2380 859 2453 quattuor
880 2368 1043 2455 disyllabis,
1068 2371 1180 2435 dehinc
1203 2371 1347 2453 dactylus,
1372 2381 1443 2436 tunc
1467 2378 1529 2432 tres
1553 2370 1697 2439 trochaei.

377 2486 411 2540 ut
434 2487 480 2541 est
503 2480 593 2540 etiam
617 2474 677 2548 hic,

679 2577 894 2643 iamdudum
918 2578 991 2643 tibi
1015 2578 1211 2643 disserens
1233 2569 1404 2661 probavi.
1713 2606 1741 2647 ro

379 2684 499 2765 quidam
517 2691 618 2764 tamen
635 2681 867 2747 nullamrolunt
890 2699 955 2746 esse
979 2683 1178 2746 dillerentiam
1201 2685 1281 2746 inter
1304 2684 1369 2756 hos,
1392 2682 1444 2746 sed
1468 2682 1598 2745 eundem
1622 2680 1700 2762 ithy-

377 2787 540 2873 phallicum
568 2795 599 2850 et
626 2784 812 2869 phalaecium
842 2788 1005 2870 accipiunt.
1049 2786 1109 2852 boc
1135 2797 1236 2851 autem
1259 2787 1417 2869 phalaecio
1448 2804 1536 2848 remu
1559 2785 1699 2848 Liberum

378 2901 495 2976 patrem
518 2889 706 2955 sollemniter
730 2900 854 2962 canunt,
885 2887 1066 2975 [siquidem]
1090 2891 1169 2972 quod
1197 2892 1288 2954 etiam
1312 2893 1376 2953 eius
1399 2891 1520 2952 nomine
1544 2898 1573 2950 et
1595 2886 1716 2971 rhyth·‘

277 3033 280 3040 ·
380 3015 461 3060 mum
485 3004 514 3058 et
536 3003 666 3058 metrum
689 2977 860 3078 complente
888 2992 1114 3058 demonstratur
1143 2995 1227 3074 sic,l
1253 2994 1383 3057 ‘Bacche
1416 2991 1533 3055 llaccha
1557 2990 1699 3055 Baccbe'.

379 3117 451 3163 sanc
490 3099 657 3180 reperimus
691 3097 879 3180 phalaecium
915 3096 1028 3178 syllaba
1062 3101 1222 3162 norissima
1257 3099 1390 3161 detracta
1425 3094 1516 3158 veluti
1549 3103 1742 3168 scazonta.25

381 3214 414 3266 ut
437 3214 483 3265 est

741 3323 821 3369 nunc
844 3307 965 3368 Troiam
990 3306 1052 3370 iera
1078 3305 1210 3368 vindicat
1228 3306 1339 3376 Venus,

381 3428 469 3491 quem
493 3409 596 3473 volunt
620 3411 714 3474 rideri
737 3409 889 3473 claudum.
908 3405 929 3493 ΙΙ

382 3723 417 3772 Β,
436 3651 675 3773 '105gpelppciupro
686 3669 714 3718 p.
733 3655 812 3706 2595.
832 3654 908 3702 2527.
944 3650 1046 3703 Terent.
1068 3651 1155 3702 aliaur.
1175 3653 1244 3702 2545
1262 3667 1319 3718 sqq.
1347 3652 1410 3703 Atii.
1432 3651 1538 3702 Fortun.
1559 3653 1626 3702 tort
1643 3663 1703 3717 sqq.

408 3739 464 3774 rom.
536 3758 542 3780 ,
599 3749 633 3760 -

451 3927 540 3995 lqui]
558 3927 630 3994 quod
648 3927 673 3978 B
734 3927 849 3980 substitit
868 3928 954 3984 Alte
1016 3926 1179 3992 llqnomris]
1200 3929 1235 3992 qir
1255 3930 1277 3979 A
1295 3941 1352 3977 cum
1372 3925 1398 3976 B
1415 3939 1532 3991 qunma
1595 3925 1704 3992 dphal·

381 4000 432 4051 lico
458 3999 637 4062 Gaiesordius.
661 3999 720 4048 item
742 3998 759 4050 8
846 3999 863 4049 8
884 3998 987 4065 carinas
1011 3997 1027 4061 sy
1049 3998 1200 4061 ueroquerl
1225 3997 1325 4047 carinas
1350 4007 1438 4060 eurrtq.
1464 4009 1572 4060 utraque
1590 3995 1616 4047 B

381 4071 397 4120 s
417 4071 482 4118 intra
501 4083 529 4122 se
549 4065 642 4122 Ana
708 4069 740 4118 10
757 4067 829 4131 quod
847 4079 872 4117 et
888 4065 1085 4134 ithyphallicnm
1104 4067 1128 4116 si
1147 4067 1228 4116 trihus
1246 4079 1263 4122 ς
1281 4081 1319 4136 qu
1342 4103 1366 4117 ..
1389 4070 1407 4116 h
1426 4065 1595 4132 ithyphalllii
1613 4065 1635 4116 si
1656 4065 1704 4115 tri·

382 4139 430 4188 bus
449 4141 473 4188 Α
494 4137 563 4199 quod
576 4147 601 4186 et
617 4135 812 4203 irlryphallicum
831 4137 865 4187 sit
883 4137 964 4186 trihus
987 4136 1047 4190 Vct.
1066 4134 1305 4202 quethyphallicum
1320 4135 1354 4184 sle
1367 4134 1447 4185 tribus
1467 4134 1492 4184 B
1563 4137 1593 4186 11
1613 4133 1703 4200 appel-

382 4207 462 4257 latum
480 4207 553 4257 aium
570 4205 597 4256 B
614 4205 702 4261 Vobs
720 4205 877 4273 appellatum
890 4216 930 4256 est
942 4207 1024 4271 aiunt,
1043 4206 1128 4256 deleto
1141 4216 1181 4255 est
1199 4206 1224 4256 A
1278 4203 1455 4272 phallnecoA
1514 4201 1569 4269 qui]
1588 4203 1659 4268 quod
1677 4201 1705 4252 B

453 4277 484 4328 12
503 4287 528 4326 et
545 4291 592 4328 orn.
606 4277 630 4326 A
643 4273 696 4331 Βς
765 4286 867 4326 constat
884 4289 917 4325 ex
936 4273 1057 4341 glyconio
1077 4273 1246 4338 octosyllabo,
1266 4285 1294 4324 ut
1311 4271 1403 4323 ‘sic'te
1420 4273 1480 4322 dira
1499 4283 1593 4339 potens
1612 4272 1704 4338 Cypri’

382 4357 407 4396 et
425 4345 511 4395 lembo
534 4358 559 4395 er
582 4343 689 4410 syllaba,
716 4354 743 4393 ut
761 4343 933 4403 hearne,'sie,
958 4345 1008 4393 ‘sic
1026 4355 1051 4394 te
1069 4343 1129 4392 diva
1149 4356 1240 4409 potens
1265 4342 1341 4409 Cypri
1363 4342 1471 4396 beatae’.
1504 4343 1594 4408 recipit
1616 4355 1703 4391 autem

385 4413 514 4481 Berplrhoe
537 4416 564 4465 in
590 4416 799 4464 corrmentotione
822 4413 969 4464 academica
997 4413 1114 4476 beneficii
1136 4411 1351 4478 Marperperioni
1372 4412 1428 4475 ieqe
1451 4413 1523 4462 edito
1547 4411 1610 4462 Hal.
1634 4412 1704 4462 1863

383 4501 408 4549 p.
426 4488 449 4536 7.
477 4485 667 4534 accuratiorem
689 4483 872 4546 definitionem.
902 4499 952 4548 pua
976 4498 1011 4533 erc
1032 4483 1157 4548 plpcorreo
1184 4490 1265 4532 metro
1297 4481 1437 4531 duceretur
1457 4481 1631 4546 phalereum,
1654 4495 1705 4544 per

383 4554 566 4619 nepleperrta'um
585 4553 747 4617 excerpendi
767 4552 917 4603 Victorinus
934 4553 1047 4602 omieuee
1065 4551 1175 4602 uidetur.
1246 4549 1357 4600 cliconlo
1376 4550 1400 4599 A
1474 4551 1505 4600 tt
1523 4549 1561 4600 sic
1580 4546 1614 4612 te]
1634 4549 1704 4600 Hor.

382 4639 460 4675 curm
481 4621 498 4672 1
518 4623 574 4682 3,t
646 4623 678 4673 15
700 4615 854 4686 diiambum]
880 4620 993 4671 iambum
1017 4618 1116 4676 ΑΒς.
1147 4619 1181 4684 cs.
1198 4636 1226 4686 p.
1247 4621 1314 4670 2595
1335 4619 1376 4667 sin
1401 4632 1461 4668 vero
1485 4619 1521 4668 ita
1539 4617 1651 4679 divides,
1677 4630 1705 4666 ιιι

384 4692 495 4756 primum
515 4689 672 4758 spondeum,
691 4689 783 4740 dehinc
801 4689 986 4749 choriambum,
1005 4701 1066 4755 post
1083 4689 1224 4740 diiambum
1245 4701 1269 4738 et
1287 4686 1413 4752 syllabam
1432 4686 1553 4750 colloces,
1573 4688 1622 4736 erit
1638 4685 1705 4753 plm-

383 4759 490 4810 laecium
580 4761 612 4811 18
630 4759 748 4824 dactylus
766 4757 821 4814 ςΒ
839 4759 956 4824 dactylos
976 4760 999 4809 A
1088 4761 1121 4810 20
1139 4753 1303 4820 iamdudum]
1326 4754 1428 4809 Terent.
1449 4755 1537 4806 rliuur.
1559 4759 1625 4806 2571

383 4831 416 4880 23
435 4831 457 4878 si
476 4830 580 4894 quidem
600 4829 764 4894 quodetiam
785 4827 1090 4892 reciproquam
1111 4826 1134 4878 B
1204 4829 1237 4878 24
1256 4819 1368 4893 bacche]
1393 4824 1496 4876 Terent.
1516 4825 1606 4876 Maur.
1627 4827 1703 4877 tels.
