3888 5550
920 263 1140 313 TERENTIAM

628 445 795 506 saturnium
822 441 998 505 toenntlum.

628 549 682 612 sed
706 558 752 610 est
775 549 861 628 origo
884 563 1001 627 graeca,

630 652 735 735 illique
759 663 878 714 metron
903 649 983 714 istutl

564 773 615 815 esus
630 767 714 820 certo
739 757 827 819 motlo
852 755 1016 826 detlertmt;

628 864 786 944 nostrique
810 879 877 922 mox
900 871 1009 943 poetae

629 965 735 1027 rudem
759 983 865 1026 sottum
890 965 995 1033 secuti,

630 1079 836 1150 utquomque
861 1087 909 1130 res
933 1065 1059 1137 serebat,

631 1176 676 1235 sic
700 1171 829 1252 disparis
852 1173 964 1253 hguroe

567 1294 619 1336 esto
634 1294 739 1338 versus
761 1295 851 1356 rogos
875 1275 1024 1338 locabant.

630 1390 698 1462 post
722 1382 832 1442 rectius
856 1379 1014 1460 probatum
1040 1385 1096 1446 est,

631 1495 663 1546 ut
686 1481 745 1546 tale
768 1483 854 1545 colon
879 1491 959 1546 esset

630 1591 766 1650 iunctum
792 1585 889 1648 trihus
913 1585 1074 1654 trochaeis,

630 1701 663 1754 ut
685 1694 710 1753 si
736 1699 821 1752 vocet
844 1689 989 1761 Camenas
1012 1691 1078 1769 quis
1101 1708 1206 1752 norem
1231 1709 1361 1752 sorores.

567 1813 618 1854 ens
634 1803 662 1857 et
685 1794 797 1858 Naevio
819 1803 925 1876 poetae
949 1795 991 1855 sic
1015 1795 1117 1856 lerunt
1140 1793 1283 1864 lletellos,

632 1919 700 1961 cum
725 1917 814 1980 saepe
839 1897 1046 1967 laederentur,
1072 1916 1137 1960 esse
1161 1901 1367 1965 comminutos,

633 2003 796 2066 ‘tlalrunt
821 2001 956 2064 tnclum
980 1999 1126 2063 llctclli
1150 1999 1286 2064 Naevio
1310 2003 1474 2083 poette'.

632 2105 777 2170 dabunt
799 2103 933 2166 malunt
956 2102 1118 2175 Metelli,
1144 2103 1249 2166 elautls
1274 2123 1345 2186 pars
1371 2106 1509 2168 dimetri:

633 2209 778 2274 dabunt
802 2207 933 2271 malum
957 2205 1115 2278 Metelli,

569 2314 740 2377 senodest
763 2311 866 2374 celer
890 2309 1084 2392 phaselus,

634 2413 904 2497 llemphititles
928 2412 1092 2494 puellae.

635 2523 777 2583 tinctus
801 2517 931 2580 colore
955 2520 1094 2580 noctis.

635 2635 703 2705 post
726 2622 863 2692 Naeuio
887 2633 1020 2704 poetae
1044 2632 1105 2684 tros
1130 2624 1211 2686 vities
1236 2623 1409 2685 trochaeos:

635 2747 703 2792 nam
728 2727 770 2790 ttil
794 2726 882 2789 ohest
905 2727 1061 2797 trochaeo,
1086 2725 1173 2808 louge
1197 2729 1276 2810 qttotl
1300 2747 1442 2810 suprema
1465 2737 1520 2789 est.

570 2851 621 2891 ests
681 2832 716 2894 ttt
738 2829 931 2892 choriambus
955 2849 1033 2892 unus

636 2935 794 3018 praeditus
817 2933 998 2996 nntibnceho

635 3039 798 3109 claudicat,
824 3046 856 3099 ut
879 3039 1008 3119 priores.

637 3143 754 3214 tilleto,
778 3145 804 3204 sl
827 3140 937 3204 novelli

636 3265 740 3311 tersus
764 3248 823 3309 erit
845 3255 968 3328 poetae;

571 3351 683 3413 ossolet
707 3361 805 3412 temen
831 3369 889 3411 ιιιιιι
913 3351 1002 3412 metri
1026 3359 1086 3411 est:

638 3457 782 3516 tinctus
805 3452 933 3516 colore
958 3455 1094 3524 noctis,

637 3558 778 3620 tlolront
802 3556 934 3620 malum
958 3557 1116 3620 Metelli:

637 3661 834 3726 ‘lnachine
858 3661 1008 3744 puellae

637 3787 701 3828 seu
726 3766 829 3829 horis
853 3763 919 3828 ille
942 3771 1101 3828 custos’.

572 3888 623 3928 ests
638 3870 724 3933 colon
750 3884 779 3933 et
802 3870 860 3933 hoc
885 3873 915 3932 itt
941 3889 994 3930 usu

637 3977 777 4037 carminis
801 3984 846 4036 est
870 3975 984 4036 Horati.

638 4090 668 4140 tn
693 4097 787 4159 genus
810 4080 867 4140 hoc
890 4089 1040 4140 memento

383 4187 586 4199 ———----=-

340 4275 347 4304 ,
449 4237 515 4286 esst
536 4237 609 4289 tuate.
632 4235 728 4288 theou.
748 4251 773 4300 p.
794 4237 845 4285 stt
865 4236 905 4287 ee.
927 4235 1009 4296 satos.

383 4326 490 4334 „⁴—
494 4324 586 4332 -.ma-—

448 4375 516 4426 2508
537 4387 563 4423 ιιι
581 4389 698 4438 qtttteqtte
713 4372 852 4425 Bricsaettr
922 4374 989 4424 2514
1010 4373 1081 4424 Caes.
1104 4373 1180 4424 Boos.
1199 4393 1228 4441 p.
1249 4377 1339 4435 266,3
1358 4392 1393 4426 en·
1413 4376 1510 4428 Naeuio
1524 4392 1615 4426 norem
1630 4374 1694 4426 loris

379 4461 521 4512 concordes
539 4459 608 4509 illine
627 4475 730 4510 sot-ores
802 4461 877 4512 2515.
899 4461 939 4510 ll.
959 4461 992 4511 23
1012 4457 1116 4510 l'ttvto
1138 4463 1167 4512 ,tt
1238 4463 1305 4512 ‘2518
1324 4461 1426 4512 dintetri
1445 4463 1574 4530 ,llicytlun
1595 4461 1696 4515 ,tronus

384 4547 534 4599 Victorinus
558 4549 619 4610 tce,
639 4549 682 4605 20,
703 4547 810 4596 trimetri
831 4547 860 4598 ,ll
930 4548 997 4598 2519
1021 4549 1113 4598 deleuit
1138 4549 1257 4615 Micyllus
1327 4549 1393 4598 ‘2521
1417 4557 1442 4598 et
1461 4551 1527 4601 ‘2522
1550 4567 1599 4600 uno
1624 4566 1694 4601 uersu

378 4635 526 4686 coniunctos
544 4633 620 4684 hahet
640 4633 672 4684 Μ
740 4637 808 4686 '2524
829 4649 887 4682 nom
913 4634 976 4684 nihil
998 4634 1082 4684 obstat
1101 4635 1182 4686 edidit
1200 4635 1341 4686 Brissueus
1411 4636 1478 4686 2536
1498 4633 1598 4705 Horou]
1619 4653 1696 4688 curm.

379 4719 396 4770 J
413 4723 445 4771 8:
464 4721 497 4784 σί.
512 4720 585 4774 Cuer.
607 4719 682 4770 Boss.
702 4738 728 4786 p.
749 4724 807 4778 270,
829 4723 868 4770 10.
907 4723 978 4786 opud
994 4720 1173 4772 Terentianum
1192 4737 1256 4788 qum
1275 4721 1307 4772 de
1326 4719 1373 4772 hoc
1391 4722 1503 4772 corrnine
1522 4723 1593 4774 dicta
1612 4731 1694 4792 erant,

381 4821 446 4855 nunc
465 4823 514 4856 non
534 4810 651 4869 leyttntnr
