3874 5556
842 381 890 436 DE
913 387 1084 438 SYLdetS

274 475 278 488 ⁶
310 485 332 522 p.
347 473 406 518 2⁴0⁶.
419 473 432 514 l
445 473 471 518 Ρ.

519 565 681 646 exemplis,
705 584 742 629 an
765 581 855 647 prava
879 582 990 644 sequar
1014 563 1060 626 vel
1084 573 1177 634 recte.
1202 565 1340 648 probato.

519 671 680 754 quisque
704 669 808 732 scire
831 670 938 748 cupit
962 669 1008 730 rel
1031 671 1191 751 quisque
1214 669 1389 732 scribere
1413 677 1537 740 curat,

518 784 603 836 ante
627 783 733 836 stare
757 772 867 834 decet
890 788 958 833 cum
982 771 1048 834 dico
1073 781 1103 833 et
1124 790 1233 854 separo
1258 773 1391 844 terbum,

453 886 606 940 metante
630 874 894 938 Stesichorum
919 883 1039 938 vatem
1063 869 1199 938 natura
1224 880 1387 950 creavit,

517 981 622 1044 ultima
647 979 757 1042 vocalis
778 996 940 1060 remanens
964 978 1092 1059 finisque
1115 981 1250 1042 trochaei

518 1086 669 1166 excipitur
691 1084 836 1164 geminis,
860 1084 929 1163 quis
952 1085 1109 1162 proximus
1132 1086 1268 1147 exoritur
1292 1103 1360 1164 pros:

517 1206 594 1272 quae
617 1205 797 1270 quamquam
822 1188 921 1267 capite
944 1183 1069 1249 alterius
1092 1185 1176 1248 verbi
1200 1196 1370 1261 teneantur,

451 1272 455 1284 ¹
517 1292 667 1356 sulllciant
690 1299 773 1354 retro
796 1290 875 1352 viros
899 1298 929 1351 et
952 1298 1072 1371 tempus
1095 1299 1224 1371 oportet,

455 1409 506 1451 10⁷0
521 1413 651 1459 consona
675 1393 756 1477 quod
780 1389 870 1455 debet
892 1395 1043 1472 geminata
1066 1395 1182 1456 reterre
1205 1397 1312 1477 priori.

518 1517 586 1562 nam
610 1517 664 1560 cur
687 1497 821 1577 spondeo
845 1495 952 1558 credas
975 1515 1034 1560 non
1058 1496 1185 1560 reddero
1210 1509 1336 1578 tempus,

516 1621 594 1686 quae
618 1601 670 1664 tali
693 1604 809 1683 positu,
834 1619 902 1664 cum
925 1599 1062 1682 dactylus
1085 1601 1204 1674 incidit,
1228 1602 1366 1665 obstanti
1448 1600 1451 1606 '

517 1707 645 1788 incipe
668 1707 694 1768 si
717 1703 800 1767 dicas
824 1714 855 1766 et
877 1705 979 1765 scire
1002 1713 1054 1768 aut
1076 1704 1253 1768 scribere
1276 1708 1392 1788 lungae,

515 1812 646 1874 creticus
670 1807 811 1874 eflicitur.
857 1809 926 1888 quis
948 1807 1066 1871 viribus
1089 1827 1161 1889 ergo
1186 1811 1306 1873 nocebit

452 1927 503 1968 10⁷⁵
517 1912 634 1976 subdite
658 1915 856 1994 praeteritae,
881 1929 936 1973 cur
958 1911 1054 1974 isdem
1078 1912 1193 1976 viribus
1215 1933 1311 1997 aeque

517 2026 654 2099 tempora
679 2035 738 2078 non
762 2023 909 2096 praestet,
933 2032 1002 2078 cum
1026 2017 1065 2076 sit
1087 2015 1223 2079 subiecta
1249 2019 1365 2099 prioril

439 2163 441 2166 -
517 2123 591 2200 quin
615 2121 725 2184 mirum
749 2120 844 2200 magis
867 2119 1018 2189 invenias,
1044 2127 1076 2180 ut
1100 2127 1236 2201 tempore
1262 2109 1353 2204 duplo

517 2225 702 2288 semisonans
724 2225 819 2286 istaec
841 2224 1018 2305 pariterque
1040 2231 1070 2283 et
1094 2233 1175 2286 muta
1200 2223 1366 2287 cohaerens

516 2335 689 2410 correptam
712 2337 795 2389 retro
819 2335 970 2407 nequeant
993 2343 1104 2406 augere
1128 2327 1271 2390 trochaei.

452 2447 587 2494 emonam
611 2433 670 2493 trisl
693 2429 805 2494 vocalis
827 2427 972 2511 producta
996 2441 1140 2510 aequatur
1164 2442 1304 2514 utrasque

517 2537 622 2606 tertia,
646 2554 721 2617 quas
744 2533 805 2596 dixi
829 2531 944 2596 nullum
969 2543 1114 2614 poterunt
1136 2533 1207 2596 dare
1231 2543 1359 2618 tempus.

515 2641 619 2702 scire
642 2640 754 2701 etenim
778 2656 847 2699 cum
870 2635 938 2699 dico
961 2647 991 2700 et
1012 2646 1115 2700 stare
1137 2656 1315 2719 spumeus
1337 2641 1468 2712 amnis,

517 2745 605 2805 tertie
629 2741 738 2804 vocalis
761 2741 907 2823 producta
933 2741 1108 2820 adiungitur
1131 2738 1201 2812 illis,

516 2857 605 2930 atque
628 2845 697 2908 inde
721 2847 876 2928 accipiunt
900 2847 977 2906 rires
1000 2853 1188 2926 prosuntque
1211 2849 1325 2927 priori:

451 2965 504 3006 roeo
517 2953 542 3012 si
566 2951 655 3013 luerit
680 2958 835 3030 correpta.
860 2947 932 3010 nibil
956 2957 1110 3029 praestare
1134 2947 1285 3018 valebunt.

516 3071 585 3116 cum
609 3053 805 3135 scapulam
828 3053 991 3134 spatium
1015 3051 1205 3116 stimulum
1228 3054 1380 3136 subinngo
1405 3057 1558 3121 trocbaoo.

515 3158 627 3240 quippe
650 3156 758 3236 pedem
781 3157 912 3237 primum
937 3156 993 3216 nisi
1016 3175 1069 3237 pes
1092 3158 1285 3220 comitabitur
1308 3158 1392 3230 alter,

406 3309 407 3314 1
516 3260 626 3323 desinit
648 3280 715 3323 esse
738 3271 829 3340 caput
851 3277 970 3330 versus,
995 3269 1042 3322 eat
1061 3277 1151 3340 prosa
1175 3259 1303 3342 loquela.

516 3384 570 3446 pes
593 3365 703 3426 etenim
726 3365 857 3446 speciem
881 3365 969 3425 metri
994 3381 1157 3446 numquam
1181 3365 1251 3426 iacit
1275 3384 1362 3438 unua,

373 3449 375 3454 ¹
451 3487 502 3528 roeo
520 3471 588 3548 quia
612 3478 642 3530 et
666 3469 754 3531 variis
774 3466 903 3547 pedibus
926 3465 1080 3545 loquimur
1102 3486 1241 3530 sermone
1266 3468 1373 3541 soluto,

517 3591 573 3634 nec
597 3583 727 3634 metrum
752 3572 893 3641 iacimus,
918 3572 986 3652 qnia
1012 3571 1165 3650 fungimur
1188 3573 1294 3635 ordine
1318 3573 1411 3636 nullo.

516 3676 592 3738 adde
615 3677 695 3758 quod
720 3677 769 3736 bic
792 3677 923 3756 primum
948 3677 1049 3736 cernis
1072 3683 1178 3736 nutare
1203 3677 1387 3748 trochaeum,

516 3799 606 3861 quem
630 3789 745 3842 tantum
769 3782 801 3842 in
825 3780 875 3841 ltni
900 3790 1023 3841 sumunt
1045 3777 1167 3842 heroica
1192 3792 1295 3843 metra.

516 3887 563 3946 cui
586 3887 613 3946 si
637 3881 776 3966 dactylici
799 3884 920 3963 generis
942 3883 1133 3962 subiungitur
1156 3883 1232 3948 alter

451 4005 533 4052 rocoa
555 3990 686 4068 geminis
710 3997 809 4058 ortus,
833 3989 882 4049 cui
905 3989 943 4049 ait
966 4005 1086 4068 quoque
1111 3990 1197 4049 tertia
1222 3987 1318 4067 longa,

515 4111 583 4154 curn
608 4091 640 4154 lit
662 4089 797 4173 dactylus
821 4093 901 4172 ipse,
925 4091 1013 4152 simul
1039 4107 1156 4170 quoque
1180 4091 1285 4154 reddat
1308 4101 1428 4174 oportet

513 4196 698 4279 spondeum,
722 4194 812 4276 pleno
835 4196 886 4275 qui
910 4203 1046 4275 tempore
1070 4193 1150 4257 solus
1174 4195 1290 4275 egebat

516 4319 584 4362 cum
609 4309 748 4380 correpta
773 4297 847 4359 adeo
871 4295 980 4360 vocalis
1004 4299 1090 4360 tertia
1116 4311 1228 4370 curret,

516 4405 541 4467 ei
564 4406 665 4486 positu
689 4403 776 4482 longa
801 4402 944 4472 eflicitur,
970 4403 1055 4481 pedis
1078 4403 1168 4464 elficit
1191 4422 1304 4474 orsum,

451 4508 756 4591 noodactplicumque
781 4507 945 4585 paraliam
970 4509 1027 4567 rite
1051 4507 1193 4585 ellingere
1217 4518 1357 4579 metrum,

379 4757 445 4808 1062
463 4767 591 4819 eeqnarue
609 4767 641 4803 an
662 4763 728 4802 rectu
749 4750 863 4818 probabo
881 4751 991 4802 coniecit
1003 4747 1141 4798 Santeaa'ne
1193 4749 1309 4814 probabo
1329 4751 1412 4801 Aldus
1465 4754 1531 4805 1064
1545 4756 1624 4806 Ante-

311 4840 395 4892 Sl'are
414 4843 443 4892 Μ
515 4837 581 4891 1075
598 4839 700 4890 hisdem
721 4838 752 4890 ,ll
821 4837 886 4887 1038
906 4849 945 4887 est
965 4849 1042 4902 prosa
1062 4833 1164 4897 loquela
1185 4835 1364 4888 Lnrlbncmrrue
1382 4851 1405 4888 et
1425 4855 1503 4906 prosa
1522 4840 1624 4906 loquela

310 4927 342 4978 Μ
358 4940 384 4977 et
401 4941 479 4994 prosa
498 4926 598 4990 loquela
617 4939 656 4976 est
676 4927 827 4976 Petrerinue
899 4925 963 4974 tuae
982 4923 1069 4989 positu
1087 4935 1103 4978 ς
1122 4924 1209 4989 posito
1229 4923 1258 4972 ,tl
