3850 5560
715 343 765 416 nn
779 319 918 394 'aarum
942 341 999 391 1111
1023 339 1115 391 1⁷-v
1139 339 1171 390 ro

754 587 803 690 nn
825 623 958 689 neruo
982 625 1140 690 ruuntco

377 746 473 811 hietro
496 727 595 811 autem
620 747 767 829 dactylico
791 744 916 810 heroico
940 747 1029 810 metri
1057 745 1180 811 iambici
1203 747 1369 838 benametri
1400 749 1538 828 proxima
1562 747 1614 809 de·

290 851 386 915 linitio
410 854 472 918 risa
496 860 551 913 est.
598 851 694 913 altero
718 849 798 914 enim
822 850 1034 942 producuntur
1050 852 1140 926 acies,
1161 853 1166 932 l
1187 849 1238 914 ubi
1261 849 1376 932 proclia
1399 859 1611 923 conseruntur,

289 954 385 1019 altero
420 954 572 1018 clarorum
602 954 757 1018 hominum
787 956 848 1016 uita
878 964 967 1036 atquc
1004 949 1125 1017 lortnna
1159 973 1281 1018 scenam
1314 965 1466 1036 personat.
1523 964 1613 1036 atque
1667 989 1670 996 ι
1776 959 1780 981 ¹

197 1063 202 1072 '
263 1069 276 1112 ⁵
290 1057 404 1122 idcirco
420 1061 580 1140 utriusque
597 1060 725 1122 conexio
741 1059 771 1120 in
796 1075 899 1121 earum
917 1076 1030 1128 rertrm,
1054 1075 1132 1140 qtrac
1148 1065 1219 1120 sunt
1234 1059 1392 1128 maximae,
1417 1060 1614 1140 expressione

197 1219 201 1224 .
290 1181 325 1226 ac
360 1160 564 1225 declaratione
599 1169 746 1226 versatur.
796 1163 910 1244 recipit
933 1171 1015 1224 'vero
1048 1171 1180 1224 metrum
1211 1159 1373 1224 iambicum
1403 1161 1612 1224 hexametrum
1671 1149 1673 1156 ’

290 1264 384 1346 pedes
408 1264 482 1346 hos,
497 1265 629 1330 iambum
652 1264 727 1329 locis
741 1265 892 1336 omnibns,
917 1263 1090 1346 tribrachyn
1117 1265 1190 1328 locis
1205 1264 1345 1327 omnihus
1368 1275 1490 1346 praeter
1513 1267 1612 1327 inovia-

293 1370 415 1442 simum,
438 1369 618 1452 spondium,
649 1367 800 1452 dactylum
824 1378 854 1434 ct
877 1379 1070 1449 anapaestum
1101 1367 1173 1430 lacis
1203 1377 1317 1446 tantuna
1341 1368 1515 1449 inparibus,
1546 1386 1615 1450 pyr·

292 1471 421 1536 richium
446 1471 513 1536 loco
538 1483 653 1536 tanturn
676 1471 813 1536 ultimo..
839 1472 929 1536 huius
951 1471 1122 1555 exemplum

253 1585 280 1648 19
439 1563 1117 1644 'tbisttburntstnterattanavium.
1190 1627 1198 1640 .
1258 1617 1262 1626 =

379 1680 509 1744 Mettum
525 1679 702 1744 :iambicum
728 1683 881 1744 senarium
911 1678 1039 1744 colobou
1068 1691 1188 1743 constat
1222 1679 1416 1761 etpedibus
1444 1675 1615 1764 superiusl

293 1783 523 1865 conprehensis,
548 1792 578 1846 et
601 1803 656 1864 pro
679 1791 766 1846 sexto
788 1784 947 1866 pedenna
972 1793 1088 1847 tantum
1111 1781 1224 1866 syllaba
1247 1785 1380 1864 ponitur,
1410 1793 1444 1846 ut
1467 1792 1513 1846 cst
1535 1783 1614 1865 apud

293 1885 450 1950 Horatium

327 1987 334 2002 “
380 2009 384 2014 ·
450 1989 686 2074 trahuntque
709 1993 834 2054 siccas
856 1991 1055 2054 machinae
1079 1993 1239 2074 carinus.

254 2102 283 2142 1⁵
383 2093 510 2156 ldetrum
536 2093 701 2158 iambicum
726 2102 948 2176 pentametrum
980 2096 1090 2175 recipit
1118 2069 1213 2176 pedes
1239 2111 1346 2158 omnes
1374 2096 1516 2175 superius
1544 2112 1616 2156 con·

234 2196 238 2203 ’
293 2196 473 2301 prehensos.
518 2199 609 2262 buius
631 2197 802 2280 exemplum
1571 2181 1572 2184 Ἴ

334 2335 338 2345 ·
451 2303 558 2364 virtute
581 2310 664 2366 recte
688 2305 746 2364 vita
769 2302 899 2381 degitur
989 2283 992 2290 ⁵

380 2407 508 2470 bletrum
533 2404 696 2468 iambicum
726 2413 949 2488 pentametrum
982 2404 1112 2470 colobon
1141 2407 1249 2488 recipit
1278 2423 1369 2488 supra
1400 2405 1495 2467 dictos
1523 2363 1618 2486 pedes

111 2562 123 2582 ,
189 2509 191 2512 ’
295 2528 410 2583 ontnee,
435 2519 466 2572 et
487 2527 544 2592 pro
567 2509 672 2590 quinto
695 2508 771 2590 pede
796 2526 854 2572 nna
878 2519 992 2574 tautum
1016 2507 1131 2592 syllaba
1153 2511 1287 2614 ponitur
1333 2508 1422 2572 buius
1445 2508 1617 2640 exemplum

143 2671 145 2673 ,
248 2622 282 2664 10
355 2668 360 2681 ,
401 2675 405 2684 ,
450 2611 588 2676 merulae
608 2613 688 2694 qnod
711 2631 745 2675 os
767 2621 854 2675 sonat
878 2621 1020 2676 vetustae

383 2716 513 2780 bletrum
547 2715 707 2779 iambicum
743 2724 952 2779 tetrametrum
986 2716 1095 2822 recipit
1128 2734 1221 2797 supra
1257 2716 1352 2779 dictos
1381 2716 1473 2796 pedes
1501 2733 1616 2778 matures.

296 2821 387 2884 buius
410 2820 581 2902 exemplum
660 2887 662 2892 ,

453 2922 587 2986 merulae
610 2922 690 3004 quod
715 2941 748 2985 os
772 2923 927 2986 vetustius.

383 3027 512 3117 histrum
537 3024 698 3095 iambicum
724 3035 934 3091 tetrametrum
957 3027 1095 3098 colohon,
1125 3029 1204 3110 quod
1229 3029 1474 3114 anacreonticum
1497 3028 1619 3097 dicitur,

255 3139 282 3181 ss
297 3133 409 3210 recipit
431 3148 522 3212 supra
545 3129 642 3194 dictos
665 3129 758 3212 pedes
781 3149 897 3204 omnes,
921 3140 951 3192 et
975 3148 1029 3211 pro
1053 3139 1162 3211 quarto
1187 3132 1262 3214 pede
1286 3149 1344 3194 uua
1369 3141 1483 3193 tantum
1507 3129 1621 3213 syllaba
1728 3160 1736 3166 ·

297 3237 428 3316 ponitur.
475 3233 554 3315 quod
578 3233 707 3296 maxime
735 3235 768 3296 lit
796 3252 955 3306 sonorum,
986 3231 1013 3296 si
1044 3238 1161 3315 primus
1189 3254 1242 3317 pes
1270 3243 1451 3316 anapaestus
1482 3243 1636 3316 ponatur,

298 3345 369 3419 post
393 3336 453 3398 duo
476 3336 578 3406 lambi,
603 3336 713 3399 deiude
736 3335 858 3420 syllaba.
904 3338 995 3401 buius
1018 3339 1189 3421 exemplum

453 3438 609 3502 Triviae
633 3449 780 3503 rotetur
802 3441 913 3522 ignis,

454 3540 680 3626 volucrique
701 3542 877 3608 Phoebus
900 3547 957 3608 axi

257 3655 286 3696 ³⁰
455 3647 613 3710 rutilum
637 3656 812 3730 pererret
833 3648 972 3712 orbem.

299 3803 507 3816 —-

371 3892 384 3941 l
405 3888 447 3940 DE
467 3887 580 3940 METRO
600 3888 738 3943 tantaleo
758 3890 853 3942 Iulian.
872 3893 907 3942 54
1029 3891 1206 3956 brecipit-
1225 3889 1349 3942 9ultirno
1370 3887 1446 3940 Beda
1464 3889 1535 3938 23⁷8

190 3978 196 3986 '
299 3978 332 4028 tt
352 3977 461 4028 Metram
480 3975 619 4028 iambicum
637 3987 813 4028 tetrametrum
832 3975 909 4028 Beda
929 3979 1000 4029 2378
1105 3979 1138 4027 tt
1158 3974 1266 4027 hletrnm
1286 3976 1424 4026 iambicum
1448 3985 1623 4066 tetrametrum
1677 4033 1682 4041 ι

284 4060 410 4114 'colobon
429 4060 507 4114 Beda
526 4065 596 4116 23⁷⁹

372 4281 475 4354 dulae]
496 4287 553 4337 nire
570 4303 641 4342 corr,
661 4289 766 4340 uersat
854 4289 994 4338 secenum
1014 4286 1178 4340 Ruhnkeniue
1196 4273 1273 4338 scena
1290 4289 1340 4339 ΡΑ
1423 4287 1578 4339 boontexio
1597 4286 1635 4355 A·

245 4439 248 4447 Ι
301 4373 433 4424 contextio
448 4373 476 4423 H
535 4375 551 4425 'l
565 4385 666 4441 praeter
679 4375 852 4425 nouissimum
864 4375 923 4430 eod.
938 4374 1027 4427 Bumd.
1041 4381 1067 4426 et
1080 4373 1155 4426 Beda
1167 4391 1194 4440 p.
1208 4376 1287 4434 2378,
1301 4385 1402 4441 praeter
1415 4372 1559 4425 nouissimo
1573 4371 1622 4422 ΡΑ

357 4463 389 4511 10
407 4457 468 4527 ibis]
492 4447 559 4512 Hor.
580 4461 657 4526 epod.
680 4464 738 4521 1,1
811 4463 841 4512 11
861 4460 971 4511 colobon
992 4459 1156 4512 [indulcentur
1173 4458 1301 4528 colophon
1320 4461 1370 4513 ΡΑ
1406 4487 1409 4492 -
1453 4461 1486 4510 tt
1505 4457 1622 4510 trabunt·

210 4605 213 4612 ,
258 4613 268 4620 q
302 4549 364 4612 que]
384 4545 642 4609 Har.carn.le,2
686 4548 746 4599 -to
765 4557 965 4614 pentrametrum
985 4547 1243 4598 PtetrametrumA
1317 4547 1349 4598 18
1366 4545 1495 4612 colophon
1516 4545 1565 4614 Pe

302 4634 335 4684 et
355 4643 463 4683 metrum
483 4631 620 4681 iambicum
632 4627 830 4700 tetrametrum]
854 4634 946 4699 recipit
969 4632 1018 4684 hec
1040 4645 1149 4684 metrum
1168 4635 1340 4697 aliquotiens,
1365 4645 1392 4682 ut
1408 4633 1504 4688 jscribit
1522 4630 1625 4684 Mallius

302 4717 466 4779 Theodorus,
485 4717 562 4768 etiam
583 4718 728 4783 tribrachyn
753 4719 816 4769 locis
841 4720 962 4770 omnibus
985 4729 1086 4786 praeter
1109 4719 1295 4776 novissimum,
1319 4717 1449 4784 dactylum
1469 4729 1493 4769 et
1511 4731 1625 4794 atrapite-

304 4802 455 4854 stamineis
475 4812 574 4855 tantum
594 4805 727 4870 inparibus
748 4804 958 4872 Bedup.2379
1062 4807 1096 4856 at
1114 4805 1244 4872 colophon
1264 4804 1313 4856 ΡΑ
1401 4805 1435 4854 26
1454 4819 1581 4854 sonosum
1601 4805 1626 4856 P

304 4903 427 4940 socerum
445 4893 471 4942 Α
550 4890 583 4940 at
601 4892 711 4941 duosA
791 4893 825 4944 28
843 4887 955 4957 Triviae]
977 4890 1123 4943 Terentiae.
1143 4893 1214 4944 2803
1295 4894 1329 4944 30
1347 4901 1464 4959 pererret
1481 4891 1507 4943 P
