3888 5550
667 385 747 434 aar.
772 385 883 436 onon.
908 388 976 437 rau.
1002 389 1015 437 1
1040 378 1132 436 1-1'a
1481 425 1483 430 -
1520 381 1586 447 429

253 483 276 522 p.
291 467 342 510 2-i
359 469 387 512 V.

256 565 458 648 positionibus
487 559 617 623 aiterum
644 546 748 626 erasum
777 567 893 636 raserit
922 585 1011 646 quam
1041 570 1242 632 accusativum
1272 581 1303 632 et
1325 571 1501 642 ablativum,
1532 574 1585 636 ati·

258 669 393 733 serbiam
418 673 492 740 erit,
518 687 577 732 aou
601 668 800 749 praepositio,
830 679 865 730 ut
889 671 988 732 ‘curu
1014 670 1101 732 iuno
1125 682 1319 736 aeteruum
1344 695 1497 739 servans
1521 677 1585 740 sub

254 777 431 854 pectore'
466 784 496 837 et
531 777 627 834 ‘eum
658 769 831 850 Iuppiter
861 772 1020 834 aethere
1048 791 1188 836 summo
1220 777 1446 859 Despieieus
1475 783 1531 842 m.'
1556 791 1587 843 et

255 895 405 940 eaerum
437 879 579 945 terros’;
610 873 655 936 rei
678 876 814 956 quamvis
837 873 962 937 aiteram
987 885 1104 957 partum
1134 881 1296 950 orationis,
1327 901 1405 963 quae
1428 882 1549 947 casibus
1578 887 1581 933 Ι
1667 875 1668 879 ’

227 987 316 1042 iason
341 980 527 1050 declinatur,
553 989 586 1042 ιιι
608 980 708 1040 ‘eum
733 977 836 1040 dabit
861 979 1077 1057 aroitieaus’
1109 991 1138 1041 ut
1163 981 1245 1042 ‘hoo
1275 991 1387 1048 tenus
1409 1005 1582 1051 arvorum

255 1082 416 1150 cultus’.
463 1084 705 1166 praepositiones
734 1083 895 1144 accusativi
926 1101 1015 1146 rasus
1049 1093 1078 1144 et
1109 1085 1273 1164 singularis
1292 1081 1338 1161 fet
1366 1087 1490 1168 pluraiis
1513 1101 1585 1154 sunt

242 1179 383 1251 'numero
399 1187 518 1250 xxviii
543 1184 632 1269 [quas
649 1183 775 1267 supra]‚
800 1183 836 1246 ad
855 1185 932 1270 apmi
949 1195 1018 1248 ante
1035 1187 1194 1250 adversum
1219 1191 1261 1251 eis
1285 1191 1359 1253 eitra
1384 1194 1498 1256 circum
1523 1196 1582 1256 oir-

254 1310 288 1353 ea
312 1299 417 1353 eetttra
449 1309 520 1371 erga
552 1299 636 1352 extra
666 1289 744 1352 iutra
767 1290 846 1351 inter
871 1290 949 1352 inira
972 1292 1056 1352 iuxta
1082 1290 1121 1352 ob
1145 1309 1239 1372 penes
1263 1311 1318 1373 per
1341 1313 1437 1376 prope
1460 1305 1583 1378 propter

254 1405 375 1475 praeter
399 1403 567 1476 postpone
590 1391 759 1454 secundum
783 1410 872 1473 supra
898 1402 981 1454 trans
1006 1395 1083 1456 nitra
1109 1413 1215 1475 usque.
1262 1398 1500 1478 praepositiones
1529 1399 1582 1462 ab·

215 1505 240 1543 ¹⁰
255 1497 336 1560 iatiui
361 1517 449 1562 casus
474 1507 504 1560 et
526 1497 690 1578 singularis
714 1506 743 1558 et
766 1494 893 1577 piuraiis
916 1503 987 1558 s'um
1010 1516 1137 1580 rtumero
1152 1497 1234 1568 titii,
1260 1519 1275 1560 a
1300 1500 1337 1562 ab
1362 1500 1416 1562 abs
1439 1519 1506 1564 oum
1530 1521 1581 1564 eo·

254 1621 317 1664 ram
342 1601 379 1662 tie
404 1621 420 1664 e
444 1621 478 1664 ex
504 1619 559 1682 pro
583 1619 655 1681 prae
685 1598 781 1680 palam
805 1599 870 1661 siue
903 1609 1002 1664 tetrus.
1050 1605 1291 1684 praepositiones
1313 1607 1472 1685 utriusque
1495 1624 1583 1668 casus

254 1715 284 1764 et
307 1705 470 1769 accusativi
500 1712 530 1766 et
557 1702 678 1765 natatui
709 1713 738 1765 et
767 1702 927 1783 singularis
958 1713 987 1765 et
1015 1702 1139 1785 pluralis
1163 1717 1234 1768 sant
1257 1725 1384 1770 intrauere
1401 1707 1439 1778 V,
1469 1711 1501 1770 iu
1524 1708 1580 1771 sub

253 1807 358 1870 subter
381 1826 475 1889 super
497 1806 586 1870 eiam.

576 1979 639 2012 ’·
711 1997 721 2016 ·
815 1994 1014 2059 usvunoo
1099 1973 1103 1978 ’

213 2139 237 2175 ¹⁵
340 2135 471 2199 Verimm
501 2146 547 2196 est
576 2153 646 2214 pars
675 2135 822 2196 orationis
851 2152 920 2196 euru
946 2143 1083 2216 tempore
1108 2144 1137 2198 et
1160 2155 1288 2217 persona
1313 2139 1379 2200 sine
1402 2156 1490 2207 casu,
1521 2158 1578 2219 qua

251 2239 321 2321 orriri
338 2247 445 2320 agatur
461 2237 506 2300 rei
522 2246 621 2300 aetum
639 2237 825 2317 agendumve
842 2239 882 2300 sit
898 2238 1059 2300 imlioatur.
1100 2238 1192 2301 verbo
1208 2241 1349 2303 accidunt
1367 2241 1452 2311 Viiii.
1472 2246 1578 2312 iorum,

251 2343 395 2424 «institas,
423 2361 537 2422 gertus,
567 2342 647 2424 quod
677 2341 788 2403 dieitur
811 2340 950 2402 adiectus
972 2341 1016 2405 rei
1040 2345 1159 2424 speeies
1187 2341 1232 2404 rel
1256 2344 1454 2425 significatio,
1485 2349 1578 2424 figura

252 2465 410 2518 numerus,
442 2446 567 2516 modus,
599 2456 734 2524 ternpus,
765 2461 911 2524 persona,
942 2447 1126 2526 coniugatio.
1176 2447 1299 2510 verbum
1330 2456 1431 2510 autem
1456 2450 1578 2520 dieitur,
1624 2503 1628 2508 .

251 2550 331 2632 quod
354 2549 514 2612 uerberato
536 2555 607 2612 aera
631 2549 695 2617 tiat.
720 2547 850 2625 ideoque
874 2557 905 2609 et
927 2548 986 2610 vor
1005 2555 1058 2611 aer
1081 2551 1168 2613 ietus.

209 2663 237 2700 ²⁰
262 2673 274 2678 ·
339 2655 466 2716 Formae
484 2651 645 2716 verberum
668 2660 740 2714 sum
760 2650 854 2721 duae,
879 2651 1048 2731 personalis
1071 2662 1101 2715 et
1116 2653 1329 2735 inpersouaiis.
1375 2655 1489 2718 termae
1513 2673 1578 2718 ver·-

250 2758 357 2820 bormn
386 2775 533 2839 personas
563 2757 778 2836 recipientium
817 2766 888 2818 sum
924 2765 1080 2834 qutattuor:
1111 2758 1206 2837 prima
1237 2757 1392 2838 profertur
1420 2777 1438 2818 o
1467 2759 1576 2830 littera,
1629 2817 1631 2820 .

251 2870 284 2922 ut
306 2879 391 2932 ame,
422 2859 553 2923 seetrutia
584 2877 627 2927 or,
659 2868 693 2920 nt
715 2877 815 2930 amor,
846 2862 935 2922 tertia
960 2878 998 2929 ra,
1026 2868 1058 2921 ιιι
1080 2877 1161 2930 sum,
1186 2870 1293 2942 quarta
1317 2864 1341 2932 i,
1371 2869 1404 2922 ut
1427 2862 1475 2923 otii
1499 2864 1577 2925 trevi.

251 2964 370 3028 iliorum
402 2964 562 3026 uerborum
592 2981 669 3044 quae
694 2980 841 3044 personas
863 2980 922 3026 non
947 2963 1099 3045 recipiunt
1123 2961 1237 3026 formae
1261 2973 1331 3027 sunt
1354 2964 1447 3028 duae:
1479 2967 1575 3046 prima

251 3078 296 3130 est
323 3085 402 3150 quae
429 3068 584 3149 protertur
612 3065 725 3149 syllaba
749 3077 813 3137 tur,
845 3077 878 3128 ut
906 3070 968 3129 itur
997 3060 1330 3138 sedetur'ambaiatur,
1361 3069 1577 3141 otterestat

208 3171 352 3262 spretor
374 3170 467 3252 pudet
491 3172 624 3254 paenitet
647 3172 738 3250 piget.
784 3169 911 3250 qualitas
937 3173 966 3232 in
986 3170 1085 3231 verbis
1109 3179 1159 3232 aut
1174 3172 1256 3234 finita
1281 3183 1340 3244 est,
1367 3182 1396 3235 at
1422 3191 1499 3245 amo,
1526 3182 1578 3234 aut

251 3277 384 3346 infinita,
406 3261 440 3339 ιιι
461 3293 573 3337 amaro.

337 3379 440 3443 Genus
463 3381 495 3441 iu
518 3379 634 3448 verbis,
660 3377 690 3439 it
715 3389 760 3439 est
783 3383 901 3458 speeies
924 3378 970 3439 uei
988 3377 1125 3441 adiectus
1149 3378 1193 3439 voi
1217 3380 1408 3460 significatio,
1433 3378 1577 3442 dividitur
1675 3368 1678 3375 ’

250 3486 279 3546 iu
304 3503 426 3554 uorem.
451 3485 579 3546 activum
596 3484 747 3560 passivum
772 3481 928 3562 deponens
951 3489 1092 3544 neutrum
1117 3499 1276 3544 commune
1294 3484 1498 3545 inchoativum
1523 3483 1575 3544 tle·

249 3589 389 3650 sectivum
418 3588 672 3668 frequentativum
709 3583 912 3665 inpersonaie.
957 3586 1087 3648 activum
1116 3605 1135 3646 o
1164 3585 1264 3649 littera
1293 3588 1471 3648 terminatur
1501 3597 1531 3648 et
1562 3605 1575 3648 r

208 3708 236 3748 aa
250 3700 371 3772 accepta
395 3691 469 3752 iat-it
492 3691 657 3770 passivum,
684 3698 715 3749 ut
739 3705 808 3749 amo
824 3705 917 3750 amer.
964 3689 1114 3769 passivum
1139 3689 1269 3752 riittera
1291 3694 1472 3754 terminatur
1496 3701 1524 3752 et
1541 3709 1575 3752 ea

249 3798 356 3858 amisso
380 3794 514 3856 reditio
539 3795 677 3864 activum,
703 3803 733 3854 ut
751 3785 867 3854 scribor
881 3790 992 3854 scribo.
1028 3799 1032 3862 Ι
1065 3793 1221 3873 deponens
1237 3812 1251 3855 r
1268 3793 1367 3856 littera
1392 3797 1575 3856 terminatur

248 3907 279 3961 et
301 3917 367 3960 eam
385 3883 523 3960 amittere
541 3915 599 3958 non
617 3906 730 3977 potest;
755 3899 779 3958 si
803 3907 903 3959 autem
928 3897 1077 3966 amiserit,
1101 3897 1225 3958 latinum
1251 3914 1311 3957 aron
1336 3907 1394 3966 est,
1420 3905 1453 3958 ut
1477 3895 1574 3959 iactor

248 4003 367 4082 loquor.
414 4019 483 4064 aram
513 3999 781 4082 quud.Tereutius
805 4002 836 4061 iu
861 4000 976 4080 Hecyra
1007 4003 1117 4079 posuit,
1149 4003 1270 4079 ‘eique
1294 3993 1460 4070 annium,
1491 4001 1573 4064 durat

249 4105 388 4176 laetat,
413 4105 663 4172 detraxisse’‚
689 4122 744 4184 pro
768 4103 911 4174 iactatur,
936 4122 995 4165 neu
1013 4105 1056 4165 sic
1072 4104 1185 4183 posuit,
1212 4111 1244 4164 ut
1266 4103 1304 4164 sit
1328 4104 1419 4166 instat
1443 4107 1572 4166 activum

207 4211 364 4292 asiaeiens
393 4227 430 4270 ex
459 4227 491 4271 se
521 4211 672 4291 passivum
703 4207 848 4277 iactatur,
880 4207 932 4270 seri
957 4217 989 4269 ut
1012 4209 1051 4268 sit
1073 4207 1152 4269 lueto
1174 4210 1277 4270 iactos
1298 4212 1394 4271 luetot
1423 4217 1572 4276 rreutrum,

317 4403 410 4452 teum
429 4395 504 4466 inno]
535 4399 614 4466 Verp.
640 4399 706 4449 Aea.
726 4395 742 4448 1
762 4399 796 4448 36
868 4401 960 4448 :terrm
984 4396 1109 4464 luppiter]
1133 4397 1211 4463 Verp.
1233 4400 1299 4450 Aen.
1320 4397 1410 4448 1223
1480 4400 1572 4448 terrr-

249 4484 316 4554 mnr]
347 4487 427 4553 Vero.
452 4483 621 4552 noeroil!
644 4487 680 4536 tt
751 4473 843 4534 iocum
863 4484 944 4544 tiabit]
974 4483 1053 4550 Verp.
1075 4485 1142 4534 Aen.
1164 4483 1249 4535 1387
1320 4483 1478 4534 oirnctenus
1497 4483 1571 4534 erbo-

248 4588 303 4623 runa
325 4572 362 4624 B:
386 4573 465 4639 Verp.
486 4587 577 4638 peorp.
604 4571 670 4622 111
742 4571 895 4632 isortaoae
918 4583 984 4632 uiues
1008 4585 1087 4636 supra
1107 4569 1202 4636 scripsi
1225 4573 1370 4635 scripserat
1391 4571 1572 4636 prosternatione
1672 4644 1674 4650 Ι

247 4661 391 4726 respicient
413 4659 535 4723 exempto
556 4657 777 4723 praepositionum
796 4657 821 4706 in
839 4656 1017 4722 sanatoribus
1034 4658 1121 4721 posite
1139 4662 1163 4706 et
1183 4655 1215 4706 nb
1234 4661 1391 4720 excerptore
1410 4656 1503 4706 omisso

170 4783 176 4789 .
217 4731 220 4738 ’
251 4748 279 4796 11
302 4743 374 4812 prae]
394 4741 675 4812 petrocorrpmeB·
734 4744 765 4793 16
783 4742 847 4806 quid
866 4741 989 4809 egiturB
1062 4745 1093 4794 19
1113 4740 1319 4796 titcorr,iiotB
1389 4743 1420 4792 31
1436 4741 1572 4792 omissaB

284 4835 317 4884 33
340 4833 366 4882 iu
394 4846 471 4898 ecura
495 4831 534 4883 B:
564 4831 666 4886 Terent.
690 4829 757 4882 Hee.
785 4831 810 4880 V
833 4833 858 4887 3,
888 4833 922 4882 31
998 4832 1031 4881 st
1054 4830 1210 4882 demersisse
1232 4827 1258 4878 B
1328 4831 1360 4879 35
1385 4839 1412 4879 ut
1441 4829 1476 4879 sir
1502 4827 1571 4880 tuoto

250 4932 369 4968 tteutrum
395 4919 506 4968 lueretur
524 4917 658 4984 deponens
679 4915 703 4966 B
