3850 5560
846 309 896 384 na
918 333 1051 386 uvston
1332 306 1335 312 ’
1553 303 1617 388 609

1012 483 1016 488 ι
1466 436 1490 476 p.
1503 426 1582 470 88-90
1596 427 1617 469 1.

289 512 414 574 iratrem
437 508 633 594 lihythmouii
664 509 758 574 tr'adlt
785 510 1007 599 Hymenaeum,
1040 511 1236 594 Rhythmonii
1265 521 1366 596 autem
1397 521 1427 577 et
1455 512 1616 586 ChlorIdis,

289 613 424 676 Tiresiae
442 612 529 692 uitae,
556 613 801 698 Periclymenum
818 622 849 678 et
863 614 1064 688 Perimedem,
1083 618 1135 700 qui
1150 619 1269 698 primus
1285 618 1434 682 cecinerit
1450 626 1617 700 respectae

289 716 417 780 heroum
440 720 564 782 musicis
588 719 740 782 cantibus.
853 798 855 802 Ι

844 906 894 972 nit
917 907 1057 972 niuster

264 1045 278 1087 r
338 1058 341 1062 ·
378 1029 493 1094 Musica
518 1038 564 1094 cst
579 1030 687 1112 peritia
712 1029 921 1094 iaciendomm
939 1035 969 1092 et
992 1027 1198 1095 canendorum
1214 1031 1385 1096 medorum.
1426 1035 1493 1097 eius
1516 1042 1617 1115 partes

289 1133 475 1204 harmonica,
499 1135 653 1213 organica,
677 1132 857 1218 rhythmica,
882 1134 1076 1196 crusmatlca.·
1119 1144 1272 1200 crusmata
1295 1135 1400 1216 pulsus
1424 1136 1528 1201 decori
1550 1139 1617 1201 sice

289 1237 425 1300 carmine
447 1245 614 1309 uocantum
638 1235 795 1300 harmonia
819 1248 865 1302 est
887 1237 1098 1328 consonantim
1122 1241 1265 1318 organica
1281 1238 1472 1321 *rhythmos
1494 1257 1616 1320 graece,

215 1367 217 1372 v
288 1339 398 1419 modus
426 1341 539 1404 dicitur
567 1339 673 1413 latine,
703 1342 875 1406 nominatus
906 1337 1042 1426 [versus]
1068 1341 1106 1404 ab
1138 1359 1176 1404 ec
1198 1341 1277 1424 quod
1309 1343 1383 1406 iiuat
1398 1340 1410 1427 ss
1426 1363 1521 1426 seque
1550 1346 1616 1426 ipse

289 1431 466 1509 circumeat
511 1445 618 1510 modus
641 1456 743 1510 autem
767 1454 813 1510 est
828 1445 876 1510 lex
899 1445 1046 1528 quaedam
1070 1454 1100 1508 et
1115 1444 1190 1517 ordo
1213 1444 1360 1510 vocalium
1385 1445 1614 1512 intervallorum

251 1563 278 1604 ιο
293 1556 324 1611 et
338 1547 508 1614 differentia
524 1548 581 1621 rel,
606 1536 851 1624 ut'rlristoxcnus
867 1551 941 1622 linit,
961 1568 1022 1612 non
1039 1557 1205 1631 utcumque
1222 1553 1451 1630 conpositorum
1467 1549 1616 1614 vocalium
1695 1596 1697 1600 -

289 1660 459 1734 temporum
483 1653 693 1743 intervallum,
732 1671 855 1717 carmen
879 1640 1058 1746 eutlmodus
1087 1653 1218 1716 vocibus,
1233 1654 1363 1724 iunctus,
1394 1655 1483 1718 cuius
1507 1652 1616 1718 ‹liseri-

287 1758 370 1819 mina
393 1763 509 1826 cantus.
536 1757 651 1826 modus,
676 1749 820 1821 motus*
835 1765 956 1840 tempus
979 1755 1180 1840 estoyilahae
1204 1757 1347 1837 spatium,
1371 1756 1460 1820 huius
1484 1740 1616 1820 elemen-
1712 1779 1715 1786 ·

287 1868 352 1923 tum
387 1857 490 1922 brevis
524 1857 653 1943 syllaba
683 1859 707 1944 †
741 1859 849 1924 divisio
879 1859 964 1924 breti
993 1843 1056 1924 alia
1086 1858 1210 1939 longum
1240 1878 1256 1924 a
1287 1860 1377 1942 longo
1412 1869 1445 1924 ut
1478 1862 1617 1926 neutrius
1705 1935 1709 1942 ¹

287 1964 408 2026 ratione
431 1972 485 2026 est

206 2191 207 2194 κ
248 2169 275 2211 o
321 2111 324 2116 ’
589 2194 591 2198 .
778 2151 827 2216 nn
851 2149 1127 2216 uonvnrmoun

301 2290 306 2293 ·
374 2273 538 2339 llodnlatio
562 2282 608 2339 est
635 2273 961 2360 modorumrprudens
989 2273 1161 2356 dispositio;
1192 2275 1257 2337 elus
1283 2280 1349 2364 ires
1377 2276 1509 2358 species,
1539 2271 1632 2360 ott--

254 2396 400 2460 Ιτονος,
424 2379 556 2461 χρῶμα,
588 2372 748 2463 ἁρμονία.
794 2381 912 2464 species
934 2372 1103 2442 carminum
1128 2376 1285 2442 tredecim.
1332 2396 1369 2440 en
1392 2377 1503 2462 quihus
1526 2381 1616 2461 primi

288 2489 359 2544 sunt
382 2482 495 2554 dorius,
519 2481 675 2566 phrygius,
699 2482 812 2566 lydius:
836 2482 883 2545 his
898 2491 1094 2572 accesserunt
1109 2483 1307 2561 gratissimus
1329 2478 1527 2564 hypodorius,
1545 2501 1615 2546 mox

288 2582 348 2648 duo
372 2585 585 2669 hypophrygii,
610 2588 729 2668 gravior
753 2594 783 2649 et
804 2585 933 2658 acutior,
946 2567 1067 2658 'deinde
1089 2584 1241 2667 hypolydii
1266 2585 1390 2649 totidem
1407 2581 1420 2669 l
1436 2594 1466 2648 et
1488 2585 1615 2666 perinde

247 2679 408 2771 &gravior
432 2698 461 2752 et
483 2674 868 2780 acutioffldeindedorlus
891 2688 1020 2760 medius,
1045 2698 1108 2751 tum
1125 2687 1271 2771 phrygius
1292 2690 1393 2771 gravis
1415 2698 1446 2750 ct
1468 2687 1545 2753 alter
1562 2707 1615 2751 ex·

287 2791 397 2862 celsus,
421 2793 545 2874 tetidem
569 2791 652 2874 lydii,
676 2796 775 2872 gravis
797 2802 828 2857 et
843 2802 958 2865 acutus,
982 2802 1046 2855 tum
1069 2789 1223 2874 mixolydii
1247 2794 1314 2874 pari
1335 2792 1519 2865 diversitate,
1543 2808 1614 2872 pos·
1681 2840 1690 2850 .

288 2901 403 2959 nemus
425 2895 704 2979 hypermixolydius
726 2897 937 2960 acutissimus,

358 3069 372 3120 1
393 3068 499 3120 tratrem
518 3067 690 3136 llhythmcnii
709 3095 742 3106 -
761 3069 921 3122 Perimedem
940 3069 1049 3122 Iahnius
1068 3067 1147 3120 fratre
1165 3068 1297 3135 rythmoni
1321 3068 1398 3120 tradit
1420 3067 1535 3134 hymene
1552 3085 1615 3122 uar-

286 3153 379 3205 rltouir
402 3165 488 3206 actem
512 3149 564 3222 (em
587 3157 614 3206 ia
636 3157 707 3218 rar.)
731 3165 756 3206 et
779 3154 903 3207 eoloridi's
928 3155 1026 3206 tirisice
1048 3153 1117 3207 filiae
1139 3154 1341 3224 periclemenum
1363 3163 1390 3206 et
1416 3155 1615 3223 peridememG

285 3238 365 3291 lratm
382 3239 553 3306 Rhythmonil
577 3241 656 3292 tradit
674 3240 806 3308 Hymenae
823 3239 990 3292 Verrithonis
1014 3253 1100 3294 entem
1123 3253 1149 3292 et
1167 3237 1296 3292 Chloridis
1319 3239 1426 3292 Tiresee
1450 3240 1518 3294 lliiaa
1541 3241 1614 3294 Peri-

286 3325 477 3390 clymenumet
495 3327 690 3382 Perimedemc
773 3327 928 3378 icecinerit
947 3326 1038 3378 tresG
1125 3325 1305 3394 drhydrmica
1323 3339 1407 3382 em.s
1494 3327 1615 3380 deeoric

286 3411 422 3464 deceret}
491 3400 664 3464 'ihm-menia
682 3425 699 3468 ς
717 3411 890 3464 armonicod
960 3413 1051 3480 organi
1070 3423 1201 3479 carytmos
1222 3413 1249 3466 G.
1285 3415 1481 3480 damnumque
1499 3414 1614 3478 definitio

287 3500 429 3565 erponicce
446 3500 561 3562 excidit,
584 3500 709 3551 iudicavit
725 3499 842 3550 Iahnius.
878 3497 1017 3550 harmonia
1038 3511 1078 3550 est
1100 3500 1272 3550 consonantia
1296 3494 1420 3566 organico
1441 3501 1616 3552 coniunxerat

288 3585 442 3636 Neruesim'
505 3587 628 3638 Smntus
647 3585 743 3636 dicitur
760 3583 860 3646 Latine,
879 3586 1028 3636 cominatur
1046 3599 1107 3637 vero
1124 3585 1158 3636 eh
1177 3600 1210 3638 eo,
1227 3585 1343 3637 ludoico.
1382 3584 1500 3651 fortasse
1518 3585 1613 3636 modus

288 3671 384 3722 dieitur
401 3670 489 3738 latine,
509 3669 646 3738 rhythmus
666 3672 818 3722 nominatus
837 3671 869 3722 ch
888 3685 928 3727 ec.
959 3688 1017 3722 nom
1034 3678 1063 3723 ut
1079 3681 1161 3722 metra
1179 3673 1258 3722 latine
1276 3665 1408 3734 numeros,
1426 3675 1464 3724 ita
1476 3671 1612 3738 rhythmos

288 3756 382 3808 modos
401 3756 491 3809 dicere
508 3759 692 3824 praecinctione
710 3760 847 3811 consueuit.
885 3765 1079 3810 recensentem
1098 3773 1150 3823 pre
1173 3757 1290 3822 rhythmo
1313 3759 1366 3808 dici
1386 3775 1437 3810 non
1458 3759 1545 3824 potuit

288 3843 384 3895 latinae
399 3845 420 3897 G
483 3845 632 3894 nominetur
644 3857 739 3895 uersus
753 3855 770 3900 ς
839 3843 998 3895 dvocallum
1015 3837 1208 3894 intervallorum
1226 3853 1252 3894 ec
1269 3843 1441 3897 differentium
1454 3843 1564 3896 Iahnius

290 3932 324 3983 10
336 3927 526 3999 Aristoxenus]
540 3932 612 3984 elem.
624 3930 704 3986 herm,
720 3928 735 3980 l
747 3945 774 3995 p.
788 3932 821 3982 18
833 3931 876 3981 ed.
890 3930 981 3990 theid,
995 3930 1067 3980 dior.
1083 3929 1182 3980 Victor.
1194 3946 1224 3995 p.
1237 3931 1284 3994 43,
1297 3933 1315 3981 3
1368 3931 1534 3998 conpositum
1549 3929 1570 3981 0

289 4017 321 4068 tu
340 4019 444 4091 lucana,
463 4033 537 4084 quam
555 4017 679 4068 indicauit
691 4015 855 4082 Hultacltiuc,
875 4015 1002 4083 quaedum
1014 4016 1145 4067 excidisse
1164 4016 1292 4079 uidentur,
1312 4015 1402 4084 quidm
1419 4017 1560 4083 rhythmum
1578 4017 1615 4066 ad

289 4110 388 4168 tempus
404 4105 540 4170 pertinere
558 4105 652 4154 dietum
671 4109 738 4154 crau
774 4109 908 4176 ouantem
921 4117 987 4170 quim
1005 4107 1147 4170 seqamntur
1164 4103 1201 4154 od
1212 4103 1361 4156 diuisionem
1377 4103 1533 4170 syliabarum
1550 4117 1613 4168 per·

288 4191 379 4254 tinent,
397 4205 451 4242 cren
469 4191 522 4242 olio
539 4189 634 4249 breem,
654 4191 707 4241 alio
723 4190 811 4256 lnnpa,
830 4191 884 4240 alin
902 4191 1018 4242 neutruita
1036 4191 1155 4249 rationis,
1174 4189 1198 4240 d.
1213 4205 1235 4241 e.
1254 4193 1399 4256 communia,
1417 4192 1452 4241 cit
1524 4190 1555 4239 13
1574 4187 1613 4238 dl·

288 4277 358 4328 uiaio
371 4276 458 4328 hreuis
471 4277 522 4328 alia
535 4275 613 4343 ionga
626 4276 678 4326 alie
690 4285 715 4326 et
727 4275 843 4326 neutrius
857 4277 922 4326 ratio
936 4285 975 4326 est
987 4289 1005 4331 ς
1075 4276 1108 4327 18
1121 4267 1257 4336 deiicerer
1270 4275 1397 4328 Cauchius
1414 4267 1579 4332 othtoctoc
1593 4274 1614 4325 C

360 4365 390 4414 17
415 4364 506 4430 primis
530 4361 588 4414 dori
607 4388 621 4417 -,
644 4361 732 4428 lryglo
755 4360 826 4429 lydio
852 4361 873 4413 O
900 4361 990 4428 primis
1019 4362 1096 4414 dorii
1121 4361 1210 4428 hygit‘t
1235 4361 1308 4428 lydit'a
1331 4361 1345 4413 'c
1367 4363 1445 4428 primi
1469 4361 1482 4410 Ξ
1509 4361 1610 4412 dorium

287 4449 395 4517 lrlglum
423 4448 522 4516 lydium
549 4447 612 4503 Vol.
636 4449 720 4516 prima
749 4447 861 4516 (primae
884 4445 916 4513 ς)
945 4457 1006 4498 suut
1028 4446 1136 4518 Dorium
1160 4447 1302 4515 Phrygium
1327 4445 1436 4513 Lydium
1460 4460 1477 4504 ς
1504 4447 1613 4498 Ichtriua
1667 4451 1674 4457 ’

287 4534 367 4603 primi
384 4531 480 4585 Darius
499 4533 631 4602 Phrygius
651 4525 750 4601 Lydius
769 4537 863 4586 lacuna
881 4540 941 4594 oute
961 4547 993 4584 en
1012 4533 1107 4597 quihus
1126 4535 1242 4587 indicata
1261 4533 1413 4586 Hultrcdiua
1503 4532 1534 4583 18
1552 4546 1613 4598 gra·

279 4621 412 4673 'sissimus
432 4620 595 4688 hypodorius
610 4621 761 4674 Hultccltiuc
779 4619 966 4688 grauissimum
979 4619 1182 4687 lripodcriumC
1200 4619 1385 4687 grauissimum
1404 4618 1580 4686 hypodorium
1595 4629 1612 4675 ς
1667 4631 1671 4636 ·

288 4706 411 4767 dedalum
433 4707 479 4775 qui
496 4708 589 4760 dmnde
612 4709 776 4760 mormiliorum
797 4721 880 4772 penae
903 4709 1079 4773 nepiepentlac
1102 4707 1242 4773 scriptoria
1266 4706 1338 4760 ettttt
1359 4723 1380 4760 u.
1404 4719 1505 4757 carmen
1530 4710 1557 4756 et
1579 4706 1612 4757 de
1678 4714 1685 4726 “

89 4795 94 4800 ’
197 4831 203 4836 --
287 4808 384 4860 praeco
403 4783 487 4854 τόνος
505 4795 560 4846 siue
579 4785 684 4860 caduca
702 4795 840 4862 copitautia
859 4792 957 4845 triduit'
1031 4794 1065 4845 20
1083 4791 1177 4844 deinde
1197 4792 1308 4845 orinsG
1390 4794 1422 4843 tt
1442 4790 1614 4844 mixtolitliC

309 4881 312 4886 ’
358 4877 681 4948 fdibypemmyxolydius
701 4879 820 4944 (medium
839 4893 853 4945 y
874 4893 910 4931 ea
928 4877 936 4928 l
955 4875 1113 4944 audace)
1133 4875 1154 4927 G
