3906 5564
379 312 439 380 128
546 359 548 366 ,
879 315 987 368 nunu
1012 315 1202 374 moramur

402 429 424 471 r·
439 416 498 460 2⁵⁸³·
512 418 539 460 ⁸¹
554 415 576 462 p·
1512 430 1533 474 p.
1550 420 1594 462 ran
1608 420 1633 462 er
1647 417 1673 461 c.

377 508 510 582 iacturae
535 515 632 570 metro
656 505 768 577 attulit,
799 524 866 570 cum
897 517 1065 590 temporum
1093 510 1174 571 inter
1206 518 1366 589 utrumque
1396 518 1567 590 coragruant
1594 511 1700 590 spatia.

378 609 459 674 unde
483 622 513 674 et
537 609 706 690 tribrachys
736 612 804 691 pari
828 609 1028 674 calculatione
1051 611 1168 674 admitti
1196 631 1250 695 pes
1274 613 1386 695 poterit
1414 611 1528 674 duabus
1556 611 1700 675 brevibus

377 717 408 776 in
432 733 522 778 uuam
546 713 754 794 coeuntibus,¹
771 733 849 796 quae
878 713 1011 777 iambum
1040 735 1093 778 seu
1123 716 1261 779 chorium
1292 717 1433 780 alliciant.
1481 734 1535 778 nec
1559 725 1588 779 te
1611 716 1699 799 sylla·

379 819 485 882 barura
509 825 807 890 terreatnumerus,
837 835 906 880 cum
936 821 1015 882 intra
1044 822 1201 902 praefinita
1225 828 1397 902 temporum
1426 823 1522 901 spatia
1552 830 1699 892 teneatur,

377 922 466 985 relati
1713 948 1727 990 a

593 1023 666 1088 tlbi
689 1035 798 1090 nctus
821 1043 884 1088 ara
908 1025 1029 1089 caluit
1051 1025 1281 1109 aborigineo
1305 1024 1480 1108 sacello!

377 1131 426 1193 hle
455 1149 511 1213 pro
540 1128 645 1193 clrnrio
675 1127 736 1192 she
766 1129 907 1192 trochaeo
938 1129 1107 1215 tribrachys
1135 1134 1251 1214 positus
1279 1133 1430 1194 invenitur
1460 1131 1547 1210 longa
1571 1131 1600 1193 in
1625 1129 1699 1193 daras

377 1233 484 1297 breves
507 1233 603 1298 soluta
626 1236 681 1320 sic,
706 1234 850 1296 ‘tibive’t
873 1233 966 1297 ‘tibi’
987 1237 1071 1324 'enim
1095 1253 1150 1317 prro
1174 1256 1233 1299 una
1256 1234 1370 1318 syllaba
1395 1233 1482 1316 longa
1506 1237 1698 1316 accipiemus.

376 1337 619 1403 ‘recaluitabo’z
645 1357 713 1401 narn
729 1357 785 1420 pro
801 1337 977 1402 choriambo
994 1339 1163 1422 tribrachys
1181 1340 1225 1403 bis
1248 1339 1389 1403 inductus
1410 1340 1572 1418 reperitur.
1609 1339 1700 1402 huius

377 1445 465 1508 metri
488 1443 670 1507 Phalacrum
693 1450 849 1505 auctorem
879 1445 1066 1525 accepimus,
1097 1444 1177 1524 quod
1206 1442 1409 1526 appellatione
1433 1445 1496 1526 ipsa
1520 1443 1697 1514 dinoscitur,
1715 1471 1740 1509 to

376 1567 434 1630 qua
457 1555 587 1611 metrum
610 1549 756 1626 signatur.

447 1753 510 1838 [ne
531 1767 672 1818 nvonvs
694 1767 828 1818 ronrcrs
844 1769 867 1816 n
884 1767 1086 1820 natcrrnrco
1107 1767 1330 1819 rrsxanerso
1348 1753 1562 1839 serenans]
1580 1755 1698 1818 lonicus

377 1878 498 1943 qunque
527 1859 670 1922 sotadeus
697 1859 760 1921 sire
788 1858 939 1921 sotadicus
968 1861 1048 1937 (nam
1071 1860 1192 1943 quidam
1222 1859 1325 1923 colunt
1348 1879 1415 1923 esse
1438 1861 1516 1922 inter
1545 1878 1597 1922 ens
1620 1859 1696 1922 hanc

375 1963 591 2034 differentiam,
616 1973 650 2026 ut
672 1962 811 2026 sotericus
834 1969 952 2026 constet
973 1963 1093 2027 duobus
1117 1966 1224 2048 ionicis
1247 1975 1277 2026 ct
1298 1961 1503 2046 ithyphallirn,
1528 1963 1619 2025 idest
1643 1964 1695 2024 tri·

375 2065 432 2130 bus
455 2066 619 2140 trochaeis,
644 2075 677 2130 ut
1713 2093 1738 2134 u

661 2189 775 2252 pronus
798 2171 882 2253 cupit
904 2169 1078 2251 ingentibus
1102 2175 1147 2234 ire
1170 2191 1238 2235 cuna
1262 2171 1412 2254 procellis,
1703 2248 1705 2254 ι
1756 2236 1761 2247 ,

375 2286 406 2340 at
427 2276 578 2340 sotadicus
601 2273 699 2337 tribus
721 2275 829 2336 ionicis
852 2274 981 2356 pedibus
1003 2275 1136 2355 adaeque
1161 2267 1227 2337 ἀπὸ
1249 2275 1401 2356 μείζονος
1425 2285 1454 2337 ot
1477 2274 1581 2338 [altimo
1604 2295 1695 2358 spon·
1769 2346 1774 2355 Ι

374 2379 446 2452 deo,
476 2390 508 2443 ut
531 2389 577 2442 cst

679 2481 754 2544 Galli
778 2481 875 2545 timidi
899 2485 1091 2547 semianimes
1114 2492 1235 2565 tergora
1260 2485 1389 2563 vertunt)

374 2608 410 2651 ex
434 2587 579 2669 dactylico
602 2586 778 2650 hexametro
795 2586 928 2670 produit.
974 2606 1044 2651 nam
1067 2587 1202 2670 spondeo
1219 2587 1327 2652 initiali
1343 2598 1373 2651 et
1388 2585 1469 2650 linali
1493 2597 1523 2650 cl
1545 2564 1576 2649 in
1595 2586 1696 2649 medio
1709 2613 1737 2654 so

373 2679 463 2755 vorsu
486 2693 585 2774 posito
609 2699 741 2762 constat,
765 2691 816 2771 qui
840 2691 870 2754 in
893 2691 988 2755 heroo
1011 2710 1159 2755 summam
1184 2691 1303 2755 obtinet
1325 2693 1424 2764 metri,
1450 2701 1551 2774 utpote
1575 2693 1625 2774 qui
1649 2687 1715 2758 (li-1

374 2798 489 2860 risione
512 2793 662 2857 metandae
683 2793 792 2874 longae
816 2793 926 2877 dactyli
949 2795 988 2856 sit
1013 2814 1134 2878 parens.

459 2899 666 2962 Tetramctrus
689 2916 810 2980 quoque
833 2897 1035 2962 catalecticus*
1047 2898 1184 2961 similiter
1208 2900 1343 2979 arginem
1367 2898 1404 2961 ab
1437 2899 1530 2961 heroo
1554 2899 1694 2961 hexame-

373 3016 422 3068 tro
446 3003 546 3066 trahlt.
586 3019 656 3064 nam
678 3000 758 3083 quod
783 3002 938 3065 residuum
963 3011 1008 3065 est
1031 3001 1180 3086 dactylico
1196 3005 1295 3065 versui
1312 3011 1375 3085 post
1394 2997 1407 3086 Η
1423 3001 1600 3065 divisionem
1617 3020 1692 3070 eam.

374 3125 463 3189 quana
502 3103 785 3186 hephthemimeron
823 3105 970 3178 diximus,
1017 3114 1168 3188 tamquam
1206 3111 1324 3169 ‘arma
1364 3107 1561 3186 virumque
1600 3125 1735 3168 canosa

372 3211 539 3281 Troiac’,
569 3219 710 3292 superest
738 3209 819 3291 ‘qui
847 3211 992 3293 primns
1021 3209 1064 3272 ab
1094 3211 1207 3280 oris’;
1239 3212 1310 3273 item
1343 3208 1446 3272 ‘lude
1476 3217 1560 3272 toro
1584 3221 1694 3292 pater

373 3317 546 3386 heneas’,
569 3312 679 3376 dehinc
702 3314 774 3375 ‘sic
798 3331 909 3376 orsus
932 3313 974 3376 ab
998 3313 1109 3385 atto’;
1133 3313 1161 3374 id
1186 3315 1211 3375 si
1234 3316 1436 3394 geminaveris
1457 3323 1486 3374 ct
1501 3313 1692 3396 pariambum

373 3418 506 3483 medium
535 3419 700 3481 inserueris
735 3419 851 3499 versui,
885 3419 1018 3480 ionicum
1047 3409 1114 3480 alred
1142 3416 1294 3500 μείζονος
1328 3426 1536 3480 tetrametrum
1566 3414 1692 3497 brachy-

371 3522 550 3586 catalectum
574 3520 729 3603 ligurabis,
754 3529 786 3583 ut
808 3531 879 3602 pum
903 3522 942 3583 sit
964 3519 1083 3584 medius
1105 3519 1280 3603 pariambus
1302 3522 1406 3599 ‘eyo'.
1445 3539 1518 3602 ergo
1541 3523 1691 3601 geminata

371 3627 436 3691 cola
461 3625 547 3690 heroi
570 3643 674 3688 versus
696 3635 826 3688 metrum
851 3643 886 3687 ex
909 3643 941 3688 se
965 3623 1023 3686 tale
1046 3624 1264 3708 procreabant,
1289 3634 1322 3688 ut
1707 3648 1733 3686 an

371 3763 577 3775 .....----

440 3837 457 3887 2
475 3833 587 3884 undeet
605 3833 748 3898 tribrachys
768 3857 799 3870 —
818 3835 834 3886 9
852 3833 979 3899 reperitur
997 3851 1022 3899 p.
1038 3835 1107 3884 2⁵94
1171 3835 1187 3886 3
1207 3848 1252 3884 noc
1271 3844 1295 3884 te
1314 3831 1470 3898 syllabarum
1492 3859 1518 3869 -
1541 3835 1558 3884 4
1577 3840 1693 3883 terreatur

369 3923 397 3972 p.
417 3907 459 3968 46,
473 3906 516 3954 21.
590 3903 621 3953 19
639 3901 704 3952 Galli
722 3919 748 3968 p.
768 3905 813 3966 53,
830 3907 851 3953 l.
870 3906 911 3954 91.
928 3905 959 3952 19
979 3904 1043 3955 Aut.
1062 3903 1171 3954 Fortun.
1191 3905 1261 3953 2678
1334 3905 1368 3954 23
1387 3902 1560 3952 Tetrametrus
1581 3927 1613 3938 —
1634 3902 1691 3961 129,

371 3976 405 4027 10
423 3973 503 4025 melos
526 3971 630 4023 Terent.
650 3973 738 4022 Maur.
758 3975 942 4023 aron-2055

440 4111 819 4212 tcongruentsaong1·rrunt
837 4143 902 4196 AB
953 4146 1111 4195 irrumerns
1131 4155 1155 4194 et
1173 4157 1231 4194 cnm
1251 4143 1277 4195 B
1330 4147 1362 4196 10
1380 4142 1533 4194 Phalacrum
1552 4155 1569 4199 ς
1588 4128 1692 4263 phalla-

370 4218 438 4267 cium
453 4217 477 4266 A
497 4213 644 4283 plraliacum
664 4213 689 4264 B
708 4212 834 4264 Philicum
855 4213 1020 4272 dolosordinr
1072 4213 1248 4279 accepimnsc
1267 4214 1410 4280 accipimus
1431 4211 1494 4264 AB
1544 4213 1575 4264 12
1605 4211 1690 4276 nctylo

370 4285 453 4342 ΑΒς
511 4285 543 4335 ll
562 4279 701 4348 ctultimo]
721 4296 749 4333 ut
766 4283 855 4333 arltimo
874 4281 939 4334 ΑΒ
959 4281 1083 4338 utctmoc
1140 4284 1174 4335 20
1192 4282 1326 4349 prollunnt
1344 4283 1369 4334 A
1384 4281 1438 4338 Be
1497 4296 1554 4331 arana
1574 4281 1691 4347 spondeo

370 4355 621 4420 suprascriptarum
634 4354 661 4404 in
679 4354 704 4402 A
758 4353 790 4404 21
811 4366 912 4404 summa
931 4350 985 4407 ςΒ
1033 4353 1067 4402 24
1085 4354 1171 4403 nersui
1190 4351 1245 4408 ςΒ
1265 4367 1356 4403 nereus
1375 4367 1444 4403 corr.
1463 4351 1551 4402 uersui
1569 4351 1594 4402 A
1613 4365 1691 4401 uersu

374 4425 433 4479 Vol.
485 4421 877 4488 ibquammepthemimerenA
931 4417 1049 4487 astute]
1066 4419 1146 4488 Verp.
1160 4421 1305 4475 Aemili
1358 4415 1588 4487 29sitlsiABa
1640 4433 1690 4485 ego

369 4509 418 4548 om.
431 4493 457 4544 A
470 4491 525 4547 Be
595 4493 630 4544 30
648 4491 820 4558 procreabunt
838 4503 865 4541 ut
883 4491 928 4555 qui
946 4491 1046 4557 primus
1065 4489 1097 4540 ab
1116 4491 1170 4542 oris
1188 4491 1249 4542 item
1268 4491 1303 4540 sit
1320 4489 1433 4539 medium
1452 4501 1515 4556 puto
1534 4489 1578 4539 liet
1596 4503 1689 4539 uersus

368 4563 431 4613 dum
444 4557 572 4612 ”conderet
590 4561 678 4612 urbem
697 4575 760 4626 ergo
779 4560 928 4627 pariambus
949 4555 1045 4614 ΑΒΕ
1065 4559 1244 4626 procreabunt,
1265 4569 1291 4610 ut
1306 4557 1353 4618 Qui
1368 4560 1467 4624 primus
1485 4558 1518 4609 ab
1538 4559 1601 4610 oris.
1627 4557 1688 4607 item

368 4630 435 4682 llum
458 4629 581 4681 conderet
603 4631 701 4684 urbem.
731 4630 765 4680 sit
787 4629 899 4681 medium
925 4641 998 4696 puto,
1022 4627 1065 4678 llet
1088 4644 1194 4681 uersus:
1218 4627 1266 4689 Qui
1290 4629 1389 4695 primus
1413 4628 1445 4678 ab
1469 4629 1521 4678 oris
1546 4639 1609 4694 puto
1627 4626 1689 4677 dum

368 4700 491 4751 conderet
507 4699 606 4750 urbem.
634 4714 696 4766 ergo
716 4699 865 4765 pariambus
887 4697 1062 4750 Uolanerius.
1090 4699 1142 4749 tria
1164 4701 1283 4764 exempla
1306 4695 1456 4748 Terentioni
1477 4699 1642 4763 neglegenter
1663 4696 1690 4746 in

369 4770 420 4822 duo
437 4770 572 4820 contremit
593 4768 751 4820 Victorinus·
778 4785 835 4818 num
853 4769 1002 4820 accuratim
1019 4765 1084 4817 haec
1102 4770 1139 4818 ita
1156 4767 1294 4820 scribendo
1317 4773 1402 4828 erunt,
1422 4767 1456 4816 26
1474 4769 1519 4829 qni
1538 4767 1637 4832 primus
1656 4766 1690 4814 ab

370 4841 436 4898 oris;
460 4839 519 4888 item
543 4837 635 4888 ‘attrahat
658 4852 763 4900 atroque
786 4851 810 4885 et
829 4837 895 4887 bello
914 4837 1031 4904 passus',
1055 4836 1147 4886 dehinc
1172 4838 1245 4887 ‘duna
1268 4831 1605 4896 conderecu1·t›em’;,ttem
1629 4835 1691 4885 inde

370 4919 477 4958 torn-
494 4919 523 4956 ut
545 4907 601 4970 ‘qni
621 4907 720 4973 primus
739 4906 771 4956 nb
789 4907 842 4956 oris
861 4921 909 4972 ego
929 4907 974 4970 qui
993 4906 1092 4972 primus
1116 4907 1148 4956 ab
1169 4908 1243 4956 oris’.
1270 4905 1330 4956 item
1349 4906 1383 4956 sit
1401 4903 1515 4955 medium
1533 4905 1621 4966 niodo,
1647 4904 1691 4954 liet
