3858 5560
719 307 1000 382 oslmererffiaa
1019 339 1050 351 -
1070 313 1124 376 ιι

280 423 302 468 p.
315 410 375 454 idid.
390 412 416 454 ib
432 411 456 454 P.

644 511 745 566 castae
769 503 904 568 Pierides
927 523 1012 568 meae
1035 506 1192 569 Camenae.

254 603 390 668 detracto
414 609 496 670 euim
519 607 692 670 ‘Camenae'
717 608 750 670 iit
765 619 989 672 anacreonteou
1011 619 1140 672 metrum
1158 607 1340 691 syllabarum
1365 607 1369 693 i
1394 620 1470 678 octo,
1496 609 1577 688 quod

253 711 362 772 musici
387 707 550 772 bacchinon
568 719 682 782 uocant,
707 715 896 792 grammatici
920 713 1144 776 choriambicum
1160 736 1177 776 e
1192 715 1244 796 qui
1267 713 1377 796 duplex
1401 723 1517 776 constat
1541 731 1576 774 ex

253 808 341 892 ionga
366 823 396 874 et
418 811 534 876 duabus
557 814 700 877 brevibus
723 825 753 876 ot
776 813 873 896 ionga,
898 816 927 878 id
951 826 998 880 est
1021 837 1056 880 er
1081 816 1194 880 choreo
1217 826 1247 880 et
1276 816 1386 881 iambo.
1433 817 1491 880 hoc
1515 835 1576 877 me·

213 933 227 974 s
254 924 334 977 haum
356 918 579 980 incrementum
596 920 705 1000 accipit
728 927 758 979 et
782 927 878 980 totum
901 917 939 981 ah
955 921 1065 984 Alcaeo
1088 929 1250 982 tractatum
1275 931 1320 982 ost
1344 930 1373 983 et
1397 919 1434 981 ah
1452 921 1576 982 iiomtio

148 1097 156 1108 ι
254 1027 368 1080 nostro.
416 1039 484 1082 narn
508 1021 587 1104 quod
613 1031 658 1083 est

721 1133 820 1188 castae
844 1125 981 1188 Pierides
1003 1145 1105 1200 meac,

174 1290 178 1300 ,
254 1226 283 1288 id
307 1235 353 1288 est
375 1225 454 1309 apud
478 1226 636 1292 Horatium

683 1333 905 1394 intermissa
930 1333 1053 1396 Venus
1076 1334 1150 1400 diu.

215 1433 359 1498 eudemus
382 1433 425 1497 iiii
447 1437 677 1506 incrementum,
703 1435 731 1498 id
756 1445 801 1498 est
823 1455 879 1518 pro
904 1455 963 1498 uuo
987 1421 1063 1500 dubs
1086 1436 1287 1507 choriambus,
1313 1439 1362 1500 het

606 1541 777 1602 intermissa
803 1541 903 1602 Venus
925 1545 1016 1602 missu
1047 1543 1148 1604 Venas
1171 1541 1222 1603 din

253 1648 284 1701 et

643 1757 741 1810 castae
766 1746 904 1810 Pierides
928 1747 1063 1810 Pierides
1086 1767 1181 1812 meae.

252 1846 323 1910 huic
344 1845 441 1910 simile

214 1967 239 2010 ιι
502 1952 701 2016 hiaecenas
724 1956 849 2016 atavis
872 1953 974 2018 edite
998 1955 1169 2036 regibus,

363 2136 364 2139 Ἴ
501 2065 578 2119 oet
600 2056 836 2138 praesidium
860 2066 896 2120 et
919 2059 1026 2121 duice
1052 2059 1168 2124 decus
1192 2077 1320 2125 meum.

252 2157 301 2220 hic
324 2160 445 2228 etenim,
475 2163 528 2242 qui
552 2159 696 2241 disyiiabo
721 2160 811 2224 verbo
841 2160 978 2226 absoluto
1001 2163 1113 2233 buitur,
1144 2163 1169 2226 si
1192 2165 1328 2226 aruiserit
1351 2161 1571 2236 choriambum,

250 2263 309 2324 erit
331 2260 374 2324 iiii
398 2271 495 2325 metro
519 2281 582 2345 par,
607 2267 695 2327 cuius
718 2265 886 2347 exemplum
1591 2251 1596 2260 ¹

719 2379 818 2433 castae
844 2368 976 2432 Pierides
998 2389 1099 2454 meae:

211 2485 238 2527 ιι
252 2469 302 2532 bet
324 2471 404 2532 enlm

186 2651 189 2658 Ι
704 2586 777 2638 oet
799 2577 981 2659 praesidium
1005 2595 1116 2640 meum.
1156 2545 1167 2566 “

250 2693 357 2737 rursus
381 2675 536 2741 adcrescat
560 2677 762 2752 choriambus,
788 2682 838 2742 iiet

648 2791 748 2846 castae
772 2781 907 2846 Pierides
928 2781 1064 2847 Pierides
1088 2802 1173 2847 meac

250 2891 279 2944 et

212 3002 237 3042 ea
310 3069 313 3075 Ι
571 3009 589 3050 o
613 2999 642 3052 et
666 2989 850 3071 praesidium
874 3001 903 3054 et
926 2989 1014 3054 dulce
1038 2991 1130 3054 decus
1153 3011 1253 3054 meum

250 3101 279 3152 et

242 3247 246 3256 ,
581 3198 750 3260 intermissa
773 3197 873 3260 Venus
897 3200 989 3261 missa
1012 3197 1113 3262 Venus
1136 3197 1228 3283 dimi!

249 3296 356 3362 demus
380 3301 469 3361 etiam
494 3317 575 3362 nurrc
598 3299 640 3363 iiii
664 3303 752 3364 unius
775 3300 941 3364 choriambi
963 3303 1196 3374 incrementum,
1220 3303 1270 3364 het

526 3451 531 3456 .
565 3413 664 3466 castae
686 3403 825 3468 Pierides
847 3403 983 3467 Pierides
1005 3406 1140 3468 Pierides
1163 3425 1259 3477 meae,

211 3505 500 3587 aequamentum
524 3507 603 3588 epod
627 3507 795 3578 Horatium,
821 3509 900 3587 quod
924 3520 954 3570 et
976 3511 1075 3591 ipsum
1100 3509 1137 3572 ab
1160 3509 1268 3572 Alcaeo
1291 3511 1429 3591 sumpsit,

340 3619 379 3672 tu
404 3627 448 3672 ne
471 3612 705 3693 quaesieris,
728 3614 829 3674 scire
853 3613 973 3683 netas,
998 3631 1106 3695 quoni
1129 3611 1233 3684 mihi,
1258 3630 1365 3692 quem
1390 3612 1471 3677 tibi.

248 3887 298 3936 m
317 3819 437 3937 incestae
460 3818 524 3868 Atii.
543 3817 651 3871 Fortun.
671 3820 735 3880 293,
752 3819 783 3867 12
879 3821 896 3870 2
919 3819 989 3883 quod
1007 3820 1099 3870 musici
1118 3819 1257 3870 bacchicou
1276 3830 1370 3869 vocant
1392 3836 1419 3885 p.
1439 3821 1501 3884 263,
1522 3822 1566 3873 23.

247 4009 453 4017 -η-οω--ι-ι

316 4059 436 4116 iureis
506 4061 522 4111 3
544 4057 670 4110 bacchica
693 4072 710 4114 ς
779 4059 946 4111 choriambon
969 4073 995 4116 ς.
1025 4063 1141 4112 lacunam
1164 4061 1283 4120 indicavi,
1309 4077 1359 4124 pua
1383 4062 1474 4112 divisio
1492 4063 1568 4110 metri

247 4131 422 4190 anooeeontei,
441 4131 467 4179 in
486 4145 536 4195 quo
554 4129 651 4179 medius
669 4137 709 4179 eat
725 4145 773 4194 pec
791 4130 959 4190 ehorimnbas,
978 4131 1092 4182 excidit:
1114 4130 1149 4194 rs.
1173 4129 1276 4185 Terent.
1296 4129 1384 4184 blara.
1405 4132 1475 4180 2613
1494 4130 1565 4181 Μαι.

252 4195 350 4250 Victor.
368 4214 396 4264 p.
419 4201 478 4256 1⁴8,
498 4199 536 4250 33
590 4197 656 4248 bob
675 4196 753 4248 Aiceo
773 4197 884 4249 ABab
903 4199 1019 4254 alteror
1075 4211 1183 4250 tractum
1202 4211 1241 4250 est
1260 4207 1283 4248 et
1302 4199 1334 4248 ab
1353 4199 1459 4249 Horatio
1478 4199 1504 4248 Α
1515 4196 1566 4254 Βς

248 4280 354 4316 tractum
368 4277 408 4316 est
420 4267 451 4318 nb
467 4266 571 4317 Horatio
592 4266 766 4330 Gaiesordr'ue.
786 4268 821 4330 es.
834 4284 861 4333 p.
876 4271 935 4327 270,
949 4271 982 4318 21
1002 4280 1027 4318 et
1045 4268 1094 4318 hoe
1113 4279 1245 4335 sumptum
1265 4267 1297 4318 ab
1316 4268 1411 4318 Alcaeo
1430 4277 1454 4316 et
1470 4267 1503 4316 ab
1522 4266 1565 4317 illo

248 4347 383 4386 tenemium
402 4335 550 4398 i'reuuenter
619 4336 635 4385 6
659 4349 718 4386 uem
737 4337 807 4399 quod
827 4349 865 4386 est
885 4337 1021 4389 Petacht'ue
1045 4353 1156 4402 reamque
1174 4349 1213 4387 est
1236 4335 1261 4387 B
1279 4337 1337 4387 cod.
1359 4335 1441 4402 Neap·
1460 4347 1477 4391 ς
1495 4343 1520 4387 et
1539 4343 1566 4386 ut

248 4407 347 4457 uidetur
365 4407 396 4457 A.
421 4419 480 4455 uum
499 4405 569 4469 quod
594 4405 736 4472 adscripsit
753 4403 913 4460 Parrhasius
935 4408 961 4456 in
983 4409 1097 4472 marpine
1121 4409 1241 4458 editionis
1259 4421 1329 4464 suae,
1354 4421 1420 4472 praue
1442 4419 1509 4455 aune
1527 4413 1566 4455 est

249 4475 274 4524 in
292 4459 446 4526 bibliotheca
466 4473 648 4540 Neapolitana
700 4473 761 4523 8id
780 4487 820 4524 eet
838 4477 892 4528 ςΑ
912 4475 980 4524 idern
999 4473 1033 4527 B.
1051 4476 1168 4538 sortasse
1188 4475 1254 4526 idem
1274 4489 1313 4524 esc
1370 4469 1564 4540 9iutormissa]

249 4541 318 4594 Hor.
340 4559 421 4594 eorm,
444 4541 515 4594 1111
537 4546 595 4607 1,1
684 4544 716 4593 10
736 4541 852 4605 sortasse
871 4542 938 4592 duos
957 4543 1120 4594 choriambus
1139 4559 1269 4610 ponamus
1357 4541 1400 4592 sset
1417 4543 1566 4593 huermisso

250 4625 329 4663 uenus
348 4612 393 4662 diu
412 4622 437 4662 et
453 4623 542 4662 castus
562 4613 587 4662 A
601 4611 627 4662 B
645 4610 688 4660 {iet
706 4611 854 4661 intermissa
872 4609 917 4661 din
935 4627 1016 4661 uenus
1036 4624 1061 4662 et
1079 4623 1164 4663 castae
1183 4625 1200 4670 ς
1254 4613 1285 4661 14
1303 4609 1363 4660 huic
1380 4610 1465 4660 simile
1483 4612 1531 4664 erit
1549 4624 1566 4666 ς

332 4683 365 4733 lb
389 4675 536 4748 Maecenas]
561 4681 631 4732 Hor.
654 4694 732 4734 earm.
751 4679 769 4730 1
786 4683 839 4738 1,r
926 4681 958 4730 et
984 4695 999 4730 ο
1024 4681 1217 4748 praesternere
1303 4681 1337 4730 ⁸23
1356 4679 1470 4730 Pierides
1489 4685 1567 4730 remei

248 4752 368 4815 seriptum
385 4749 499 4806 hubeis
567 4751 602 4800 ⁴25
621 4765 635 4800 e
655 4748 849 4816 praestatione
920 4763 1005 4798 nietam
1024 4763 1038 4798 ι
1057 4765 1080 4800 et
1100 4752 1284 4804 intererimus
1348 4751 1382 4800 ‘28
1401 4746 1503 4814 demus]
1522 4750 1567 4800 de·

249 4831 315 4867 mrem
334 4819 360 4869 B
431 4821 464 4870 ιθ
488 4818 601 4870 Pierides
626 4820 665 4869 bis
686 4820 809 4884 reriptmn
833 4817 927 4869 hadent
946 4817 1038 4875 Alte
1108 4822 1142 4870 30
1164 4821 1196 4869 eb
1215 4818 1293 4868 arceo
1313 4821 1337 4869 A
1353 4819 1377 4868 B
1400 4819 1431 4868 ab
1450 4819 1566 4875 alteros

315 4889 346 4938 31
366 4883 406 4954 tu]
429 4887 497 4940 Hor.
514 4904 592 4940 earm.
614 4887 627 4938 1
648 4888 718 4948 rr‚1
789 4888 834 4936 tibi
853 4899 866 4936 ι
886 4887 969 4941 hocs
1341 4921 1345 4926 -

1302 4973 1355 5024 17*
