3906 5564
374 321 416 387 96
878 323 987 378 MARH
1007 322 1197 376 vtcrorrtnl

402 437 424 478 p.
438 426 497 466 asra.
511 427 537 465 aa
552 424 574 468 r.
1501 438 1523 480 p.
1539 427 1627 466 rea-ar
1643 423 1670 466 u.

624 523 742 593 segetes
765 533 866 576 meum
890 513 1042 587 laborem,
1066 525 1184 597 segetes
1207 533 1293 578 meus
1314 512 1438 596 labeni}

374 617 510 682 subsistit
540 638 577 681 er
604 618 770 700 pariambis
797 619 922 682 adnexis
951 619 1116 690 trochaeis,
1146 619 1224 682 sicud
1252 618 1365 682 dictum
1395 629 1454 686 est,
1483 620 1599 684 alterna
1623 621 1696 688 rire.

375 741 444 786 curn
467 723 565 803 longis
587 719 696 786 breves
719 731 770 786 ant
792 722 935 786 brevibus
960 724 1068 804 longae
1090 722 1293 788 subiciuntur.
1339 725 1516 788 memineris
1543 733 1643 788 tamen
1668 735 1698 785 et

374 826 553 909 tribrachyn
577 827 644 890 loco
667 825 805 890 trochaei
834 827 891 890 hoe
915 837 1061 901 metrum,
1093 831 1119 892 si
1143 829 1309 891 necessitas
1331 828 1506 909 postularit,
1536 829 1697 891 admittere

374 951 473 1014 neque
497 931 704 994 adcrescentis
727 929 858 1013 syllabae
875 951 1051 1004 numerum,
1077 953 1146 996 cum
1163 935 1194 995 in
1212 932 1404 1013 temporibus
1420 935 1519 996 omnis
1542 935 1620 995 ratio
1643 953 1696 994 eu·
1726 957 1740 996 s

374 1036 537 1112 stodiatur‚
564 1035 700 1108 elucere,
731 1045 764 1099 ut
783 1037 841 1098 hoo
863 1037 1106 1118 galliambieum,
1136 1036 1215 1119 qued
1239 1037 1389 1101 solutione
1413 1036 1615 1116 complurium
1639 1037 1697 1117 syl·

373 1139 511 1204 labarum
535 1142 736 1221 compositum
760 1149 822 1212 est,
846 1149 879 1204 ut

852 1243 931 1310 rolat
953 1245 1073 1326 agiliter
1095 1255 1166 1309 sunt
1182 1271 1214 1309 s.

826 1435 874 1498 tte
899 1434 1090 1500 Paaoatco
1113 1436 1247 1512 aterno

459 1556 643 1621 Paeonicum
662 1565 790 1620 metrum
808 1557 870 1619 sire
895 1559 1040 1628 cretium,
1066 1566 1099 1620 ut
1115 1557 1237 1640 quidam
1254 1559 1355 1620 lerunt
1371 1557 1549 1620 adserentes
1565 1575 1698 1638 paeones
1714 1581 1739 1620 nr

373 1661 521 1741 originem
545 1681 582 1724 ex
605 1663 719 1723 cretico
735 1679 789 1723 seu
812 1663 1019 1744 arrrphimacre
1036 1665 1166 1726 traxisse
1189 1662 1288 1742 longis
1311 1665 1378 1724 eius
1393 1665 1493 1744 prima
1510 1671 1540 1723 et
1556 1679 1697 1740 suprema

373 1767 404 1828 in
429 1765 537 1828 breves
559 1765 680 1838 solutis,
705 1764 816 1848 quibus
839 1783 935 1845 paeon
951 1768 1069 1847 primus
1092 1774 1122 1828 et
1144 1774 1273 1848 quartus
1295 1767 1395 1829 creari
1413 1775 1591 1836 noscuntur,
1616 1765 1698 1846 quod

373 1871 464 1932 eliam
499 1888 537 1932 ex
572 1868 698 1932 bacchio
733 1878 762 1932 et
790 1868 1010 1951 palimbacchio
1038 1869 1173 1951 adaeque
1201 1871 1249 1941 lit,
1284 1869 1364 1933 uude
1394 1879 1425 1932 et
1455 1869 1650 1932 bacchiacum
1680 1888 1696 1929 a

373 1973 557 2056 quibusdam
580 1973 637 2035 hec
661 1982 792 2038 metrurn
816 1973 941 2046 dicitur,
972 1974 1096 2056 quidam
1119 1974 1226 2036 ultimo
1249 1973 1315 2036 loco
1339 1981 1508 2055 pesuerunt
1535 1973 1697 2055 proceleu-

375 2080 486 2141 matico
515 2077 685 2160 repudiato.
732 2077 812 2159 quod
842 2088 942 2141 tamen
977 2079 1074 2160 magis
1102 2077 1259 2159 rhythmo,
1296 2076 1327 2139 id
1356 2085 1402 2140 est
1431 2096 1574 2148 numero,
1606 2095 1695 2158 quatu
1714 2101 1738 2139 ra

373 2192 486 2254 metro,
510 2199 681 2262 congruere
704 2184 835 2244 varietas
858 2185 922 2264 ipsa
946 2184 1177 2263 compositionis
1200 2181 1343 2244 ostendit.
1390 2199 1459 2244 nam
1483 2183 1596 2263 recipit
1620 2177 1695 2262 [non

374 2304 539 2368 numquam
563 2287 593 2348 in
618 2285 725 2348 breves
754 2283 883 2368 solutos]
908 2286 1143 2369 amphimacros,
1173 2303 1302 2368 querum
1332 2287 1425 2376 etiarn
1456 2283 1607 2362 clausula,
1636 2304 1696 2366 qua

373 2391 406 2452 lit
435 2406 557 2454 earrnen
587 2392 653 2452 eius
681 2391 891 2453 catalecticum
922 2387 1151 2472 [terminatur],
1180 2390 1256 2452 adeo
1285 2389 1355 2452 huic
1384 2388 1544 2452 familiaris
1573 2397 1633 2460 est,
1664 2398 1698 2450 ut

339 2530 346 2542 ·
373 2493 514 2575 plerique
537 2492 594 2556 hoc
619 2503 749 2558 metrum
774 2492 948 2574 rhythmum
972 2497 1119 2558 creticum
1143 2493 1284 2556 dixerint.
1325 2492 1405 2572 quod
1430 2512 1498 2556 cuna
1523 2491 1696 2554 eiusmodi

373 2597 420 2670 slt,
446 2606 547 2660 tanuen
571 2616 644 2660 usus
660 2601 727 2662 eius
742 2598 820 2680 apud
841 2597 962 2680 lyricos,
987 2599 1040 2662 sed
1063 2607 1094 2661 et
1115 2599 1248 2678 tragicos
1266 2605 1297 2659 et
1312 2600 1455 2668 comicos,
1479 2597 1624 2677 frequens
1640 2603 1696 2671 est,
1711 2620 1739 2659 so

373 2708 403 2762 et
426 2703 591 2783 praecipue
614 2702 652 2764 de
676 2700 795 2764 bacchii
818 2711 848 2764 et
870 2705 977 2765 cretici
1002 2700 1215 2766 solutionibus.

461 2804 662 2868 bacchiacum
680 2807 774 2885 igitur
798 2805 1005 2887 dirhythmum
1035 2809 1097 2870 sire
1121 2807 1285 2870 dimetrum
1301 2805 1517 2878 acatalectutn,
1541 2805 1621 2887 quod
1639 2808 1670 2868 in
1689 2809 1696 2858 ἶ

357 2918 515 2998 1(μιειτῑιιηι
541 2912 722 2992 paeonicum
745 2908 926 2993 plerumque
950 2910 1098 2974 solutione
1121 2909 1229 2991 longae
1252 2912 1377 2980 transit,
1409 2909 1498 2971 huius
1527 2909 1609 2972 medi
1639 2919 1697 2978 est,

889 3015 1002 3077 amicos
1025 3019 1173 3096 uocantis3

373 3117 587 3199 trirhpthmum
611 3135 731 3199 quoque
756 3117 951 3182 acatalecluna
973 3120 1031 3191 ita,
1711 3140 1738 3179 ss

786 3231 820 3285 ut
842 3221 924 3284 Echo
948 3221 1004 3284 sub
1028 3225 1125 3286 antris
1151 3221 1288 3286 canebat.

373 3327 627 3410 tetrarhytlrmum
651 3328 742 3389 etiam
766 3325 964 3390 acatalectum
987 3326 1046 3390 tale
1070 3335 1126 3398 est,

716 3429 835 3493 velabat
857 3430 1008 3514 superbus
1029 3448 1085 3513 per
1109 3449 1199 3494 arares
1223 3431 1356 3512 errido;

374 3543 597 3615 pentametrum
621 3553 690 3596 rere
715 3533 912 3598 acatalectum
936 3533 1145 3606 huiusmodi,

461 3635 464 3648 ’
638 3641 667 3700 io
691 3641 759 3721 quis
782 3637 908 3701 ‹leorum
931 3657 985 3720 per
1009 3637 1084 3702 altos
1106 3637 1216 3720 Lycaei
1240 3637 1352 3716 gradus
1376 3656 1433 3700 me.
1710 3659 1737 3696 ao

461 3741 645 3804 Observabis
661 3744 762 3824 itaque
778 3741 966 3822 singulorum
979 3743 1167 3804 dillerentias
1184 3737 1297 3802 taliter:
1314 3751 1364 3804 aut
1377 3742 1456 3803 enim
1474 3761 1509 3803 ex
1527 3739 1696 3823 perennibus

373 3857 444 3910 sunt
467 3847 477 3928 l
498 3854 668 3928 temporum
692 3849 828 3928 quinque
852 3853 902 3907 aut
926 3865 962 3908 ex
986 3844 1119 3908 bacchiis
1143 3844 1278 3925 adaeque
1303 3852 1472 3927 temporum
1496 3845 1620 3906 totidem
1645 3855 1693 3905 aut

374 3953 463 4013 etiam
487 3969 523 4012 ex
548 3953 688 4019 creticis,
713 3967 789 4032 qum
812 3949 1034 4031 amphimacrus
1057 3949 1202 4018 diximus,
1232 3950 1284 4030 qui
1309 3955 1339 4010 et
1369 3951 1427 4030 ipsi
1456 3950 1591 4030 quinque
1621 3957 1695 4010 tem-

373 4073 481 4135 porum
507 4055 690 4135 proceritate
714 4056 863 4115 nituntur.
910 4053 989 4132 quod
1006 4052 1075 4115 iden
1099 4053 1245 4124 diximus
1271 4071 1308 4114 ne
1333 4053 1363 4114 in
1380 4053 1541 4133 partiendo
1558 4068 1694 4114 errorem

375 4172 580 4182 ..a--n-u-u—

443 4227 457 4276 1
477 4221 591 4292 segetes]
616 4225 719 4280 Terent.
738 4225 827 4276 lileur.
848 4229 915 4277 2588
939 4237 1041 4293 segetes
1066 4241 1151 4276 meum
1174 4224 1289 4276 lahorem
1308 4234 1409 4289 segetes
1428 4239 1514 4274 meum
1534 4223 1601 4283 labo,
1626 4224 1697 4290 quod

377 4295 513 4348 Victorino
530 4298 670 4346 restituere
689 4296 766 4346 uoluit
785 4295 951 4346 Camerarius
1021 4297 1159 4346 'induisis
1179 4299 1202 4346 A
1217 4295 1242 4346 B
1261 4294 1384 4344 admixtis
1404 4306 1442 4352 ς,
1490 4295 1695 4346 carceres-centis

373 4363 428 4420 ςΒ
447 4365 625 4415 adcrescentes
645 4366 670 4416 A
759 4365 774 4414 8
798 4360 884 4432 relat]
910 4367 990 4416 manile
1013 4368 1155 4430 exemptum
1183 4373 1220 4416 eat
1242 4367 1268 4415 in
1294 4365 1430 4429 poenalels
1452 4380 1478 4428 p,
1499 4366 1539 4414 97.
1569 4367 1694 4421 triennem,

373 4451 424 4501 qun
441 4440 573 4500 posterior
592 4450 680 4486 uersus
696 4448 762 4497 para
778 4436 868 4499 periit,
887 4435 1009 4484 indicavit
1027 4446 1043 4490 ς
1116 4435 1146 4484 ta
1166 4436 1191 4483 iu
1211 4437 1301 4484 breues
1322 4432 1414 4482 solutis
1432 4432 1487 4488 §B
1509 4434 1533 4481 in
1554 4433 1630 4481 luens
1649 4445 1695 4481 so·

373 4503 432 4554 lutis
453 4505 477 4554 A
565 4501 648 4571 qnod]
669 4505 713 4568 qui
732 4502 758 4552 B
847 4503 876 4553 lh
896 4517 947 4552 uon
967 4517 1098 4565 rrrrnquam
1118 4505 1142 4552 iu
1163 4504 1252 4552 breves
1271 4503 1372 4554 solertes
1392 4502 1551 4558 terminatur,
1575 4517 1640 4567 quae
1659 4503 1697 4550 erl

372 4589 539 4626 cernamus
563 4576 668 4638 exitam,
697 4575 751 4640 qni¹
768 4575 793 4623 ia
816 4580 895 4624 metro
923 4573 1057 4625 bassarice
1079 4573 1210 4623 indicetur
1232 4581 1270 4624 eat
1293 4573 1364 4634 infre
1385 4588 1412 4636 ρ.
1432 4573 1473 4630 98,
1495 4572 1636 4636 pertinent,
1659 4587 1695 4620 ere

372 4643 486 4708 ntnrpine
505 4645 578 4694 illata
596 4659 653 4695 esse
671 4645 789 4695 uidentur
878 4645 908 4694 17
932 4658 992 4707 qua,
1016 4657 1075 4693 cum
1095 4641 1122 4690 lit
1140 4657 1242 4692 carmen
1261 4643 1316 4690 eius
1334 4640 1519 4698 catalecticum,
1542 4639 1696 4689 terminatur

373 4709 539 4763 Cernererina
626 4717 657 4764 lii
676 4707 804 4780 plerique]
824 4713 859 4774 es.
880 4713 955 4762 eliruli.
978 4712 1074 4764 Yireod.
1093 4728 1121 4776 p.
1141 4715 1201 4761 527.
1216 4714 1269 4761 535
1287 4712 1328 4760 ed.
1350 4710 1432 4774 Gaios.
1516 4711 1549 4760 20
1568 4709 1614 4758 sed
1633 4721 1695 4774 etg

373 4781 488 4846 tragicos
508 4781 532 4831 B
603 4785 634 4834 21
659 4783 692 4830 de
711 4780 844 4831 bneelraeis
864 4781 908 4844 (de
927 4781 1045 4830 bneebeis
1064 4780 1089 4830 B
1108 4781 1140 4830 de
1160 4780 1302 4830 baeelriaeis
1321 4779 1349 4844 ς)
1369 4789 1394 4828 et
1406 4779 1506 4829 creticis
1519 4778 1695 4829 solutionibus

373 4849 398 4898 A
414 4847 467 4906 ae
555 4851 588 4900 ‘to
607 4863 634 4900 ut
653 4851 715 4900 echo
735 4850 783 4900 suh
803 4851 882 4901 aratris
902 4849 1043 4904 earrebats
1067 4859 1094 4898 ut
1112 4849 1168 4914 (aren
1188 4852 1224 4911 A)
1248 4847 1325 4898 echos
1350 4849 1398 4896 sub
1419 4850 1500 4898 austris
1525 4848 1635 4916 (noteris
1658 4851 1694 4912 A)

373 4919 484 4968 canebas
506 4918 564 4970 AB
635 4915 725 4988 hdie]
747 4920 804 4970 uA
877 4922 907 4970 31
928 4919 1086 4970 differentias
1104 4933 1129 4969 et
1147 4920 1220 4970 aliter
1240 4921 1260 4969 A
1271 4916 1473 4968 hidillerentias
1492 4929 1518 4968 et
1535 4918 1653 4974 inlicere
