<?xml version="1.0" encoding="UTF-8"?>
<!DOCTYPE html PUBLIC "-//W3C//DTD XHTML 1.0 Transitional//EN"
    "http://www.w3.org/TR/xhtml1/DTD/xhtml1-transitional.dtd">
<html xmlns="http://www.w3.org/1999/xhtml" xml:lang="en" lang="en">
 <head>
  <title>
</title>
<meta http-equiv="Content-Type" content="text/html;charset=utf-8" />
  <meta name='ocr-system' content='tesseract 3.04.00' />
  <meta name='ocr-capabilities' content='ocr_page ocr_carea ocr_par ocr_line ocrx_word'/>
</head>
<body>
  <div class='ocr_page' id='page_1' title='image "./grammaticilatin05hagagoog_0662.png"; bbox 0 0 3850 5560; ppageno 0'>
   <div class='ocr_carea' id='block_1_1' title="bbox 385 317 1247 397">
    <p class='ocr_par' dir='ltr' id='par_1_1' title="bbox 385 317 1247 397">
     <span class='ocr_line' id='line_1_1' title="bbox 385 317 1247 397; baseline -0.003 -10"><span class='ocrx_word' id='word_1_1' title='bbox 385 317 449 387; x_wconf 78' lang='lat'>632</span> <span class='ocrx_word' id='word_1_2' title='bbox 837 335 1058 386; x_wconf 75' lang='lat' dir='ltr'>cercurum</span> <span class='ocrx_word' id='word_1_3' title='bbox 1080 335 1247 397; x_wconf 79' lang='lat' dir='ltr'>rnnrsrnr</span> 
     </span>
    </p>
   </div>
   <div class='ocr_carea' id='block_1_2' title="bbox 383 508 1748 696">
    <p class='ocr_par' dir='ltr' id='par_1_2' title="bbox 383 508 1748 696">
     <span class='ocr_line' id='line_1_2' title="bbox 383 508 1748 592; baseline 0.002 -21"><span class='ocrx_word' id='word_1_4' title='bbox 383 512 542 591; x_wconf 88' lang='lat' dir='ltr'>virumque</span> <span class='ocrx_word' id='word_1_5' title='bbox 566 512 672 572; x_wconf 87' lang='lat' dir='ltr'>cano&#39;:</span> <span class='ocrx_word' id='word_1_6' title='bbox 703 510 786 571; x_wconf 86' lang='lat' dir='ltr'>vides</span> <span class='ocrx_word' id='word_1_7' title='bbox 809 513 878 592; x_wconf 84' lang='lat' dir='ltr'>quio</span> <span class='ocrx_word' id='word_1_8' title='bbox 904 510 958 572; x_wconf 83' lang='lat' dir='ltr'>itae</span> <span class='ocrx_word' id='word_1_9' title='bbox 983 521 1084 592; x_wconf 87' lang='lat' dir='ltr'>partes</span> <span class='ocrx_word' id='word_1_10' title='bbox 1108 514 1139 574; x_wconf 91' lang='lat' dir='ltr'>in</span> <span class='ocrx_word' id='word_1_11' title='bbox 1163 519 1280 574; x_wconf 89' lang='lat' dir='ltr'>tantum</span> <span class='ocrx_word' id='word_1_12' title='bbox 1305 509 1456 578; x_wconf 82' lang='lat' dir='ltr'>diiiornnt</span> <span class='ocrx_word' id='word_1_13' title='bbox 1486 519 1519 574; x_wconf 93' lang='lat' dir='ltr'>ut</span> <span class='ocrx_word' id='word_1_14' title='bbox 1542 508 1593 574; x_wconf 88' lang='lat' dir='ltr'>alii</span> <span class='ocrx_word' id='word_1_15' title='bbox 1617 511 1707 592; x_wconf 87' lang='lat' dir='ltr'>pedes</span> <span class='ocrx_word' id='word_1_16' title='bbox 1734 523 1748 544; x_wconf 79' lang='lat'>¹</span> 
     </span>
     <span class='ocr_line' id='line_1_3' title="bbox 383 613 1705 696; baseline 0.002 -22"><span class='ocrx_word' id='word_1_17' title='bbox 383 615 470 674; x_wconf 89' lang='lat' dir='ltr'>metri</span> <span class='ocrx_word' id='word_1_18' title='bbox 496 631 562 674; x_wconf 84' lang='lat' dir='ltr'>esse</span> <span class='ocrx_word' id='word_1_19' title='bbox 585 623 759 675; x_wconf 79' lang='lat' dir='ltr'>cernantur.</span> <span class='ocrx_word' id='word_1_20' title='bbox 805 615 874 696; x_wconf 91' lang='lat' dir='ltr'>qoia</span> <span class='ocrx_word' id='word_1_21' title='bbox 898 631 971 692; x_wconf 77' lang='lat' dir='ltr'>ergo</span> <span class='ocrx_word' id='word_1_22' title='bbox 995 614 1158 676; x_wconf 80' lang='lat' dir='ltr'>divisiones</span> <span class='ocrx_word' id='word_1_23' title='bbox 1180 619 1255 676; x_wconf 88' lang='lat' dir='ltr'>istae</span> <span class='ocrx_word' id='word_1_24' title='bbox 1279 613 1462 675; x_wconf 85' lang='lat' dir='ltr'>omnimodis</span> <span class='ocrx_word' id='word_1_25' title='bbox 1484 633 1499 676; x_wconf 96' lang='lat' dir='ltr'>a</span> <span class='ocrx_word' id='word_1_26' title='bbox 1522 633 1555 676; x_wconf 84' lang='lat' dir='ltr'>se</span> <span class='ocrx_word' id='word_1_27' title='bbox 1578 619 1705 678; x_wconf 77' lang='lat' dir='ltr'>inuicem</span> 
     </span>
    </p>
   </div>
   <div class='ocr_carea' id='block_1_3' title="bbox 176 715 1707 787">
    <p class='ocr_par' dir='ltr' id='par_1_3' title="bbox 176 715 1707 787">
     <span class='ocr_line' id='line_1_4' title="bbox 176 715 1707 787; baseline 0 -6"><span class='ocrx_word' id='word_1_28' title='bbox 176 745 178 750; x_wconf 95' lang='lat'>·</span> <span class='ocrx_word' id='word_1_29' title='bbox 265 775 270 781; x_wconf 93' lang='lat'>.</span> <span class='ocrx_word' id='word_1_30' title='bbox 340 715 532 781; x_wconf 76' lang='lat' dir='ltr'>‚dissident</span> <span class='ocrx_word' id='word_1_31' title='bbox 554 726 585 777; x_wconf 90' lang='lat' dir='ltr'>et</span> <span class='ocrx_word' id='word_1_32' title='bbox 607 727 736 779; x_wconf 89' lang='lat' dir='ltr'>metrum</span> <span class='ocrx_word' id='word_1_33' title='bbox 761 735 798 778; x_wconf 81' lang='lat' dir='ltr'>ex</span> <span class='ocrx_word' id='word_1_34' title='bbox 819 719 863 778; x_wconf 77' lang='lat' dir='ltr'>eis</span> <span class='ocrx_word' id='word_1_35' title='bbox 886 735 1008 779; x_wconf 89' lang='lat' dir='ltr'>rursum</span> <span class='ocrx_word' id='word_1_36' title='bbox 1032 735 1091 779; x_wconf 93' lang='lat' dir='ltr'>non</span> <span class='ocrx_word' id='word_1_37' title='bbox 1114 721 1147 782; x_wconf 84' lang='lat' dir='ltr'>fit</span> <span class='ocrx_word' id='word_1_38' title='bbox 1169 715 1335 787; x_wconf 88' lang='lat' dir='ltr'>heroicum,</span> <span class='ocrx_word' id='word_1_39' title='bbox 1359 716 1396 778; x_wconf 89' lang='lat' dir='ltr'>ah</span> <span class='ocrx_word' id='word_1_40' title='bbox 1421 717 1475 778; x_wconf 87' lang='lat' dir='ltr'>hac</span> <span class='ocrx_word' id='word_1_41' title='bbox 1496 737 1707 782; x_wconf 86' lang='lat' dir='ltr'>causarersus</span> 
     </span>
    </p>
   </div>
   <div class='ocr_carea' id='block_1_4' title="bbox 324 812 1820 1419">
    <p class='ocr_par' dir='ltr' id='par_1_4' title="bbox 324 812 1820 1312">
     <span class='ocr_line' id='line_1_5' title="bbox 385 812 1705 902; baseline 0.002 -22"><span class='ocrx_word' id='word_1_42' title='bbox 385 818 496 881; x_wconf 91' lang='lat' dir='ltr'>dicitur</span> <span class='ocrx_word' id='word_1_43' title='bbox 516 812 595 880; x_wconf 77' lang='grc' dir='ltr'><strong><em>κατ’</em></strong></span> <span class='ocrx_word' id='word_1_44' title='bbox 619 813 841 902; x_wconf 76' lang='grc' dir='ltr'><em>ἀντίφρασιν,</em></span> <span class='ocrx_word' id='word_1_45' title='bbox 865 821 946 900; x_wconf 86' lang='lat' dir='ltr'>quod</span> <span class='ocrx_word' id='word_1_46' title='bbox 968 823 1081 883; x_wconf 84' lang='lat' dir='ltr'>reverti</span> <span class='ocrx_word' id='word_1_47' title='bbox 1113 840 1172 884; x_wconf 85' lang='lat' dir='ltr'>rtou</span> <span class='ocrx_word' id='word_1_48' title='bbox 1197 823 1299 900; x_wconf 78' lang='lat' dir='ltr'>possit.</span> <span class='ocrx_word' id='word_1_49' title='bbox 1345 823 1370 882; x_wconf 89' lang='lat' dir='ltr'>si</span> <span class='ocrx_word' id='word_1_50' title='bbox 1402 828 1502 882; x_wconf 86' lang='lat' dir='ltr'>autent</span> <span class='ocrx_word' id='word_1_51' title='bbox 1535 821 1608 882; x_wconf 88' lang='lat' dir='ltr'>taies</span> <span class='ocrx_word' id='word_1_52' title='bbox 1634 823 1705 882; x_wconf 82' lang='lat' dir='ltr'>riiri·</span> 
     </span>
     <span class='ocr_line' id='line_1_6' title="bbox 385 915 1820 1003; baseline -0.001 -18"><span class='ocrx_word' id='word_1_53' title='bbox 385 924 489 985; x_wconf 86' lang='lat' dir='ltr'>siones</span> <span class='ocrx_word' id='word_1_54' title='bbox 512 926 583 993; x_wconf 86' lang='lat' dir='ltr'>sint,</span> <span class='ocrx_word' id='word_1_55' title='bbox 607 920 713 1003; x_wconf 88' lang='lat' dir='ltr'>quaics&#39;</span> <span class='ocrx_word' id='word_1_56' title='bbox 735 925 766 984; x_wconf 95' lang='lat' dir='ltr'>iu</span> <span class='ocrx_word' id='word_1_57' title='bbox 790 921 840 984; x_wconf 91' lang='lat' dir='ltr'>iiio</span> <span class='ocrx_word' id='word_1_58' title='bbox 864 933 960 986; x_wconf 88' lang='lat' dir='ltr'>metro</span> <span class='ocrx_word' id='word_1_59' title='bbox 983 935 1063 992; x_wconf 86' lang='lat' dir='ltr'>eunt,</span> <span class='ocrx_word' id='word_1_60' title='bbox 1199 925 1202 930; x_wconf 80' lang='grc'>’</span> <span class='ocrx_word' id='word_1_61' title='bbox 1237 969 1240 976; x_wconf 69' lang='lat'><em>,</em></span> <span class='ocrx_word' id='word_1_62' title='bbox 1719 947 1733 984; x_wconf 80' lang='lat' dir='ltr'>s</span> <span class='ocrx_word' id='word_1_63' title='bbox 1817 915 1820 920; x_wconf 73' lang='grc'><strong>’</strong></span> 
     </span>
     <span class='ocr_line' id='line_1_7' title="bbox 387 1009 1462 1098; baseline 0 -10"><span class='ocrx_word' id='word_1_64' title='bbox 387 1009 391 1016; x_wconf 45' lang='grc'><em>”</em></span> <span class='ocrx_word' id='word_1_65' title='bbox 538 1043 680 1088; x_wconf 89' lang='lat' dir='ltr'>cornua</span> <span class='ocrx_word' id='word_1_66' title='bbox 705 1023 916 1088; x_wconf 78' lang='lat' dir='ltr'><strong>velatarum</strong></span> <span class='ocrx_word' id='word_1_67' title='bbox 940 1029 1124 1090; x_wconf 80' lang='lat' dir='ltr'>vertimus</span> <span class='ocrx_word' id='word_1_68' title='bbox 1148 1036 1428 1098; x_wconf 86' lang='lat' dir='ltr'>antemnarum,</span> <span class='ocrx_word' id='word_1_69' title='bbox 1459 1039 1462 1045; x_wconf 86' lang='grc'><strong>’</strong></span> 
     </span>
     <span class='ocr_line' id='line_1_8' title="bbox 387 1129 1361 1218; baseline 0.004 -28"><span class='ocrx_word' id='word_1_70' title='bbox 387 1136 417 1190; x_wconf 86' lang='lat' dir='ltr'>et</span> <span class='ocrx_word' id='word_1_71' title='bbox 438 1137 558 1191; x_wconf 86' lang='lat' dir='ltr'>vertere</span> <span class='ocrx_word' id='word_1_72' title='bbox 581 1129 696 1206; x_wconf 88' lang='lat' dir='ltr'>poteris</span> <span class='ocrx_word' id='word_1_73' title='bbox 718 1129 838 1200; x_wconf 85' lang='lat' dir='ltr'>iterum.</span> <span class='ocrx_word' id='word_1_74' title='bbox 864 1139 903 1218; x_wconf 86' lang='lat' dir='ltr'>ut¹</span> <span class='ocrx_word' id='word_1_75' title='bbox 919 1141 966 1194; x_wconf 86' lang='lat' dir='ltr'>est</span> <span class='ocrx_word' id='word_1_76' title='bbox 1357 1211 1361 1218; x_wconf 30' lang='grc' dir='ltr'>Ι</span> 
     </span>
     <span class='ocr_line' id='line_1_9' title="bbox 324 1230 1255 1312; baseline 0.006 -21"><span class='ocrx_word' id='word_1_77' title='bbox 324 1307 329 1312; x_wconf 26' lang='lat'>¹</span> <span class='ocrx_word' id='word_1_78' title='bbox 542 1230 685 1294; x_wconf 74' lang='lat' dir='ltr'>vertimus</span> <span class='ocrx_word' id='word_1_79' title='bbox 709 1241 918 1296; x_wconf 78' lang='lat' dir='ltr'><strong>antemnarum</strong></span> <span class='ocrx_word' id='word_1_80' title='bbox 943 1252 1056 1298; x_wconf 89' lang='lat' dir='ltr'>cornua</span> <span class='ocrx_word' id='word_1_81' title='bbox 1081 1232 1255 1304; x_wconf 78' lang='lat' dir='ltr'>relatarum,</span> 
     </span>
    </p>

    <p class='ocr_par' dir='ltr' id='par_1_5' title="bbox 386 1333 1706 1419">
     <span class='ocr_line' id='line_1_10' title="bbox 386 1333 1706 1419; baseline 0.001 -22"><span class='ocrx_word' id='word_1_82' title='bbox 386 1337 455 1418; x_wconf 87' lang='lat' dir='ltr'>quia</span> <span class='ocrx_word' id='word_1_83' title='bbox 479 1333 538 1397; x_wconf 91' lang='lat' dir='ltr'>sibi</span> <span class='ocrx_word' id='word_1_84' title='bbox 562 1343 758 1417; x_wconf 83' lang='lat' dir='ltr'>praepostero</span> <span class='ocrx_word' id='word_1_85' title='bbox 781 1336 888 1400; x_wconf 88' lang='lat' dir='ltr'>ordine</span> <span class='ocrx_word' id='word_1_86' title='bbox 905 1336 1040 1419; x_wconf 85' lang='lat' dir='ltr'>copulari</span> <span class='ocrx_word' id='word_1_87' title='bbox 1063 1347 1199 1417; x_wconf 82' lang='lat' dir='ltr'>possunt,</span> <span class='ocrx_word' id='word_1_88' title='bbox 1223 1336 1317 1398; x_wconf 85' lang='lat' dir='ltr'>nilriio</span> <span class='ocrx_word' id='word_1_89' title='bbox 1334 1337 1433 1400; x_wconf 93' lang='lat' dir='ltr'>minus</span> <span class='ocrx_word' id='word_1_90' title='bbox 1450 1347 1581 1400; x_wconf 89' lang='lat' dir='ltr'>metrum</span> <span class='ocrx_word' id='word_1_91' title='bbox 1598 1339 1706 1400; x_wconf 88' lang='lat' dir='ltr'>iaciunt</span> 
     </span>
    </p>
   </div>
   <div class='ocr_carea' id='block_1_5' title="bbox 286 1438 1857 1523">
    <p class='ocr_par' dir='ltr' id='par_1_6' title="bbox 286 1438 1857 1523">
     <span class='ocr_line' id='line_1_11' title="bbox 286 1438 1857 1523; baseline 0 -23"><span class='ocrx_word' id='word_1_92' title='bbox 286 1463 289 1476; x_wconf 91' lang='lat'>·</span> <span class='ocrx_word' id='word_1_93' title='bbox 384 1438 554 1502; x_wconf 88' lang='lat' dir='ltr'>heroicum.</span> <span class='ocrx_word' id='word_1_94' title='bbox 609 1439 682 1500; x_wconf 89' lang='lat' dir='ltr'>taies</span> <span class='ocrx_word' id='word_1_95' title='bbox 717 1441 953 1521; x_wconf 74' lang='lat' dir='ltr'>compositiones</span> <span class='ocrx_word' id='word_1_96' title='bbox 988 1458 1092 1501; x_wconf 86' lang='lat' dir='ltr'>versus</span> <span class='ocrx_word' id='word_1_97' title='bbox 1122 1444 1246 1503; x_wconf 88' lang='lat' dir='ltr'>omnino</span> <span class='ocrx_word' id='word_1_98' title='bbox 1280 1439 1425 1522; x_wconf 82' lang='lat' dir='ltr'>appellari</span> <span class='ocrx_word' id='word_1_99' title='bbox 1463 1459 1523 1502; x_wconf 94' lang='lat' dir='ltr'>non</span> <span class='ocrx_word' id='word_1_100' title='bbox 1555 1438 1704 1523; x_wconf 93' lang='lat' dir='ltr'>[proprie]</span> <span class='ocrx_word' id='word_1_101' title='bbox 1720 1463 1746 1501; x_wconf 85' lang='lat' dir='ltr'>ro</span> <span class='ocrx_word' id='word_1_102' title='bbox 1851 1449 1857 1458; x_wconf 86' lang='lat'>&#39;</span> 
     </span>
    </p>
   </div>
   <div class='ocr_carea' id='block_1_6' title="bbox 387 1541 1704 1728">
    <p class='ocr_par' dir='ltr' id='par_1_7' title="bbox 387 1541 1704 1728">
     <span class='ocr_line' id='line_1_12' title="bbox 387 1541 1704 1625; baseline 0.002 -22"><span class='ocrx_word' id='word_1_103' title='bbox 387 1553 524 1624; x_wconf 87' lang='lat' dir='ltr'>possunt,</span> <span class='ocrx_word' id='word_1_104' title='bbox 548 1541 606 1604; x_wconf 88' lang='lat' dir='ltr'>nisi</span> <span class='ocrx_word' id='word_1_105' title='bbox 629 1541 761 1612; x_wconf 84' lang='lat' dir='ltr'>abusive,</span> <span class='ocrx_word' id='word_1_106' title='bbox 785 1542 838 1604; x_wconf 89' lang='lat' dir='ltr'>sed</span> <span class='ocrx_word' id='word_1_107' title='bbox 862 1553 976 1605; x_wconf 90' lang='lat' dir='ltr'>tantum</span> <span class='ocrx_word' id='word_1_108' title='bbox 1002 1553 1098 1607; x_wconf 86' lang='lat' dir='ltr'>metra</span> <span class='ocrx_word' id='word_1_109' title='bbox 1122 1552 1277 1606; x_wconf 85' lang='lat' dir='ltr'>vocantur.</span> <span class='ocrx_word' id='word_1_110' title='bbox 1316 1541 1392 1605; x_wconf 90' lang='lat' dir='ltr'>haec</span> <span class='ocrx_word' id='word_1_111' title='bbox 1416 1544 1506 1606; x_wconf 87' lang='lat' dir='ltr'>etiam</span> <span class='ocrx_word' id='word_1_112' title='bbox 1529 1545 1559 1604; x_wconf 90' lang='lat' dir='ltr'>in</span> <span class='ocrx_word' id='word_1_113' title='bbox 1585 1543 1704 1625; x_wconf 86' lang='lat' dir='ltr'>reliquis</span> 
     </span>
     <span class='ocr_line' id='line_1_13' title="bbox 388 1643 1158 1728; baseline 0.003 -20"><span class='ocrx_word' id='word_1_114' title='bbox 388 1654 554 1708; x_wconf 78' lang='lat' dir='ltr'>metrorum</span> <span class='ocrx_word' id='word_1_115' title='bbox 578 1645 744 1726; x_wconf 79' lang='lat' dir='ltr'>generibus</span> <span class='ocrx_word' id='word_1_116' title='bbox 768 1645 833 1707; x_wconf 87' lang='lat' dir='ltr'>fieri</span> <span class='ocrx_word' id='word_1_117' title='bbox 856 1643 997 1709; x_wconf 89' lang='lat' dir='ltr'>simiiiter</span> <span class='ocrx_word' id='word_1_118' title='bbox 1020 1647 1158 1728; x_wconf 83' lang='lat' dir='ltr'>dicimus.</span> 
     </span>
    </p>
   </div>
   <div class='ocr_carea' id='block_1_7' title="bbox 386 1877 1706 2044">
    <p class='ocr_par' dir='ltr' id='par_1_8' title="bbox 386 1877 1706 2044">
     <span class='ocr_line' id='line_1_14' title="bbox 453 1877 1639 1956; baseline -0.001 -17"><span class='ocrx_word' id='word_1_119' title='bbox 453 1887 619 1940; x_wconf 76' lang='lat' dir='ltr'>ddissiduut</span> <span class='ocrx_word' id='word_1_120' title='bbox 642 1885 668 1936; x_wconf 86' lang='lat' dir='ltr'><em>P</em></span> <span class='ocrx_word' id='word_1_121' title='bbox 794 1887 911 1940; x_wconf 89' lang='lat' dir='ltr'>heroicus</span> <span class='ocrx_word' id='word_1_122' title='bbox 935 1889 961 1940; x_wconf 88' lang='lat' dir='ltr'><strong><em>P</em></strong></span> <span class='ocrx_word' id='word_1_123' title='bbox 1080 1890 1097 1940; x_wconf 82' lang='lat' dir='ltr'>t</span> <span class='ocrx_word' id='word_1_124' title='bbox 1120 1878 1188 1940; x_wconf 73' lang='grc' dir='ltr'>κατ’</span> <span class='ocrx_word' id='word_1_125' title='bbox 1211 1877 1403 1956; x_wconf 65' lang='lat' dir='ltr'>decimonono]</span> <span class='ocrx_word' id='word_1_126' title='bbox 1429 1886 1593 1955; x_wconf 74' lang='lat' dir='ltr'>antiphrasin</span> <span class='ocrx_word' id='word_1_127' title='bbox 1617 1889 1639 1938; x_wconf 80' lang='grc' dir='ltr'><em>Ρ</em></span> 
     </span>
     <span class='ocr_line' id='line_1_15' title="bbox 386 1969 1706 2044; baseline -0.002 -19"><span class='ocrx_word' id='word_1_128' title='bbox 386 1969 532 2044; x_wconf 73' lang='lat' dir='ltr'>dcoruus]</span> <span class='ocrx_word' id='word_1_129' title='bbox 555 1972 634 2038; x_wconf 83' lang='lat' dir='ltr'>Verp.</span> <span class='ocrx_word' id='word_1_130' title='bbox 654 1971 722 2025; x_wconf 81' lang='lat' dir='ltr'>Aen.</span> <span class='ocrx_word' id='word_1_131' title='bbox 742 1972 795 2024; x_wconf 86' lang='lat'>111</span> <span class='ocrx_word' id='word_1_132' title='bbox 812 1977 880 2024; x_wconf 72' lang='lat'>519:</span> <span class='ocrx_word' id='word_1_133' title='bbox 898 1974 934 2038; x_wconf 79' lang='lat' dir='ltr'>of.</span> <span class='ocrx_word' id='word_1_134' title='bbox 954 1975 1090 2040; x_wconf 79' lang='lat' dir='ltr'>Anpnstin.</span> <span class='ocrx_word' id='word_1_135' title='bbox 1109 1975 1141 2026; x_wconf 79' lang='lat' dir='ltr'>rie</span> <span class='ocrx_word' id='word_1_136' title='bbox 1160 1990 1221 2024; x_wconf 77' lang='lat' dir='ltr'>inne.</span> <span class='ocrx_word' id='word_1_137' title='bbox 1245 1975 1269 2025; x_wconf 90' lang='lat' dir='ltr'><em>V</em></span> <span class='ocrx_word' id='word_1_138' title='bbox 1288 1976 1306 2025; x_wconf 80' lang='lat'><strong><em>3</em></strong></span> <span class='ocrx_word' id='word_1_139' title='bbox 1376 1976 1392 2026; x_wconf 82' lang='grc'>9</span> <span class='ocrx_word' id='word_1_140' title='bbox 1411 1971 1543 2042; x_wconf 79' lang='lat' dir='ltr'>copuleris</span> <span class='ocrx_word' id='word_1_141' title='bbox 1562 1973 1706 2042; x_wconf 73' lang='lat' dir='ltr'>possunt?</span> 
     </span>
    </p>
   </div>
   <div class='ocr_carea' id='block_1_8' title="bbox 1016 2333 1069 2408">
    <p class='ocr_par' dir='ltr' id='par_1_9' title="bbox 1016 2333 1069 2408">
     <span class='ocr_line' id='line_1_16' title="bbox 1016 2333 1069 2408; baseline 0 0"><span class='ocrx_word' id='word_1_142' title='bbox 1016 2333 1069 2408; x_wconf 90' lang='lat' dir='ltr'>IV</span> 
     </span>
    </p>
   </div>
   <div class='ocr_carea' id='block_1_9' title="bbox 469 2485 1701 2587">
    <p class='ocr_par' dir='ltr' id='par_1_10' title="bbox 469 2485 1701 2587">
     <span class='ocr_line' id='line_1_17' title="bbox 469 2485 1701 2587; baseline -0.002 -17"><span class='ocrx_word' id='word_1_143' title='bbox 469 2507 502 2570; x_wconf 92' lang='lat' dir='ltr'>ln</span> <span class='ocrx_word' id='word_1_144' title='bbox 526 2507 632 2570; x_wconf 89' lang='lat' dir='ltr'>codice</span> <span class='ocrx_word' id='word_1_145' title='bbox 656 2485 900 2568; x_wconf 46' lang='lat' dir='ltr'>Be&#39;roiinensi</span> <span class='ocrx_word' id='word_1_146' title='bbox 923 2502 976 2578; x_wconf 86' lang='lat'>66,</span> <span class='ocrx_word' id='word_1_147' title='bbox 1001 2505 1070 2568; x_wconf 86' lang='lat' dir='ltr'>oiitn</span> <span class='ocrx_word' id='word_1_148' title='bbox 1096 2506 1292 2578; x_wconf 81' lang='lat' dir='ltr'>Santoniano,</span> <span class='ocrx_word' id='word_1_149' title='bbox 1318 2518 1423 2571; x_wconf 89' lang='lat' dir='ltr'>octavo</span> <span class='ocrx_word' id='word_1_150' title='bbox 1447 2508 1568 2572; x_wconf 86' lang='lat' dir='ltr'>saeculo</span> <span class='ocrx_word' id='word_1_151' title='bbox 1594 2509 1701 2587; x_wconf 88' lang='lat' dir='ltr'>scripto</span> 
     </span>
    </p>
   </div>
   <div class='ocr_carea' id='block_1_10' title="bbox 232 2592 1788 2811">
    <p class='ocr_par' dir='ltr' id='par_1_11' title="bbox 232 2592 1788 2811">
     <span class='ocr_line' id='line_1_18' title="bbox 232 2592 1701 2691; baseline -0.001 -18"><span class='ocrx_word' id='word_1_152' title='bbox 232 2592 242 2606; x_wconf 44' lang='lat'>⁸</span> <span class='ocrx_word' id='word_1_153' title='bbox 346 2601 348 2604; x_wconf 59' lang='grc'><strong>’</strong></span> <span class='ocrx_word' id='word_1_154' title='bbox 385 2614 459 2673; x_wconf 83' lang='lat' dir='ltr'>rarii</span> <span class='ocrx_word' id='word_1_155' title='bbox 481 2612 695 2673; x_wconf 89' lang='lat' dir='ltr'>commentarii</span> <span class='ocrx_word' id='word_1_156' title='bbox 719 2611 835 2672; x_wconf 88' lang='lat' dir='ltr'>metrici</span> <span class='ocrx_word' id='word_1_157' title='bbox 858 2608 1009 2690; x_wconf 77' lang='lat' dir='ltr'>leguntur,</span> <span class='ocrx_word' id='word_1_158' title='bbox 1034 2629 1111 2691; x_wconf 83' lang='lat' dir='ltr'>quos</span> <span class='ocrx_word' id='word_1_159' title='bbox 1134 2609 1267 2674; x_wconf 78' lang='lat' dir='ltr'>breviter</span> <span class='ocrx_word' id='word_1_160' title='bbox 1297 2611 1424 2673; x_wconf 87' lang='lat' dir='ltr'>indicavi</span> <span class='ocrx_word' id='word_1_161' title='bbox 1449 2629 1576 2690; x_wconf 79' lang='lat' dir='ltr'>gramm.</span> <span class='ocrx_word' id='word_1_162' title='bbox 1606 2609 1653 2670; x_wconf 90' lang='lat' dir='ltr'>iat.</span> <span class='ocrx_word' id='word_1_163' title='bbox 1678 2629 1701 2672; x_wconf 80' lang='lat' dir='ltr'>r.</span> 
     </span>
     <span class='ocr_line' id='line_1_19' title="bbox 273 2711 1788 2811; baseline -0.003 -35"><span class='ocrx_word' id='word_1_164' title='bbox 273 2791 299 2811; x_wconf 25' lang='grc' dir='ltr'><strong><em>μ</em></strong></span> <span class='ocrx_word' id='word_1_165' title='bbox 334 2715 339 2721; x_wconf 82' lang='grc'><strong>’</strong></span> <span class='ocrx_word' id='word_1_166' title='bbox 388 2711 424 2776; x_wconf 87' lang='lat' dir='ltr'>iV</span> <span class='ocrx_word' id='word_1_167' title='bbox 447 2713 543 2793; x_wconf 86' lang='lat' dir='ltr'>praei.</span> <span class='ocrx_word' id='word_1_168' title='bbox 566 2733 596 2795; x_wconf 91' lang='lat' dir='ltr'>p.</span> <span class='ocrx_word' id='word_1_169' title='bbox 613 2711 744 2775; x_wconf 80' lang='lat' dir='ltr'>xxxiii.</span> <span class='ocrx_word' id='word_1_170' title='bbox 785 2731 819 2775; x_wconf 84' lang='lat' dir='ltr'>ex</span> <span class='ocrx_word' id='word_1_171' title='bbox 845 2711 890 2772; x_wconf 88' lang='lat' dir='ltr'>iris</span> <span class='ocrx_word' id='word_1_172' title='bbox 907 2713 990 2776; x_wconf 85' lang='lat' dir='ltr'>eriidi</span> <span class='ocrx_word' id='word_1_173' title='bbox 1013 2712 1088 2776; x_wconf 91' lang='lat' dir='ltr'>duos</span> <span class='ocrx_word' id='word_1_174' title='bbox 1105 2713 1141 2776; x_wconf 88' lang='lat' dir='ltr'>de</span> <span class='ocrx_word' id='word_1_175' title='bbox 1159 2714 1335 2776; x_wconf 76' lang='lat' dir='ltr'>irenametro</span> <span class='ocrx_word' id='word_1_176' title='bbox 1359 2712 1505 2797; x_wconf 76' lang='lat' dir='ltr'>dactylico</span> <span class='ocrx_word' id='word_1_177' title='bbox 1525 2721 1555 2775; x_wconf 90' lang='lat' dir='ltr'>ot</span> <span class='ocrx_word' id='word_1_178' title='bbox 1569 2714 1700 2774; x_wconf 87' lang='lat' dir='ltr'>trimetro</span> <span class='ocrx_word' id='word_1_179' title='bbox 1786 2733 1788 2736; x_wconf 92' lang='lat'>·</span> 
     </span>
    </p>
   </div>
   <div class='ocr_carea' id='block_1_11' title="bbox 341 2813 1700 4548">
    <p class='ocr_par' dir='ltr' id='par_1_12' title="bbox 381 2813 1700 3516">
     <span class='ocr_line' id='line_1_20' title="bbox 383 2813 1700 2898; baseline -0.004 -19"><span class='ocrx_word' id='word_1_180' title='bbox 383 2815 514 2880; x_wconf 87' lang='lat' dir='ltr'>iambico</span> <span class='ocrx_word' id='word_1_181' title='bbox 537 2815 620 2879; x_wconf 88' lang='lat' dir='ltr'>etde</span> <span class='ocrx_word' id='word_1_182' title='bbox 636 2814 797 2898; x_wconf 79' lang='lat' dir='ltr'>speciebus</span> <span class='ocrx_word' id='word_1_183' title='bbox 813 2813 992 2888; x_wconf 78' lang='lat' dir='ltr'>hexametri,</span> <span class='ocrx_word' id='word_1_184' title='bbox 1016 2819 1067 2898; x_wconf 66' lang='grc' dir='ltr'>(μή</span> <span class='ocrx_word' id='word_1_185' title='bbox 1084 2826 1153 2898; x_wconf 84' lang='lat' dir='ltr'>post</span> <span class='ocrx_word' id='word_1_186' title='bbox 1170 2825 1309 2898; x_wconf 83' lang='lat' dir='ltr'>excerpta</span> <span class='ocrx_word' id='word_1_187' title='bbox 1327 2815 1416 2878; x_wconf 84' lang='lat' dir='ltr'>ntaiin</span> <span class='ocrx_word' id='word_1_188' title='bbox 1433 2815 1584 2879; x_wconf 85' lang='lat' dir='ltr'>Titeodori</span> <span class='ocrx_word' id='word_1_189' title='bbox 1599 2816 1700 2896; x_wconf 89' lang='lat' dir='ltr'>scripti</span> 
     </span>
     <span class='ocr_line' id='line_1_21' title="bbox 384 2915 1699 3000; baseline -0.004 -17"><span class='ocrx_word' id='word_1_190' title='bbox 384 2930 454 2999; x_wconf 89' lang='lat' dir='ltr'>spot</span> <span class='ocrx_word' id='word_1_191' title='bbox 476 2915 706 3000; x_wconf 53' lang='lat' dir='ltr'>pilio-239,</span> <span class='ocrx_word' id='word_1_192' title='bbox 730 2920 775 2980; x_wconf 76' lang='lat' dir='ltr'>Dr:</span> <span class='ocrx_word' id='word_1_193' title='bbox 797 2921 893 2981; x_wconf 80' lang='lat' dir='ltr'>icroo</span> <span class='ocrx_word' id='word_1_194' title='bbox 915 2927 945 2980; x_wconf 85' lang='lat' dir='ltr'>et</span> <span class='ocrx_word' id='word_1_195' title='bbox 967 2923 1127 2982; x_wconf 86' lang='lat' dir='ltr'>triomeiro</span> <span class='ocrx_word' id='word_1_196' title='bbox 1151 2953 1189 2966; x_wconf 89' lang='lat'>-—</span> <span class='ocrx_word' id='word_1_197' title='bbox 1213 2921 1366 2999; x_wconf 80' lang='lat' dir='ltr'>suiphnrn</span> <span class='ocrx_word' id='word_1_198' title='bbox 1389 2923 1527 2998; x_wconf 78' lang='lat' dir='ltr'>explicit.</span> <span class='ocrx_word' id='word_1_199' title='bbox 1574 2918 1628 2980; x_wconf 87' lang='lat' dir='ltr'>alia</span> <span class='ocrx_word' id='word_1_200' title='bbox 1651 2937 1699 2979; x_wconf 83' lang='lat' dir='ltr'>er·</span> 
     </span>
     <span class='ocr_line' id='line_1_22' title="bbox 381 3022 1699 3104; baseline -0.002 -20"><span class='ocrx_word' id='word_1_201' title='bbox 381 3034 505 3103; x_wconf 89' lang='lat' dir='ltr'>cerpta.</span> <span class='ocrx_word' id='word_1_202' title='bbox 535 3041 612 3102; x_wconf 89' lang='lat' dir='ltr'>quae</span> <span class='ocrx_word' id='word_1_203' title='bbox 637 3023 684 3084; x_wconf 86' lang='lat' dir='ltr'>iris</span> <span class='ocrx_word' id='word_1_204' title='bbox 710 3022 869 3104; x_wconf 79' lang='lat' dir='ltr'>exaliqua</span> <span class='ocrx_word' id='word_1_205' title='bbox 900 3031 984 3103; x_wconf 88' lang='lat' dir='ltr'>parte</span> <span class='ocrx_word' id='word_1_206' title='bbox 1015 3024 1121 3086; x_wconf 87' lang='lat' dir='ltr'>similia</span> <span class='ocrx_word' id='word_1_207' title='bbox 1151 3033 1236 3094; x_wconf 88' lang='lat' dir='ltr'>sunt,</span> <span class='ocrx_word' id='word_1_208' title='bbox 1266 3023 1407 3103; x_wconf 87' lang='lat' dir='ltr'>praebuit</span> <span class='ocrx_word' id='word_1_209' title='bbox 1430 3023 1525 3084; x_wconf 81' lang='lat' dir='ltr'>codex</span> <span class='ocrx_word' id='word_1_210' title='bbox 1549 3022 1699 3101; x_wconf 79' lang='lat' dir='ltr'>Sangal-</span> 
     </span>
     <span class='ocr_line' id='line_1_23' title="bbox 382 3121 1699 3207; baseline 0 -21"><span class='ocrx_word' id='word_1_211' title='bbox 382 3125 499 3188; x_wconf 87' lang='lat' dir='ltr'>iensis</span> <span class='ocrx_word' id='word_1_212' title='bbox 522 3121 586 3188; x_wconf 76' lang='grc'>876</span> <span class='ocrx_word' id='word_1_213' title='bbox 609 3143 688 3188; x_wconf 91' lang='lat' dir='ltr'>nono</span> <span class='ocrx_word' id='word_1_214' title='bbox 710 3124 830 3188; x_wconf 88' lang='lat' dir='ltr'>saecuio</span> <span class='ocrx_word' id='word_1_215' title='bbox 853 3127 984 3206; x_wconf 89' lang='lat' dir='ltr'>scriptus</span> <span class='ocrx_word' id='word_1_216' title='bbox 1007 3133 1075 3206; x_wconf 89' lang='lat' dir='ltr'>post</span> <span class='ocrx_word' id='word_1_217' title='bbox 1098 3125 1195 3188; x_wconf 77' lang='lat' dir='ltr'>Servii</span> <span class='ocrx_word' id='word_1_218' title='bbox 1219 3123 1332 3188; x_wconf 87' lang='lat' dir='ltr'>librum</span> <span class='ocrx_word' id='word_1_219' title='bbox 1356 3125 1393 3186; x_wconf 91' lang='lat' dir='ltr'>de</span> <span class='ocrx_word' id='word_1_220' title='bbox 1418 3124 1556 3187; x_wconf 86' lang='lat' dir='ltr'>iinaiibus</span> <span class='ocrx_word' id='word_1_221' title='bbox 1578 3125 1699 3207; x_wconf 78' lang='lat' dir='ltr'>syllabis</span> 
     </span>
     <span class='ocr_line' id='line_1_24' title="bbox 382 3225 1699 3310; baseline -0.002 -18"><span class='ocrx_word' id='word_1_222' title='bbox 382 3249 410 3310; x_wconf 93' lang='lat' dir='ltr'>p.</span> <span class='ocrx_word' id='word_1_223' title='bbox 438 3226 498 3292; x_wconf 77' lang='lat'>137</span> <span class='ocrx_word' id='word_1_224' title='bbox 505 3225 624 3297; x_wconf 80' lang='lat'>-144,</span> <span class='ocrx_word' id='word_1_225' title='bbox 657 3229 701 3290; x_wconf 85' lang='lat' dir='ltr'>De</span> <span class='ocrx_word' id='word_1_226' title='bbox 729 3233 889 3290; x_wconf 83' lang='lat' dir='ltr'>scansione</span> <span class='ocrx_word' id='word_1_227' title='bbox 916 3229 1042 3306; x_wconf 78' lang='lat' dir='ltr'>iteroyci</span> <span class='ocrx_word' id='word_1_228' title='bbox 1068 3246 1175 3291; x_wconf 82' lang='lat' dir='ltr'>nerstn</span> <span class='ocrx_word' id='word_1_229' title='bbox 1197 3263 1239 3275; x_wconf 91' lang='lat'><em>-</em></span> <span class='ocrx_word' id='word_1_230' title='bbox 1268 3227 1323 3307; x_wconf 79' lang='lat' dir='ltr'>qni</span> <span class='ocrx_word' id='word_1_231' title='bbox 1346 3231 1460 3308; x_wconf 73' lang='lat' dir='ltr'>procori</span> <span class='ocrx_word' id='word_1_232' title='bbox 1482 3232 1600 3304; x_wconf 77' lang='lat' dir='ltr'>nepotio</span> <span class='ocrx_word' id='word_1_233' title='bbox 1625 3233 1699 3303; x_wconf 72' lang='lat' dir='ltr'>fierit.</span> 
     </span>
     <span class='ocr_line' id='line_1_25' title="bbox 382 3329 1699 3412; baseline -0.002 -18"><span class='ocrx_word' id='word_1_234' title='bbox 382 3331 457 3394; x_wconf 89' lang='lat' dir='ltr'>haec</span> <span class='ocrx_word' id='word_1_235' title='bbox 487 3351 535 3394; x_wconf 90' lang='lat' dir='ltr'>me</span> <span class='ocrx_word' id='word_1_236' title='bbox 565 3339 690 3408; x_wconf 82' lang='lat' dir='ltr'>rogante</span> <span class='ocrx_word' id='word_1_237' title='bbox 714 3329 871 3393; x_wconf 84' lang='lat' dir='ltr'>Eduardus</span> <span class='ocrx_word' id='word_1_238' title='bbox 895 3329 1081 3392; x_wconf 88' lang='lat' dir='ltr'>Woeiiiiinus</span> <span class='ocrx_word' id='word_1_239' title='bbox 1105 3331 1275 3412; x_wconf 87' lang='lat' dir='ltr'>descripsit.</span> <span class='ocrx_word' id='word_1_240' title='bbox 1319 3331 1546 3394; x_wconf 85' lang='lat' dir='ltr'>Beroiiuensem</span> <span class='ocrx_word' id='word_1_241' title='bbox 1570 3331 1699 3404; x_wconf 83' lang='lat' dir='ltr'>codicem</span> 
     </span>
     <span class='ocr_line' id='line_1_26' title="bbox 383 3435 703 3516; baseline 0 -22"><span class='ocrx_word' id='word_1_242' title='bbox 383 3435 447 3514; x_wconf 89' lang='lat' dir='ltr'>ipse</span> <span class='ocrx_word' id='word_1_243' title='bbox 471 3435 703 3516; x_wconf 88' lang='lat' dir='ltr'>descripseram.</span> 
     </span>
    </p>

    <p class='ocr_par' dir='ltr' id='par_1_13' title="bbox 341 3537 1699 4445">
     <span class='ocr_line' id='line_1_27' title="bbox 469 3537 1699 3624; baseline -0.002 -23"><span class='ocrx_word' id='word_1_244' title='bbox 469 3537 601 3601; x_wconf 88' lang='lat' dir='ltr'>Plurima</span> <span class='ocrx_word' id='word_1_245' title='bbox 619 3548 730 3608; x_wconf 85' lang='lat' dir='ltr'>autem,</span> <span class='ocrx_word' id='word_1_246' title='bbox 754 3555 832 3620; x_wconf 88' lang='lat' dir='ltr'>quae</span> <span class='ocrx_word' id='word_1_247' title='bbox 856 3557 892 3600; x_wconf 81' lang='lat' dir='ltr'>ex</span> <span class='ocrx_word' id='word_1_248' title='bbox 911 3547 1045 3600; x_wconf 81' lang='lat' dir='ltr'>veterum</span> <span class='ocrx_word' id='word_1_249' title='bbox 1069 3541 1333 3624; x_wconf 80' lang='lat' dir='ltr'>pratnrnaticorum</span> <span class='ocrx_word' id='word_1_250' title='bbox 1350 3539 1486 3610; x_wconf 87' lang='lat' dir='ltr'>doctriua</span> <span class='ocrx_word' id='word_1_251' title='bbox 1503 3539 1539 3600; x_wconf 88' lang='lat' dir='ltr'>ad</span> <span class='ocrx_word' id='word_1_252' title='bbox 1563 3547 1699 3619; x_wconf 87' lang='lat' dir='ltr'>excerpta</span> 
     </span>
     <span class='ocr_line' id='line_1_28' title="bbox 386 3638 1698 3723; baseline -0.002 -19"><span class='ocrx_word' id='word_1_253' title='bbox 386 3643 541 3723; x_wconf 89' lang='lat' dir='ltr'>utriusque</span> <span class='ocrx_word' id='word_1_254' title='bbox 566 3641 680 3704; x_wconf 90' lang='lat' dir='ltr'>codicis</span> <span class='ocrx_word' id='word_1_255' title='bbox 703 3649 868 3722; x_wconf 80' lang='lat' dir='ltr'>propagata</span> <span class='ocrx_word' id='word_1_256' title='bbox 895 3652 981 3712; x_wconf 88' lang='lat' dir='ltr'>sunt,</span> <span class='ocrx_word' id='word_1_257' title='bbox 1012 3661 1047 3705; x_wconf 81' lang='lat' dir='ltr'>er</span> <span class='ocrx_word' id='word_1_258' title='bbox 1071 3641 1157 3705; x_wconf 89' lang='lat' dir='ltr'>libris</span> <span class='ocrx_word' id='word_1_259' title='bbox 1181 3641 1266 3704; x_wconf 88' lang='lat' dir='ltr'>hiarii</span> <span class='ocrx_word' id='word_1_260' title='bbox 1290 3638 1447 3710; x_wconf 88' lang='lat' dir='ltr'>Victorini.</span> <span class='ocrx_word' id='word_1_261' title='bbox 1472 3642 1582 3720; x_wconf 85' lang='lat' dir='ltr'>quihus</span> <span class='ocrx_word' id='word_1_262' title='bbox 1605 3659 1698 3721; x_wconf 80' lang='lat' dir='ltr'>gram·</span> 
     </span>
     <span class='ocr_line' id='line_1_29' title="bbox 381 3743 1699 3826; baseline -0.001 -20"><span class='ocrx_word' id='word_1_263' title='bbox 381 3747 483 3807; x_wconf 88' lang='lat' dir='ltr'>matici</span> <span class='ocrx_word' id='word_1_264' title='bbox 512 3745 665 3807; x_wconf 77' lang='lat' dir='ltr'>inferioris</span> <span class='ocrx_word' id='word_1_265' title='bbox 694 3747 799 3806; x_wconf 85' lang='lat' dir='ltr'>aetatis</span> <span class='ocrx_word' id='word_1_266' title='bbox 834 3743 920 3824; x_wconf 85' lang='lat' dir='ltr'>vulgo</span> <span class='ocrx_word' id='word_1_267' title='bbox 950 3747 993 3806; x_wconf 89' lang='lat' dir='ltr'>uti</span> <span class='ocrx_word' id='word_1_268' title='bbox 1024 3763 1084 3807; x_wconf 91' lang='lat' dir='ltr'>nou</span> <span class='ocrx_word' id='word_1_269' title='bbox 1113 3755 1351 3814; x_wconf 81' lang='lat' dir='ltr'>consueverunt,</span> <span class='ocrx_word' id='word_1_270' title='bbox 1386 3755 1509 3826; x_wconf 83' lang='lat' dir='ltr'>recepta</span> <span class='ocrx_word' id='word_1_271' title='bbox 1537 3753 1615 3807; x_wconf 90' lang='lat' dir='ltr'>sunt.</span> <span class='ocrx_word' id='word_1_272' title='bbox 1665 3743 1699 3806; x_wconf 89' lang='lat' dir='ltr'>de</span> 
     </span>
     <span class='ocr_line' id='line_1_30' title="bbox 381 3841 1698 3930; baseline -0.002 -20"><span class='ocrx_word' id='word_1_273' title='bbox 381 3845 542 3930; x_wconf 89' lang='lat' dir='ltr'>speciebus</span> <span class='ocrx_word' id='word_1_274' title='bbox 566 3847 733 3909; x_wconf 81' lang='lat' dir='ltr'>hexametri</span> <span class='ocrx_word' id='word_1_275' title='bbox 762 3847 877 3909; x_wconf 89' lang='lat' dir='ltr'>heroici</span> <span class='ocrx_word' id='word_1_276' title='bbox 900 3848 1087 3930; x_wconf 81' lang='lat' dir='ltr'>exemplum,</span> <span class='ocrx_word' id='word_1_277' title='bbox 1118 3849 1196 3930; x_wconf 84' lang='lat' dir='ltr'>quod</span> <span class='ocrx_word' id='word_1_278' title='bbox 1226 3849 1305 3930; x_wconf 93' lang='lat' dir='ltr'>apud</span> <span class='ocrx_word' id='word_1_279' title='bbox 1330 3849 1517 3910; x_wconf 84' lang='lat' dir='ltr'>Victorinum</span> <span class='ocrx_word' id='word_1_280' title='bbox 1540 3841 1585 3908; x_wconf 83' lang='lat' dir='ltr'>&#39;de</span> <span class='ocrx_word' id='word_1_281' title='bbox 1608 3857 1698 3908; x_wconf 72' lang='lat' dir='ltr'>tumr.</span> 
     </span>
     <span class='ocr_line' id='line_1_31' title="bbox 381 3947 1698 4034; baseline -0.002 -22"><span class='ocrx_word' id='word_1_282' title='bbox 381 3970 410 4032; x_wconf 93' lang='lat' dir='ltr'>p.</span> <span class='ocrx_word' id='word_1_283' title='bbox 428 3947 501 4024; x_wconf 84' lang='grc'><strong>211,</strong></span> <span class='ocrx_word' id='word_1_284' title='bbox 525 3947 568 4012; x_wconf 91' lang='grc'>22</span> <span class='ocrx_word' id='word_1_285' title='bbox 592 3949 713 4029; x_wconf 80' lang='lat' dir='ltr'>iegitur,</span> <span class='ocrx_word' id='word_1_286' title='bbox 738 3969 792 4030; x_wconf 89' lang='lat' dir='ltr'>per</span> <span class='ocrx_word' id='word_1_287' title='bbox 808 3951 930 4029; x_wconf 81' lang='lat' dir='ltr'>triginta</span> <span class='ocrx_word' id='word_1_288' title='bbox 948 3949 1022 4013; x_wconf 91' lang='lat' dir='ltr'>duas</span> <span class='ocrx_word' id='word_1_289' title='bbox 1045 3953 1163 4030; x_wconf 85' lang='lat' dir='ltr'>species</span> <span class='ocrx_word' id='word_1_290' title='bbox 1179 3953 1325 4014; x_wconf 84' lang='lat' dir='ltr'>variatum</span> <span class='ocrx_word' id='word_1_291' title='bbox 1343 3959 1471 4034; x_wconf 83' lang='lat' dir='ltr'>uterque</span> <span class='ocrx_word' id='word_1_292' title='bbox 1486 3953 1698 4030; x_wconf 83' lang='lat' dir='ltr'>grammaticus</span> 
     </span>
     <span class='ocr_line' id='line_1_32' title="bbox 382 4051 1697 4137; baseline -0.001 -23"><span class='ocrx_word' id='word_1_293' title='bbox 382 4054 491 4137; x_wconf 90' lang='lat' dir='ltr'>posuit.</span> <span class='ocrx_word' id='word_1_294' title='bbox 540 4071 644 4115; x_wconf 84' lang='lat' dir='ltr'>versus</span> <span class='ocrx_word' id='word_1_295' title='bbox 668 4053 811 4132; x_wconf 80' lang='lat' dir='ltr'>hiargitac</span> <span class='ocrx_word' id='word_1_296' title='bbox 836 4051 998 4125; x_wconf 77' lang='lat' dir='ltr'>iiomerici‘,</span> <span class='ocrx_word' id='word_1_297' title='bbox 1030 4073 1105 4136; x_wconf 88' lang='lat' dir='ltr'>quos</span> <span class='ocrx_word' id='word_1_298' title='bbox 1130 4075 1166 4117; x_wconf 81' lang='lat' dir='ltr'>ex</span> <span class='ocrx_word' id='word_1_299' title='bbox 1190 4053 1379 4116; x_wconf 89' lang='lat' dir='ltr'>Beroiinensi</span> <span class='ocrx_word' id='word_1_300' title='bbox 1408 4055 1512 4116; x_wconf 78' lang='lat' dir='ltr'>coriice</span> <span class='ocrx_word' id='word_1_301' title='bbox 1539 4053 1610 4115; x_wconf 89' lang='lat' dir='ltr'>oiim</span> <span class='ocrx_word' id='word_1_302' title='bbox 1639 4052 1697 4114; x_wconf 90' lang='lat' dir='ltr'>edi·</span> 
     </span>
     <span class='ocr_line' id='line_1_33' title="bbox 382 4152 1697 4238; baseline -0.002 -20"><span class='ocrx_word' id='word_1_303' title='bbox 382 4157 468 4220; x_wconf 89' lang='lat' dir='ltr'>derat</span> <span class='ocrx_word' id='word_1_304' title='bbox 492 4155 716 4219; x_wconf 89' lang='lat' dir='ltr'>Lindemanuus</span> <span class='ocrx_word' id='word_1_305' title='bbox 738 4153 814 4237; x_wconf 77' lang='lat' dir='ltr'>Lyra</span> <span class='ocrx_word' id='word_1_306' title='bbox 838 4174 866 4217; x_wconf 84' lang='lat' dir='ltr'>r.</span> <span class='ocrx_word' id='word_1_307' title='bbox 889 4155 902 4218; x_wconf 92' lang='lat'>1</span> <span class='ocrx_word' id='word_1_308' title='bbox 925 4175 954 4238; x_wconf 95' lang='lat' dir='ltr'>p.</span> <span class='ocrx_word' id='word_1_309' title='bbox 979 4152 1030 4226; x_wconf 87' lang='grc'>82,</span> <span class='ocrx_word' id='word_1_310' title='bbox 1055 4167 1159 4238; x_wconf 88' lang='lat' dir='ltr'>postea</span> <span class='ocrx_word' id='word_1_311' title='bbox 1183 4159 1275 4220; x_wconf 88' lang='lat' dir='ltr'>etiam</span> <span class='ocrx_word' id='word_1_312' title='bbox 1304 4156 1383 4238; x_wconf 90' lang='lat' dir='ltr'>apud</span> <span class='ocrx_word' id='word_1_313' title='bbox 1407 4157 1528 4220; x_wconf 80' lang='lat' dir='ltr'>Atilium</span> <span class='ocrx_word' id='word_1_314' title='bbox 1554 4157 1697 4218; x_wconf 83' lang='lat' dir='ltr'>Fortuna·</span> 
     </span>
     <span class='ocr_line' id='line_1_34' title="bbox 341 4255 1696 4342; baseline -0.004 -17"><span class='ocrx_word' id='word_1_315' title='bbox 341 4319 345 4325; x_wconf 94' lang='lat'>.</span> <span class='ocrx_word' id='word_1_316' title='bbox 383 4261 497 4323; x_wconf 83' lang='lat' dir='ltr'>tionum</span> <span class='ocrx_word' id='word_1_317' title='bbox 522 4280 550 4342; x_wconf 93' lang='lat' dir='ltr'>p.</span> <span class='ocrx_word' id='word_1_318' title='bbox 568 4255 642 4338; x_wconf 64' lang='lat'>287,</span> <span class='ocrx_word' id='word_1_319' title='bbox 660 4255 682 4323; x_wconf 78' lang='lat'><strong>5</strong></span> <span class='ocrx_word' id='word_1_320' title='bbox 703 4255 818 4322; x_wconf 86' lang='lat' dir='ltr'>inventi</span> <span class='ocrx_word' id='word_1_321' title='bbox 842 4269 921 4323; x_wconf 89' lang='lat' dir='ltr'>sunt.</span> <span class='ocrx_word' id='word_1_322' title='bbox 959 4258 1087 4341; x_wconf 89' lang='lat' dir='ltr'>denique</span> <span class='ocrx_word' id='word_1_323' title='bbox 1110 4260 1321 4324; x_wconf 76' lang='lat' dir='ltr'>descensione</span> <span class='ocrx_word' id='word_1_324' title='bbox 1346 4261 1460 4323; x_wconf 89' lang='lat' dir='ltr'>heroici</span> <span class='ocrx_word' id='word_1_325' title='bbox 1477 4279 1581 4321; x_wconf 78' lang='lat' dir='ltr'>vorsus</span> <span class='ocrx_word' id='word_1_326' title='bbox 1604 4275 1696 4339; x_wconf 82' lang='lat' dir='ltr'>gram-</span> 
     </span>
     <span class='ocr_line' id='line_1_35' title="bbox 383 4361 1694 4445; baseline -0.005 -19"><span class='ocrx_word' id='word_1_327' title='bbox 383 4366 511 4426; x_wconf 87' lang='lat' dir='ltr'>maticus</span> <span class='ocrx_word' id='word_1_328' title='bbox 547 4361 766 4443; x_wconf 78' lang='lat' dir='ltr'>Sangallensis&#39;</span> <span class='ocrx_word' id='word_1_329' title='bbox 787 4363 914 4426; x_wconf 89' lang='lat' dir='ltr'>eundem</span> <span class='ocrx_word' id='word_1_330' title='bbox 951 4373 1106 4426; x_wconf 88' lang='lat' dir='ltr'>auctorem</span> <span class='ocrx_word' id='word_1_331' title='bbox 1141 4373 1231 4444; x_wconf 87' lang='lat' dir='ltr'>atque</span> <span class='ocrx_word' id='word_1_332' title='bbox 1265 4365 1290 4424; x_wconf 89' lang='lat' dir='ltr'>is</span> <span class='ocrx_word' id='word_1_333' title='bbox 1324 4365 1377 4445; x_wconf 91' lang='lat' dir='ltr'>qui</span> <span class='ocrx_word' id='word_1_334' title='bbox 1410 4363 1636 4444; x_wconf 81' lang='lat' dir='ltr'>explanationes</span> <span class='ocrx_word' id='word_1_335' title='bbox 1667 4362 1694 4420; x_wconf 93' lang='lat' dir='ltr'>in</span> 
     </span>
    </p>

    <p class='ocr_par' dir='ltr' id='par_1_14' title="bbox 385 4449 1297 4548">
     <span class='ocr_line' id='line_1_36' title="bbox 385 4449 1297 4548; baseline -0.005 -18"><span class='ocrx_word' id='word_1_336' title='bbox 385 4467 533 4530; x_wconf 81' lang='lat' dir='ltr'>Donatum</span> <span class='ocrx_word' id='word_1_337' title='bbox 556 4469 682 4548; x_wconf 89' lang='lat' dir='ltr'>scripsit</span> <span class='ocrx_word' id='word_1_338' title='bbox 704 4485 733 4548; x_wconf 94' lang='lat' dir='ltr'>p.</span> <span class='ocrx_word' id='word_1_339' title='bbox 757 4462 831 4537; x_wconf 84' lang='grc'><strong>522,</strong></span> <span class='ocrx_word' id='word_1_340' title='bbox 858 4463 897 4528; x_wconf 88' lang='lat'>14</span> <span class='ocrx_word' id='word_1_341' title='bbox 919 4485 984 4548; x_wconf 82' lang='lat' dir='ltr'>sqq.</span> <span class='ocrx_word' id='word_1_342' title='bbox 1008 4475 1129 4528; x_wconf 89' lang='lat' dir='ltr'>secutus</span> <span class='ocrx_word' id='word_1_343' title='bbox 1152 4477 1207 4529; x_wconf 89' lang='lat' dir='ltr'>est.</span> <span class='ocrx_word' id='word_1_344' title='bbox 1294 4449 1297 4456; x_wconf 46' lang='lat'><em>¹</em></span> 
     </span>
    </p>
   </div>
   <div class='ocr_carea' id='block_1_12' title="bbox 944 4637 1147 4648">
    <p class='ocr_par' dir='ltr' id='par_1_15' title="bbox 944 4637 1147 4648">
     <span class='ocr_line' id='line_1_37' title="bbox 944 4637 1147 4648; baseline 0.01 -2"><span class='ocrx_word' id='word_1_345' title='bbox 944 4637 1147 4648; x_wconf 73' lang='lat'><strong>-—-.-</strong></span> 
     </span>
    </p>
   </div>
   <div class='ocr_carea' id='block_1_13' title="bbox 0 0 1930 5560">
    <p class='ocr_par' dir='ltr' id='par_1_16' title="bbox 0 0 1930 5560">
     <span class='ocr_line' id='line_1_38' title="bbox 0 0 1930 5560; baseline 0 1"><span class='ocrx_word' id='word_1_346' title='bbox 0 0 1930 5560; x_wconf 95' lang='lat' dir='ltr'> </span> 
     </span>
    </p>
   </div>
  </div>
 </body>
</html>
