3888 5550
396 275 459 352 396
941 297 1161 354 ‘runnurmut

397 402 418 440 p.
434 393 485 432 ttsa
499 391 524 431 P.

603 481 780 543 Socrates
806 479 939 545 beatus
963 483 1030 544 ille
1053 485 1115 564 qui
1140 479 1273 564 procul
1297 479 1473 560 negotiis.

602 585 673 646 binc
695 583 777 646 solvo
799 586 943 668 primam:
967 586 1026 648 tale
1050 587 1095 657 lit,
1121 604 1176 648 nec
1199 605 1253 667 pes
1276 584 1365 656 labat,

602 688 792 770 Diogenes
814 690 950 754 beatus
973 690 1037 753 ille
1060 691 1121 774 qui
1145 687 1280 772 procul
1303 687 1485 768 negotiis.

482 791 485 806 '
537 810 671 854 sacocum
696 795 833 866 tertiam.
859 813 896 856 ne
920 804 982 858 tum
1006 794 1129 877 quidem
1153 797 1314 876 quicquam
1338 792 1427 874 perit,

603 897 839 978 Demophile,
864 898 998 962 beatus
1020 896 1086 960 ille
1110 901 1173 979 qui
1197 897 1329 979 procul
1355 897 1534 975 negotiis.

603 1011 744 1082 utrasque
768 1001 889 1085 quando
912 1002 1053 1072 solveris,
1077 1001 1119 1064 nil
1143 1000 1282 1072 laeditur,

602 1105 702 1189 quod
726 1103 822 1187 agls',
847 1125 928 1187 age:
955 1107 1090 1168 heatus
1112 1103 1177 1168 ille
1202 1107 1264 1184 qui
1287 1101 1417 1185 procul
1441 1103 1619 1182 negotiis.

604 1219 729 1273 auctore
753 1220 835 1274 tanto
859 1212 950 1273 credo
974 1229 1021 1272 me
1046 1218 1144 1272 tutum
1167 1208 1242 1280 lore,

538 1331 589 1374 roro
604 1323 636 1376 ut
660 1333 715 1395 pro
738 1315 880 1377 trochaeo
903 1333 993 1376 nemo
1016 1313 1118 1396 culpet
1142 1313 1328 1395 tribrachyn.

644 1417 846 1482 Archilochus
869 1428 969 1480 autem
992 1421 1140 1481 creticum
1164 1417 1241 1480 sicut
1263 1415 1357 1486 dedit,

603 1540 698 1603 aeque
722 1525 860 1584 trimetro
883 1523 981 1584 iunxit
1005 1521 1161 1604 lllpponax
1187 1519 1294 1602 pedem

602 1628 797 1688 novissimum
822 1625 1007 1708 trisyllabum
1032 1645 1067 1688 er
1091 1626 1188 1706 prima
1211 1625 1304 1695 breui,

602 1727 700 1808 longis
724 1729 856 1792 duabus:
880 1729 1042 1793 antibacho
1066 1748 1175 1791 nomen
1201 1737 1256 1790 est.

537 1851 589 1894 raas
604 1833 758 1916 exentplar
781 1835 846 1896 cius
870 1834 927 1897 talc
951 1837 1049 1915 possis
1073 1835 1198 1913 lingere,

602 1935 783 2020 phaselus
806 1936 873 1999 ille
896 1957 1005 2018 quem
1031 1937 1185 2006 ridetis,
1211 1935 1397 2016 hospites,
1424 1931 1597 1996 Sabinus.

602 2041 766 2121 quadratus
790 2052 822 2103 ut
845 2044 900 2111 sit.
925 2053 1009 2122 parte
1032 2039 1069 2102 ab
1094 2044 1153 2102 ima
1178 2039 1342 2102 claudicat:

603 2146 660 2207 erit
683 2143 848 2225 quadratus
872 2144 986 2206 recidito
1012 2145 1182 2214 norissima,

602 2247 783 2328 phaselus
805 2247 870 2310 ille
894 2269 998 2329 quem
1023 2249 1175 2319 vidctis,
1201 2245 1388 2325 hospites,
1413 2243 1576 2307 Sabinus
1599 2253 1666 2305 est.

538 2349 787 2431 oesophaselus
810 2370 882 2432 ergo
907 2371 1013 2434 quern
1037 2352 1194 2435 ridetis,
1219 2349 1409 2430 hospites,
1434 2347 1597 2410 Sabinus

604 2472 699 2536 aeque
724 2464 770 2517 est
793 2463 821 2517 et
844 2459 910 2538 ipse
933 2454 1114 2538 syllabarum
1139 2455 1321 2534 quindecim,

604 2567 637 2620 ut
660 2557 724 2630 ille,
750 2560 845 2639 prima
870 2569 955 2638 parte
979 2562 1030 2640 qui
1055 2559 1198 2621 multatus
1222 2567 1283 2626 ustt

603 2660 656 2726 sed
680 2660 830 2726 iambicus
854 2663 997 2735 manebit,
1023 2663 1102 2726 unde
1126 2674 1155 2726 et
1178 2671 1266 2726 natus
1290 2670 1345 2723 cst.

604 2764 663 2828 illic
688 2767 783 2834 enirn.
807 2769 877 2848 quia
902 2769 997 2847 prima
1022 2786 1093 2849 pars
1117 2787 1152 2830 ex
1176 2769 1288 2829 cretico

438 2869 442 2879 '
540 2894 590 2935 uass
605 2871 702 2949 gignit
725 2868 915 2939 trochaeum,
940 2875 1046 2934 transit
1070 2873 1099 2934 iu
1124 2870 1326 2934 trochaicum:

586 2975 654 3036 hic
678 2993 714 3035 ex
738 2973 846 3036 iambis
870 2986 957 3037 natus
980 2975 1016 3037 ad
1041 2976 1130 3038 linem
1154 2993 1276 3055 quoque

605 3076 737 3139 manebit
760 3076 851 3139 idern.
899 3081 997 3141 veniat
1020 3089 1163 3142 externus
1186 3079 1257 3141 licet

604 3199 658 3262 pes
681 3179 891 3251 antibacchus,
917 3201 978 3245 non
1001 3183 1060 3244 erit
1082 3181 1182 3264 dispar
1207 3192 1321 3244 tarnen:

606 3303 735 3366 natuque
759 3295 805 3346 est
828 3285 945 3348 iarnhus
968 3289 1088 3348 tertiam
1112 3285 1230 3364 longam
1255 3285 1387 3347 tralleos.

540 3411 592 3452 roso
606 3391 649 3450 sic
673 3407 746 3470 ergo
771 3407 875 3450 versus
899 3409 935 3450 ex
958 3389 1066 3452 iambis
1088 3399 1227 3471 prosatus

465 3575 468 3582 ,
606 3495 667 3555 suis
691 3492 798 3554 iambis
821 3493 917 3572 iungit
939 3492 1009 3554 inde
1032 3495 1203 3574 septimum,

511 3585 517 3596 '
607 3608 638 3659 ct
660 3597 756 3665 hunc,
781 3605 814 3658 ut
836 3594 936 3668 illum,
962 3597 1135 3660 terminabit
1158 3600 1304 3678 semipest

607 3700 652 3761 rel
676 3703 746 3781 quia
769 3709 814 3760 est
838 3703 1003 3771 trimetrus,
1028 3701 1206 3763 antibaccho
1229 3700 1356 3763 desinet.

608 3805 749 3886 frequens
772 3805 802 3865 in
827 3823 882 3865 usu
907 3813 951 3866 est
975 3805 1033 3866 tale
1057 3816 1184 3867 metrum
1210 3807 1333 3866 comicis
1357 3806 1489 3874 notastis,

541 3931 593 3973 asos
606 3909 700 3970 Atella
725 3907 769 3968 rel
793 3907 858 3988 quis
882 3907 993 3970 sabulis
1017 3918 1099 3970 actus
1123 3909 1206 3971 dedit
1229 3907 1373 3991 portaticos,

606 4013 673 4092 quia
697 4013 756 4073 line
779 4010 862 4072 molli
884 4011 975 4074 labile
999 4020 1085 4091 atquc
1110 4012 1252 4075 descrens
1276 4015 1406 4092 rigorem

404 4162 608 4176 -u—-m

468 4240 639 4294 ‘tata-‘2428
658 4237 728 4288 thar.
754 4239 853 4289 Victor.
873 4239 933 4293 1³5,
954 4240 1083 4300 14-136,
1105 4241 1139 4288 30

467 4415 535 4468 aaut
554 4413 663 4464 solveris
685 4411 824 4464 Brissueus
848 4411 955 4461 soluerit
973 4411 1006 4462 ,ll
1074 4413 1142 4463 usto
1167 4425 1194 4462 ut
1212 4429 1259 4480 pro
1279 4413 1399 4464 troclrneo
1417 4413 1598 4466 Lachmaunus
1624 4413 1655 4464 Et
1672 4429 1716 4481 pro

399 4504 485 4554 lautho
505 4503 535 4554 ,tt
553 4515 577 4551 et
596 4513 643 4567 pro
663 4499 784 4550 trochaeo
802 4499 936 4549 Dawesiur
954 4500 1024 4553 urire.
1045 4501 1102 4566 crit.
1119 4515 1146 4564 p.
1168 4503 1202 4550 tt
1222 4515 1249 4550 ut
1267 4515 1314 4565 pro
1339 4502 1424 4551 iambo
1443 4501 1582 4552 Sunteniua
1652 4502 1717 4552 2374

398 4589 549 4639 antibaccho
568 4587 690 4652 allicpllus
708 4585 871 4637 antibacchio
886 4585 915 4636 ali
984 4587 1052 4638 asts
1072 4589 1160 4653 possis
1180 4589 1317 4638 Brisrueus
1336 4588 1420 4653 possit
1439 4587 1468 4637 ll
1538 4589 1607 4639 usto
1625 4589 1716 4641 Camil.

401 4680 453 4732 Μ
473 4674 596 4742 phaselus
616 4673 665 4737 tlte,
684 4688 760 4736 quem
781 4672 882 4730 videtis,
902 4673 1029 4740 hospites.
1070 4675 1150 4738 Verp.
1170 4675 1247 4727 arctat.
1260 4678 1285 4734 8,
1301 4678 1314 4724 l
1329 4671 1441 4724 Sabinus
1455 4673 1507 4736 tlte,
1526 4689 1603 4738 quern
1618 4677 1716 4732 ridetis,

399 4761 516 4828 hospites
586 4763 654 4812 2382
673 4761 809 4810 mulctatur
823 4759 855 4810 li
924 4761 991 4812 ‘2392
1011 4773 1034 4808 et
1053 4759 1121 4810 hunc
1142 4773 1169 4808 ut
1187 4761 1257 4810 illum
1271 4759 1449 4810 Laclunrmuus
1468 4759 1499 4810 Et
1518 4761 1586 4812 httnc
1606 4777 1630 4814 st
1649 4763 1715 4812 illurn

330 4829 332 4836 ‚
401 4847 440 4898 M.
479 4862 504 4896 ut
522 4850 583 4911 leplt
602 4848 704 4896 diarius
726 4847 874 4896 Victorinus
890 4863 917 4910 p.
938 4851 998 4904 135,
1018 4850 1052 4896 22
