3866 5562
543 318 655 372 contr.
680 287 729 372 osv
751 323 858 372 uere.
883 321 968 372 coir.
992 321 1038 371 nr
1061 322 1109 372 ns
1132 323 1220 372 usu.
1244 320 1349 372 oreis.
1465 281 1483 376 ,⁵
1556 307 1620 374 553

293 499 421 579 positam
445 508 475 561 et
498 499 573 561 duos
597 518 701 563 versus
724 500 821 563 eidem
855 501 1074 563 commentario
1098 498 1270 578 subiectos,'
1295 471 1382 562 Hocc
1409 515 1466 575 eqo
1488 479 1619 573 Rufinus
1723 547 1724 550 ,
1799 555 1812 586 .·

182 612 188 621 '
293 605 404 680 cotiepi
423 611 524 666 mente
545 605 678 682 deniqne
700 594 925 688 Discapulisque
947 605 1021 666 dedi
1041 621 1170 693 munera
1186 605 1323 682 pulchra
1345 603 1449 680 libens,
1475 605 1506 667 in
1530 602 1634 682 libris!

294 723 385 768 mauu
413 709 536 788 scriptis
565 701 787 788 praescriptum
820 716 865 769 est
890 705 1030 784 ¹versibus
1054 707 1091 769 de
1121 709 1227 769 metris
1250 705 1386 768 Terentii
1415 717 1445 768 et
1468 706 1621 770 Plautiet
1681 722 1689 730 ·

293 818 464 872 ceterorum
488 829 517 891 p.
534 805 643 879 onst
670 816 700 871 et
723 809 760 870 de
784 811 1002 890 compositione
1027 811 1117 874 etde
1142 812 1247 872 metris
1271 816 1426 872 oratorum
1449 829 1479 890 p.
1496 805 1570 880 665,
1588 805 1619 871 9.

292 906 376 982 566,
399 908 437 984 6;
466 907 518 976 32.
548 907 627 981 667,
648 905 702 973 21.
725 909 801 981 stu·
821 908 873 974 26.
920 930 1020 994 neque
1043 912 1175 980 violetur.
1190 911 1322 974 ducturi
1336 921 1436 994 *posse
1461 915 1534 994 quin
1558 911 1617 974 loci

293 1008 428 1076 veterum
453 1017 636 1097 scriptorum
661 1013 697 1076 ab
722 1013 829 1077 eodem
853 1014 972 1083 lluiino,
1002 1017 1054 1096 qui
1077 1025 1240 1097 praecepte
1264 1033 1370 1076 eorum
1394 1016 1457 1078 suis
1479 1014 1618 1078 versibus

292 1116 574 1196 comprehenderat,
599 1117 766 1182 collectici
789 1136 932 1182 unacum
949 1116 1009 1180 illis
1032 1118 1104 1181 editi
1127 1119 1250 1189 luerint.
1276 1118 1353 1180 sicut
1368 1117 1507 1180 versibus
1523 1118 1617 1198 priori
1721 1155 1724 1158 -
1751 1179 1758 1186 ,

293 1225 512 1285 commentario
528 1220 710 1303 subscriptis
725 1221 893 1284 indicatum
910 1228 965 1284 est.
996 1220 1048 1283 sed
1065 1239 1134 1284 cum
1151 1221 1226 1284 duos
1243 1223 1476 1283 commentarios
1493 1222 1617 1284 Rullnus
1650 1249 1652 1254 ·
1715 1277 1718 1280 ,,

292 1311 473 1405 scripsisset,
497 1321 635 1396 alterum,
658 1341 718 1407 quo
742 1343 849 1388 versus
864 1344 933 1387 esse
956 1327 987 1386 iu
1004 1321 1113 1386 labulis
1130 1325 1323 1387 comicorum*
1340 1333 1500 1406 poetarum
1517 1333 1617 1386 osteu-

292 1427 378 1491 deret
401 1438 431 1490 et
453 1428 615 1510 adscriptis
650 1423 851 1509 plurimorum
882 1429 1151 1508 grammaticorum
1182 1429 1365 1490 testimoniis
1393 1427 1616 1508 comprobaret,

246 1513 255 1520 ’
291 1517 429 1604 alterum,
461 1547 521 1613 quo
550 1531 705 1593 Ciceronis
733 1531 923 1610 aliorumque
953 1538 1115 1612 praecepta
1143 1528 1190 1591 de·
1208 1548 1337 1594 numeru
1367 1531 1500 1592 oratorio
1534 1548 1617 1593 com·

91 1663 96 1674 ·
194 1613 232 1683 s
291 1642 435 1712 poneret,
465 1632 497 1694 hi
525 1631 584 1696 duo
614 1636 824 1697 commentarii
852 1643 955 1714 postea
984 1635 1027 1696 ita
1054 1633 1211 1696 coniuncti
1241 1641 1327 1703 sunt,
1357 1642 1389 1695 ut
1418 1651 1477 1696 una
1507 1627 1619 1714 prioris

291 1737 500 1800 commentarii
525 1737 682 1816 inscriptio
705 1737 942 1819 relinqueretur,
961 1738 1001 1799 in
1015 1737 1112 1799 initio
1135 1744 1235 1799 autem
1259 1734 1383 1799 alterius
1406 1737 1618 1799 commentarii

198 1887 201 1892 .
290 1857 394 1901 versus
409 1837 509 1901 lluiinl
533 1855 569 1899 ex
586 1838 714 1901 diversis
738 1838 814 1903 locis
831 1839 949 1902 collecti
973 1849 1167 1920 ponerentur.
1185 1835 1188 1842 ’
1206 1857 1276 1902 nam
1292 1857 1391 1921 neque
1408 1849 1492 1903 certo
1508 1839 1615 1902 ordine

289 1943 320 2004 iu
344 1940 490 2004 hocloco
514 1941 557 2004 illi
581 1929 687 2004 rersus
710 1942 849 2006 collocati
873 1959 971 2022 neque
994 1944 1074 2004 inter
1097 1959 1132 2004 se
1160 1952 1229 2024 apte
1252 1945 1359 2005 conexi
1382 1952 1468 2013 suut.
1500 1941 1552 2005 sed
1577 1941 1613 2004 ad

289 2042 485 2108 illustrandos
518 2043 601 2107 locos
631 2045 802 2116 Ciceronis,
836 2063 964 2128 quorum
995 2047 1122 2108 maxime
1153 2064 1223 2126 pars
1252 2043 1361 2108 deinde
1390 2044 1526 2108 sublecta
1543 2053 1613 2114 est,

198 2163 210 2171 ·
264 2149 453 2229 conscripti
487 2147 632 2211 luerunt«
680 2166 775 2231 quare
809 2168 869 2231 quo
904 2147 1011 2210 ordine
1045 2147 1170 2210 Rufinus
1207 2145 1283 2210 haec
1316 2164 1395 2240 puae
1433 2149 1621 2227 testimoniis

289 2259 426 2326 veterum
441 2253 628 2332 scriptorum
652 2269 668 2313 a
691 2268 724 2313 se
748 2250 881 2315 collectis
901 2251 1084 2332 interposuit
1099 2252 1326 2331 conscripserit,
1355 2251 1415 2313 diei
1430 2250 1542 2332 nequit.
1580 2269 1616 2312 ac

289 2371 327 2416 ne
350 2352 423 2418 illud
441 2355 565 2436 quidem
589 2361 718 2426 constat,
743 2373 815 2418 num
832 2355 932 2416 omnia
949 2344 1036 2435 quae
1050 2351 1099 2416 ille
1116 2353 1283 2434 collegerat
1306 2351 1352 2415 rel
1377 2357 1442 2435 ipse
1458 2353 1616 2416 eddiderat

287 2463 406 2520 serrata
430 2459 529 2534 siret:¹
545 2459 575 2518 in
599 2477 659 2538 quo
681 2455 883 2520 memorabile
906 2465 952 2520 est
975 2454 1067 2528 illud,
1096 2456 1177 2538 quod
1202 2456 1257 2518 sub
1288 2457 1380 2520 finem
1405 2458 1616 2520 commentarii
1733 2485 1740 2492 ·

150 2553 167 2597 ’·
215 2569 222 2575 ’
288 2558 325 2622 de
349 2562 454 2622 metris
477 2559 662 2628 comicorum
685 2561 990 2641 poetarum'nomina
1020 2562 1205 2641 scriptorum
1235 2561 1338 2645 viginti
1367 2569 1398 2622 et
1422 2561 1529 2630 trium,
1562 2561 1613 2640 qui

289 2680 464 2725 mensuram
489 2681 557 2725 esse
580 2665 612 2725 iu
636 2661 746 2726 iabulis
767 2662 904 2726 Terentii
934 2671 964 2724 et
985 2663 1085 2726 l‘lauti
1115 2672 1146 2725 et
1168 2661 1343 2726 ceterorum
1373 2663 1559 2725 comicorum
1585 2673 1615 2724 et

205 2837 208 2844 ¹
275 2767 476 2866 ‘tragicorum
509 2766 667 2836 dixerunt,
698 2767 812 2845 scripta
842 2775 921 2828 sunt
971 2765 1144 2847 inquibus
1173 2783 1241 2827 cum
1271 2766 1626 2850 nominascriptorum,¹
1683 2807 1716 2829 ·.

288 2859 417 2949 quorum
439 2870 614 2931 testimonia
638 2877 726 2931 autea
750 2865 846 2948 posita
871 2874 966 2939 erant,
991 2886 1119 2932 numero
1135 2868 1309 2950 quindecim
1326 2867 1474 2948 legantur,
1499 2877 1612 2931 restent

261 2981 370 3042 octo,
404 2989 532 3054 quorum
564 2972 734 3034 testimonia
766 2969 810 3032 rel
839 2970 918 3034 eb
910 2989 976 3052 ipso
999 2971 1107 3034 liulino
1138 2969 1182 3034 rel
1209 2971 1246 3034 ab
1277 2989 1313 3033 eo
1336 2973 1387 3053 qui
1418 2981 1522 3052 postea
1546 2972 1612 3032 eius
1639 2981 1642 2984 “

182 3086 186 3094 ’
288 3071 540 3137 commentarium
564 3076 727 3157 excerpsit,
752 3075 862 3137 omissa
885 3083 965 3137 sunt.
1033 3107 1039 3116 ·

372 3177 619 3240 Antioohieusem
644 3177 736 3240 luisse
753 3177 895 3240 llulluuur
918 3178 1118 3258 inscriptione
1134 3177 1354 3245 commentarii,
1378 3196 1454 3259 quae
1470 3178 1500 3238 in
1524 3175 1612 3240 libris

98 3303 104 3312 ·
195 3317 198 3322 -
287 3298 378 3342 mauu
406 3281 546 3362 scriptis
557 3279 685 3360 legitur,
721 3281 885 3342 memoriae
915 3278 1068 3360 proditum
1100 3287 1159 3350 est;
1188 3298 1287 3362 neque
1316 3279 1374 3343 ulla
1404 3280 1480 3343 eius
1498 3283 1611 3344 mentio

287 3394 444 3464 praeterea
469 3383 546 3464 apud
564 3399 747 3464 quemquam
770 3390 859 3446 extat.
896 3382 949 3443 sed
967 3384 1217 3445 commentarium
1242 3383 1278 3444 de
1294 3385 1402 3446 metris
1425 3385 1610 3446 comicorum

285 3495 445 3568 poetarum
460 3486 634 3550 Priscianus
656 3485 693 3547 de
717 3486 822 3546 metris
839 3483 1029 3547 Terentianis
1052 3485 1190 3548 scribens
1213 3489 1403 3568 usurpavisse
1427 3486 1555 3559 videtur,
1572 3488 1610 3548 si·

286 3589 407 3670 quidem
424 3591 451 3651 is
467 3597 498 3650 et
512 3589 550 3649 de
567 3588 709 3650 versibus
720 3587 919 3680 prologorum
934 3599 963 3650 et
979 3606 1016 3668 pi
1019 3607 1145 3651 unarum
1159 3607 1338 3652 scaenarum
1352 3607 1380 3670 p
1397 3585 1472 3661 421,
1491 3585 1555 3651 126
1542 3596 1608 3671 §.qq

226 3709 229 3714 ·
286 3692 392 3754 eodem
411 3692 501 3754 modo
517 3691 562 3752 dis
550 3693 680 3771 putavit
695 3701 784 3772 atque
801 3692 969 3772 lluiiuuep.
986 3689 1060 3763 558,
1074 3687 1103 3763 8,
1121 3699 1151 3752 et
1167 3692 1288 3755 eosdem
1305 3693 1479 3755 Terentiani
1497 3711 1608 3763 torsus,

287 3795 400 3878 quibus
423 3795 600 3874 Russnusp
625 3791 701 3863 560,
726 3791 842 3858 9usus
867 3801 946 3864 erat,
976 3795 1075 3874 posuit
1097 3812 1148 3877 p
1150 3789 1392 3864 419,16.e.1
1411 3794 1609 3876 scriptoribus

286 3907 395 3975 autern,
419 3915 496 3976 quos
521 3899 586 3976 ipse
610 3897 734 3960 liuilnus
755 3895 926 3978 appellavit,
951 3895 1061 3965 nullus,
1091 3895 1128 3958 de
1151 3898 1237 3968 cuius
1259 3897 1390 3983 quidem
1409 3906 1505 3960 aetate
1536 3915 1608 3959 con·

285 4007 357 4077 stat,
379 4002 533 4063 recentior
556 4008 615 4070 est,
647 3991 949 4084 quamgrammatici
976 3999 1076 4079 quarti
1098 3999 1225 4071 saeculi,
1244 4000 1412 4072 ‚Clearisius
1438 3999 1608 4072 Diomedes,

287 4102 427 4172 [innatus.
445 4103 617 4166 Victorinus
630 4115 664 4177 et
675 4105 701 4166 is
717 4105 768 4181 qui
781 4104 828 4164 his
837 4102 927 4185 paulo
938 4102 1065 4163 inierior
1076 4103 1141 4172 luit,
1159 4101 1283 4166 Servius
1298 4122 1327 4183 p.
1341 4100 1414 4174 573,
1428 4098 1469 4164 26
1485 4103 1614 4166 citatus„

166 4189 183 4264 J
285 4220 384 4284 neque
415 4203 510 4269 multo
538 4215 608 4288 post
636 4205 727 4268 hns'
719 4224 821 4288 ipsum
844 4205 983 4268 Rufinum
1018 4207 1127 4267 vixisse
1158 4208 1219 4267 veri
1243 4206 1344 4268 simile
1369 4215 1424 4268 est.
1469 4204 1606 4267 Osannus

285 4305 378 4370 Beltr.
408 4327 434 4370 z.
457 4305 572 4386 griech.
596 4328 627 4372 u
649 4325 743 4370 roem.
754 4308 834 4374 litt.
857 4325 883 4369 r.
908 4305 981 4419 llp.
1004 4305 1098 4370 307·
1091 4325 1122 4369 m
1146 4309 1242 4438 prima
1266 4319 1352 4388 parte
1375 4309 1473 4389 quinti
1495 4306 1606 4382 seerulp
1665 4305 1669 4314 '

284 4411 351 4472 eius
373 4417 500 4472 aetatem
524 4408 691 4474 collocarit.

323 4910 486 4971 ‘numeror
498 4939 581 4970 asem
594 4917 631 4970 η’
697 4970 699 4979 ,
