3874 5556
370 343 434 410 276
928 341 1136 398 portariam

372 553 467 599 nexus
482 534 628 597 orationis
640 534 670 597 in
682 533 825 596 dictione.
851 533 919 597 lruic
933 553 1002 596 tero
1015 531 1180 616 analogiae,
1197 551 1273 616 quae
1285 543 1331 596 est
1343 535 1375 596 ln
1387 533 1495 602 verbis.
1509 533 1558 598 illa
1571 551 1692 617 quoque

372 636 510 719 analogia
526 637 660 700 subiecta
688 647 743 710 est,
767 657 845 720 quae
860 638 998 718 procedit
1022 655 1077 719 per
1095 636 1239 702 similium
1262 638 1527 716 comparationem,
1550 657 1627 720 quae
1650 639 1693 698 sic

371 743 511 806 delinitur
537 760 554 804 a
580 740 774 824 quibusdam,
805 734 972 822 ἀναλογία
1004 736 1099 804 ἐστὶν
1126 733 1305 823 συμπλοκὴ
1340 738 1456 825 λόγων
1487 732 1692 804 ἀκολούθων

374 841 413 910 ἐν
440 843 573 908 κλίσεσι
594 845 711 926 μεροῖν
737 841 868 924 λέξεως,
891 845 921 906 id
951 853 996 906 ast
1022 863 1155 910 conexus
1178 847 1350 908 orationum
1383 846 1631 926 consequentium
1660 847 1689 907 ia

371 947 622 1012 declinationibus
650 949 782 1029 partium
811 949 962 1011 orationis.
995 950 1025 1010 ia
1054 951 1200 1025 enuncia
1228 947 1450 1026 Aristophanes
1477 949 1610 1029 quinque
1637 947 1689 1009 ob·
1716 962 1730 1002 a

372 1054 559 1118 sertationcs
586 1051 692 1122 tradit,
723 1070 777 1133 per
797 1069 872 1132 quas
898 1060 1021 1134 possent
1047 1051 1175 1115 inveniri
1197 1050 1316 1126 similia,
1340 1060 1374 1114 ut
1396 1049 1531 1114 eiusdem
1561 1053 1620 1113 sint
1642 1070 1693 1132 ge·

372 1156 470 1228 neris,
501 1172 603 1226 casus,
628 1157 741 1227 exitus,
765 1157 883 1218 numeri
906 1153 1098 1238 syllabarum,
1121 1157 1198 1218 soni.
1243 1153 1440 1224 Aristarchus,
1465 1155 1585 1218 auditor
1615 1157 1690 1227 eius,

371 1261 464 1324 adicit
485 1259 699 1331 differentiam,
733 1259 831 1322 idest
860 1277 898 1322 ne
925 1259 1071 1340 simplicia
1100 1277 1168 1322 curn
1200 1259 1373 1341 compositis
1396 1277 1616 1340 comparemus.
1640 1257 1690 1320 lta·

372 1374 478 1428 ctenns
493 1363 531 1425 de
553 1365 676 1426 nontine
699 1361 865 1444 analogiae:
890 1381 970 1426 nunc
992 1363 1029 1424 de
1052 1363 1116 1444 ipsa
1144 1360 1279 1442 analogia
1302 1363 1492 1444 incipiamus.

459 1472 482 1531 Α
505 1466 604 1530 littera
626 1467 771 1530 liniuntur
794 1464 927 1530 Romana
954 1469 1076 1529 nomina
1106 1475 1134 1528 et
1157 1464 1321 1530 masculina
1345 1474 1374 1527 et
1396 1465 1540 1528 feminina
1564 1476 1594 1529 ct
1616 1483 1729 1528 neu-10

302 1601 304 1607 ·
373 1573 475 1642 tralia,
505 1570 559 1634 sed
588 1572 619 1633 io
649 1569 854 1642 multitudine,
883 1569 941 1632 boc
965 1579 1011 1632 est
1032 1569 1203 1651 pluraliter:
1240 1568 1404 1650 singularia
1428 1571 1507 1632 enirn
1531 1571 1690 1650 peregrina

373 1685 444 1738 sunt
466 1683 585 1736 neutra.
629 1672 809 1745 masculina,
834 1683 866 1736 ut
889 1671 1014 1736 Catilina
1038 1672 1145 1742 Pansa,
1169 1673 1324 1744 feminina,
1349 1683 1381 1735 ut
1405 1673 1534 1735 amicitia
1557 1675 1689 1740 auaritia.

373 1779 544 1841 communia
575 1785 605 1839 et
633 1776 799 1840 masculino
829 1783 859 1838 et
887 1775 1047 1868 feminino,
1077 1785 1112 1838 ut
1134 1775 1252 1838 adseela
1276 1779 1397 1840 conviva
1428 1775 1529 1839 ebria:
1562 1776 1690 1840 conarrim

373 1883 520 1946 feminino
544 1881 729 1962 Pomponius
752 1881 782 1943 in
806 1883 978 1950 Auctorato,

593 1995 796 2067 postquam
820 1985 982 2046 conveni
1006 1983 1127 2046 oannis
1150 1985 1332 2049 convivas
1355 2003 1472 2056 meas,
1703 2005 1727 2047 aa

374 2090 458 2154 ebria
483 2089 649 2152 masculino
671 2089 702 2150 in
726 2086 831 2150 eodem
855 2086 1049 2169 Pomponius,

372 2193 540 2277 †neque
564 2210 630 2272 ego
652 2209 731 2253 sum
754 2191 900 2254 llemmi
924 2190 1189 2271 nequeCassia
1213 2209 1337 2273 neque
1359 2189 1551 2255 Munatius
1573 2191 1688 2254 ebria.

373 2295 523 2360 neutralia
559 2297 590 2357 in
620 2287 840 2364 multitudine,
863 2293 921 2356 boc
957 2301 1003 2356 est
1031 2293 1204 2376 pluraliter,
1238 2303 1272 2356 ut
1300 2294 1469 2357 Saturnalia
1504 2292 1687 2377 compitalia.

374 2399 482 2477 borum
505 2399 662 2479 genetivus
684 2398 821 2478 quamvis
843 2399 925 2459 varie
948 2397 1043 2460 elatus
1065 2400 1103 2460 sit
1120 2396 1199 2479 apud
1215 2408 1356 2461 auctores
1380 2397 1592 2478 (Saturnalium
1609 2399 1687 2460 enim

373 2512 404 2565 et
432 2500 689 2572 saturnaliorum,
721 2499 923 2582 compitalium
953 2510 983 2562 et
1011 2499 1251 2582 compitaliorum
1276 2501 1444 2582 dixerunt),
1474 2502 1565 2564 dativi
1588 2513 1686 2565 tamen
1702 2521 1727 2561 ao

372 2609 482 2670 mansit
507 2603 627 2685 regula,
657 2613 689 2665 nt
713 2603 770 2666 bns
792 2601 903 2684 syllaba
926 2603 1075 2666 finiretur.
1121 2621 1190 2665 nam
1214 2613 1320 2666 neutra
1345 2621 1421 2684 quac
1445 2624 1567 2688 semper
1589 2604 1689 2687 plura·

372 2708 412 2772 lla
436 2709 564 2781 suntsi
588 2717 656 2770 ante
680 2703 870 2770 novissimam
894 2706 1038 2789 syllabam
1063 2709 1071 2769 i
1095 2707 1225 2770 litteram
1249 2707 1381 2770 habeant
1403 2710 1433 2770 in
1457 2711 1611 2789 genetivo,
1636 2708 1688 2770 da·

373 2815 432 2875 tivo
462 2811 518 2874 bus
547 2809 660 2892 syllaba
691 2811 846 2882 liniantur,
875 2820 909 2873 ut
931 2809 1101 2874 Saturnalia
1125 2810 1330 2876 Saturnalium
1354 2811 1575 2875 Saturnalibus.
1621 2831 1689 2874 nam

373 2935 457 2979 arma
480 2923 579 2979 castra
601 2923 682 2985 exta,
713 2916 782 2996 quia
806 2933 866 2976 noa
890 2913 1003 2976 babent
1027 2917 1036 2975 i
1060 2924 1128 2977 ante
1151 2932 1166 2975 a
1190 2913 1350 2994 syllabam,
1380 2915 1480 2978 dativo
1510 2935 1580 2978 casu
1610 2917 1641 2976 in
1665 2918 1690 2977 is

373 3020 533 3083 finientur:
556 3018 646 3080 armis
670 3019 749 3079 enirn
774 3026 804 3080 et
827 3019 933 3080 eastris
957 3017 1091 3098 extisque
1114 3017 1260 3080 dicantus.
1306 3017 1469 3099 singularia
1492 3029 1592 3081 autem
1615 3037 1728 3080 neu-ra
1764 3072 1768 3083 .

376 3132 421 3184 tra
440 3142 462 3188 ¹a
485 3120 583 3184 littera
607 3121 768 3183 terminata
798 3119 877 3183 nulla
900 3121 1093 3183 inveniuntur
1117 3122 1174 3184 nisi
1196 3123 1375 3202 peregrina,
1404 3131 1439 3184 ut
1462 3132 1597 3186 toreuma
1627 3141 1689 3185 em·

376 3226 473 3289 biema
497 3243 620 3307 poema,
645 3224 683 3286 tle
706 3223 816 3306 quibus
839 3223 1006 3293 dubitatur.
1031 3243 1121 3306 quem
1153 3241 1255 3287 casum
1279 3226 1450 3305 genetivum
1476 3234 1505 3286 et
1527 3224 1687 3288 ablativum

373 3329 514 3392 babeant.
562 3329 689 3409 legimus
722 3329 801 3389 enim
836 3336 1037 3390 toreumatum
1066 3337 1096 3391 et
1125 3337 1378 3399 toreumatorum,
1412 3327 1631 3390 toreumatibus
1660 3336 1690 3390 et

374 3433 550 3496 toreumatis
572 3441 602 3493 et
620 3433 663 3494 sic
678 3430 795 3496 similia.
842 3429 1030 3494 commodius
1054 3442 1152 3494 tamea
1175 3442 1337 3494 senserunt
1357 3431 1409 3512 qui
1434 3441 1635 3495 toreumatum
1659 3441 1689 3493 et

373 3545 544 3618 poematum
569 3534 729 3596 dicendum
755 3544 950 3617 putaverunt,
980 3536 1111 3616 primurn
1140 3539 1209 3616 quia
1238 3535 1313 3598 ltaec
1342 3538 1437 3617 magis
1459 3535 1495 3598 ad
1520 3535 1728 3599 Romanuntao

443 3763 475 3811 10
495 3761 514 3808 Α
535 3757 618 3818 littera
637 3783 669 3794 —
686 3760 774 3818 2'l'l,9
793 3759 944 3810 emblemata
962 3771 988 3810 et
1005 3759 1099 3810 similia
1118 3757 1220 3812 Cdnrla.
1240 3761 1313 3824 52,6
1330 3785 1363 3796 -
1382 3763 1457 3824 53,6

418 3879 579 3888 ..-----——

444 3957 456 4000 1
475 3949 553 4000 ltuius
566 3963 627 3998 uero
642 3947 786 4015 Analogiac
803 3963 869 4012 quae
888 3959 927 3999 est
945 3949 970 3998 in
991 3949 1074 3999 uerbis
1093 3947 1137 3999 illa
1155 3964 1260 4014 qnoque
1278 3948 1398 4014 artalogia
1416 3950 1531 3999 subiecta
1550 3961 1602 4000 est:
1622 3965 1689 4014 quae

372 4020 490 4087 procedit
512 4033 558 4085 per
582 4015 705 4068 similium
729 4019 960 4086 comparationem,
987 4033 1054 4080 quae
1077 4019 1115 4068 sie
1132 4018 1254 4068 delinitur
1272 4033 1286 4068 a
1305 4019 1460 4081 quibusdam
1486 4017 1611 4084 Analogia
1630 4031 1643 4068 a
1662 4019 1686 4067 id

372 4101 412 4141 est
430 4102 563 4139 contrexus
582 4099 600 4144 ς
617 4086 695 4136 ltuins
714 4101 776 4138 uero
881 4103 931 4150 que
949 4088 1032 4136 estin
1051 4087 1137 4137 uerbis
1150 4085 1193 4136 illa
1205 4103 1310 4151 quoque
1332 4123 1425 4139 ......
1447 4087 1562 4137 subiecta
1580 4099 1688 4150 estque

373 4157 490 4225 procedit
508 4173 554 4224 per
571 4155 694 4207 similium
707 4157 926 4222 comparationem
944 4171 994 4219 que
1012 4157 1051 4205 sic
1067 4154 1195 4206 dillinitur
1212 4173 1226 4206 n
1245 4156 1401 4220 quibusdam
1425 4192 1501 4207 .....
1523 4166 1563 4206 εει
1581 4157 1606 4206 ln
1624 4158 1688 4206 sina-

373 4227 445 4294 ploee
467 4262 594 4278 ........
617 4224 802 4276 i.ronexusC
852 4226 912 4276 t'aiu
931 4259 1041 4276 .......
1058 4227 1172 4288 quinque
1191 4225 1212 4276 0
1229 4227 1342 4276 econtra
1357 4225 1688 4290 serenermaaapatt'opoat

372 4299 397 4346 in
417 4297 542 4350 relictos
598 4297 628 4345 it)
646 4305 708 4344 snm
726 4307 750 4344 et
769 4294 894 4344 trcrrtntlia
913 4293 1045 4345 Charisius
1100 4297 1131 4344 ia
1149 4294 1303 4346 amicitioG
1326 4293 1475 4349 amitina:
1529 4296 1561 4346 ts
1578 4295 1687 4344 conviva

372 4369 519 4432 posteriore
531 4368 588 4415 loco
600 4380 647 4415 orn.
662 4361 682 4414 Ο
695 4375 712 4418 ς
767 4365 797 4412 id
809 4372 943 4412 aucturato
955 4365 1014 4414 cod.
1031 4361 1091 4413 Vnt.
1107 4365 1178 4414 3402
1232 4365 1263 4414 te
1274 4363 1415 4412 masculino
1431 4363 1452 4412 G
1468 4364 1525 4413 rod.
1541 4362 1602 4414 Vnt.
1616 4365 1687 4414 3402

373 4437 398 4484 in
419 4433 561 4484 masculino
580 4445 597 4489 ς
651 4434 682 4483 17
706 4431 794 4494 Neque
817 4447 866 4498 ego
886 4447 959 4482 sttme
977 4431 1060 4498 (eorm
1078 4435 1111 4484 ai.
1130 4449 1162 4483 at.
1181 4434 1266 4497 surde)
1286 4433 1311 4482 ni
1329 4446 1412 4493 neque
1426 4429 1516 4481 Cassia
1535 4447 1618 4494 neque
1632 4432 1688 4480 llu-

373 4505 458 4554 natius
477 4500 587 4552 ebriaC
611 4499 699 4564 Neque
722 4515 783 4566 ergo
807 4502 908 4552 aututini
932 4517 993 4564 neq:
1018 4500 1109 4552 Cassia
1129 4517 1191 4564 neq:
1216 4501 1346 4552 llnttatins
1364 4501 1434 4550 ebria
1457 4501 1515 4556 eod.
1538 4502 1597 4552 Vot.
1618 4502 1688 4550 3402

373 4589 455 4636 neque
467 4587 525 4622 sum
545 4572 611 4620 nteni
634 4586 717 4634 neque
734 4571 815 4619 castia
834 4587 916 4633 neque
934 4571 1067 4620 blimacins
1085 4572 1156 4621 ebria
1173 4583 1190 4626 ς
1245 4573 1276 4621 te
1293 4567 1463 4620 satrtrualiunt
1475 4569 1543 4618 enim
1561 4581 1587 4619 et
1604 4582 1689 4619 satur-

372 4641 500 4692 naliorum
518 4652 534 4696 ς
553 4640 721 4691 saturnalium
740 4639 810 4689 eninr
823 4649 848 4688 et
859 4638 1064 4691 saunnnliumO
1114 4641 1148 4690 24
1166 4642 1228 4702 quin
1247 4655 1296 4689 nort
1316 4637 1439 4693 ltabents
1457 4639 1581 4702 quianon
1595 4640 1689 4689 eunti)

441 4711 475 4760 26
492 4710 658 4760 inueniuntur
676 4709 726 4759 uisi
746 4708 882 4774 peregriua
902 4721 928 4757 ut
947 4721 1062 4759 toreuma
1081 4721 1097 4764 ς
1116 4711 1279 4758 inueniuntur
1298 4709 1347 4757 nisi
1367 4707 1500 4772 pereuntia
1519 4707 1649 4758 Toreunia
1670 4709 1692 4759 C

441 4781 474 4830 ‘28
497 4791 667 4839 toreumatum
687 4791 712 4828 et
729 4789 931 4828 toreornatorutn
955 4779 1142 4828 tor'ermtntibtts
1162 4790 1185 4826 et
1205 4778 1355 4827 toreumatis
1374 4789 1390 4832 ς
1415 4788 1585 4825 toreumatum
1604 4789 1686 4827 turen·

373 4847 484 4897 matilms
504 4860 528 4896 et
546 4849 695 4896 toreumatis
717 4847 736 4897 C
822 4849 854 4896 '29
874 4858 1043 4895 toreumatum
1063 4860 1086 4895 et
1107 4860 1251 4912 poetnntutn
1271 4861 1287 4900 ς
1310 4858 1479 4894 aareumannu
1501 4859 1648 4911 poematum
1669 4847 1690 4892 tr

442 4918 476 4967 ³0
494 4929 648 4982 putauerunt
667 4917 687 4966 C
708 4927 830 4982 putarunt
849 4928 865 4970 ς
