3906 5564
376 352 439 424 144
876 353 984 408 naeu
1005 315 1197 412 morosam

399 467 421 512 p.
435 455 495 502 1661.
510 459 538 500 a!
551 455 575 502 P.
1508 473 1532 517 p.
1546 461 1592 505 m.
1604 462 1631 506 66
1643 460 1671 507 G.

660 616 663 624 ‚
841 541 931 610 tollor
953 544 1029 610 altos
1052 549 1084 611 ln
1107 557 1234 611 montes.

374 652 445 716 item
470 670 506 715 ex
529 649 684 714 trochaico
707 645 836 711 dimetro
859 649 1033 716 catalectico
1057 658 1087 714 et
1108 649 1352 733 penthemimere
1378 650 1539 737 dactylico,

622 751 712 816 tollor
734 755 766 816 iu
790 761 908 816 montes
930 770 1038 835 uagus,
1066 757 1188 818 numina
1212 757 1256 817 sic
1279 754 1445 819 stimulant.

375 861 446 922 item
470 859 644 922 trochaicus
659 863 853 920 tetrametrus
868 854 1062 922 catalecticus
1083 857 1223 941 pluribus
1238 857 1337 938 longia
1353 860 1383 922 in
1399 857 1506 924 breves
1520 860 1626 926 solutis
1640 863 1692 934 sle,

571 963 649 1040 agite
671 959 761 1024 turha
784 958 913 1043 Phrygia
937 981 1018 1026 nuuc
1041 971 1071 1026 et
1093 963 1207 1045 quatite
1230 963 1331 1044 grauia
1354 969 1505 1046 tympana.

373 1068 444 1129 item
467 1064 654 1129 trochaicum
677 1071 885 1129 tetrametrum
910 1063 1117 1130 catalecticum
1141 1075 1281 1148 quartum
1305 1065 1438 1131 iambum
1461 1067 1587 1143 hahens,
1614 1068 1692 1150 quod

373 1168 544 1252 eupolldion
567 1177 707 1242 uocatur,
1254 1164 1256 1170 ’

450 1261 454 1278 '
681 1272 815 1356 luppiter
837 1283 960 1338 uocatus
981 1273 1081 1347 adest,
1105 1273 1136 1337 di
1158 1275 1255 1338 lavate
1278 1276 1381 1339 ceteri.

373 1379 443 1440 item
469 1396 504 1442 ex
528 1376 681 1441 trochaice
711 1376 904 1460 tetrasyllabo
928 1373 1510 1464 6161616116ἰοιιίοοάπόμειζονος,
1540 1380 1623 1468 quod
1648 1391 1693 1445 est

372 1481 535 1554 soladium,
1705 1499 1732 1540 ro

878 1584 946 1648 heia
968 1602 1048 1648 nuuc
1070 1584 1145 1649 mibi
1169 1617 1184 1650 a

373 1692 444 1754 item
469 1709 504 1754 ex
528 1691 720 1770 anapaestico
743 1687 872 1752 dimetro
895 1686 1058 1752 acatalecto
1082 1700 1112 1753 et
1133 1688 1264 1754 iambica
1286 1689 1416 1754 dimetro
1439 1691 1614 1757 catalectico
1637 1695 1690 1767 sic,

515 1812 569 1874 aye
593 1811 673 1856 nuuc
696 1794 821 1856 comites
843 1790 968 1856 rabidae
990 1791 1117 1875 Cybeles
1139 1802 1247 1882 uocant
1271 1794 1380 1858 choros
1403 1795 1440 1858 ad
1464 1813 1541 1860 aras.

371 1899 441 1962 item
465 1897 642 1980 sapphicum
666 1895 829 1960 dianetrum
853 1893 1134 1978 hendecasyllabum
1158 1899 1382 1979 anapaesticum
1405 1898 1624 1974 catalecticum,

761 1999 882 2083 rapiunt
903 1999 1031 2063 hederas
1054 2000 1112 2062 cita
1135 2001 1305 2065 hlacnades.
1604 2079 1606 2086 Α
1705 2025 1730 2068 un

370 2108 441 2169 item
466 2125 501 2170 ex
517 2107 633 2169 duobus
648 2103 830 2169 choriambis
846 2112 876 2167 et
898 2102 1028 2204 dipodiis
1043 2102 1181 2168 iambicis
1196 2103 1311 2170 alterna
1328 2107 1400 2179 uice,
1423 2109 1465 2171 lta
1490 2115 1523 2172 ut
1537 2110 1569 2171 ln
1584 2107 1689 2172 ultimo

369 2209 514 2274 catulexln
538 2203 743 2284 habeatffslc,
767 2205 779 2294 fl

618 2311 719 2395 Lydia,
742 2310 790 2374 dio
813 2329 922 2394 precor
946 2310 1033 2385 mihi,
1058 2312 1188 2394 perdere
1211 2332 1266 2378 cur
1289 2313 1432 2378 sodalem.
1751 2383 1755 2392 ,

366 2420 439 2482 itern
456 2435 493 2480 cx
509 2415 686 2482 choriambo
703 2424 733 2480 et
748 2415 868 2498 bipedia
885 2413 1011 2478 iambica
1035 2424 1066 2479 et
1081 2416 1248 2492 uocbalca,
1272 2417 1378 2482 ultimo
1394 2417 1609 2501 amphimacro,
1633 2427 1666 2482 ut
1682 2418 1687 2504 Ι

596 2521 696 2606 Lydia,
722 2520 772 2584 dic
794 2537 905 2603 precor
928 2516 1040 2591 libens,
1065 2520 1146 2583 unde
1169 2521 1247 2586 dona
1271 2539 1349 2603 quaa
1371 2525 1464 2604 geris.
1701 2551 1728 2593 so

368 2627 439 2690 ltem
464 2646 500 2691 er
524 2624 701 2690 choriambo
724 2631 754 2687 et
776 2623 841 2687 basi
865 2621 1008 2696 iambica,
1034 2621 1146 2688 ultimis
1168 2625 1319 2690 trochaeis
1341 2626 1455 2699 trihus,

551 2721 553 2726 ’
678 2727 780 2810 Lydia,
804 2726 853 2789 dic
875 2744 985 2809 precor
1008 2728 1082 2791 milri
1106 2715 1161 2791 our
1183 2737 1285 2793 tacere
1312 2729 1398 2795 nolis.

366 2837 438 2900 item
464 2853 500 2898 ex
524 2830 727 2897 choriambico
744 2831 872 2894 dimetro
895 2829 1058 2894 acatalecto
1083 2839 1113 2894 et
1128 2832 1283 2898 trochaico
1298 2834 1428 2898 dimetro
1444 2831 1617 2898 catalectico
1634 2834 1685 2908 sic,

631 2935 732 3020 Lydia,
757 2934 805 2997 die
828 2933 899 3015 quid
923 2933 1046 3004 retices,
1071 2952 1126 2998 cur
1148 2939 1252 3000 uenire
1274 2955 1430 3020 perneges.

366 3045 438 3105 item
463 3061 498 3105 ox
522 3040 660 3124 glyconio
683 3045 714 3102 e't
737 3037 865 3102 iambico
887 3037 1018 3101 dimetro
1041 3037 1229 3113 catalectico,
1699 3079 1726 3121 ,5

668 3152 758 3207 cantu
782 3143 931 3205 continuit
954 3142 1034 3205 leros
1059 3150 1089 3204 et
1110 3143 1219 3227 impios
1240 3145 1386 3226 gigantas.

366 3253 438 3314 item
463 3269 499 3312 ex
522 3248 713 3332 pherecratio
737 3255 766 3309 ct
788 3245 915 3310 iambico
939 3245 1068 3308 dimetro
1085 3247 1259 3312 catalectico
1281 3250 1358 3311 sica
1381 3267 1417 3311 ax
1441 3249 1488 3312 his
1510 3246 1685 3314 Callimachi

367 3355 552 3418 brevissimis
567 3351 696 3416 duobus.
735 3351 807 3414 item
830 3369 867 3414 ex
881 3349 1018 3432 glyconio
1034 3358 1063 3413 et
1080 3349 1271 3433 pherecratio
1286 3355 1404 3424 iunctis,
1430 3371 1446 3414 e
1462 3353 1529 3433 quis
1543 3354 1686 3436 priapcus

366 3477 471 3522 sersus
494 3458 539 3531 llt,
567 3457 626 3528 sic,

417 3669 433 3718 6
446 3667 507 3718 item
519 3663 675 3716 trochaicum
689 3674 863 3715 tetrametrum
874 3681 902 3730 p.
919 3665 977 3723 115,
992 3663 1028 3715 36
1082 3664 1113 3714 12
1126 3664 1186 3714 item
1200 3677 1233 3714 ex
1245 3666 1412 3732 anapaestico
1425 3665 1535 3717 dimetro
1545 3682 1574 3732 p.
1586 3667 1646 3724 163.
1661 3669 1685 3720 1.

366 3739 456 3795 um
526 3736 558 3786 ts
577 3735 637 3786 itern
656 3749 689 3786 ex
708 3732 856 3785 choriambo
876 3745 901 3784 et
919 3732 1027 3799 dipodia
1042 3749 1072 3798 p.
1092 3735 1180 3799 1166
1250 3735 1283 3786 28
1302 3737 1362 3785 item
1381 3750 1415 3787 ex
1432 3736 1555 3802 glyconio
1579 3749 1604 3786 ea
1621 3735 1685 3803 phe-

364 3805 474 3858 recratio
489 3821 518 3872 p.
538 3807 645 3864 151,1a
1060 3847 1062 3852 .

433 3998 450 4048 2
469 4011 501 4047 ex
519 3993 650 4046 trochaico
668 4004 751 4044 metro
769 3991 917 4044 catalectico
936 3989 1131 4059 eplnhemirnerl
1150 3992 1277 4061 dactylico
1296 3994 1321 4045 A
1336 3991 1386 4050 se
1455 3993 1608 4062 lplarihos
1626 3993 1683 4046 ion·

282 4083 283 4088 ¹
365 4065 406 4134 gis
425 4067 452 4116 in
469 4065 563 4116 breues
581 4061 673 4115 saltatis
692 4074 710 4121 ς
727 4061 845 4131 pluribus
863 4063 898 4181 iuq
899 4061 995 4170 ¹¹logrgis
1015 4061 1105 4112 breues
1119 4064 1239 4116 insolutis
1259 4061 1323 4115 AB
1386 4064 1490 4114 bunna
1507 4074 1532 4114 ea
1550 4066 1682 4129 quantitas

915 4141 927 4171 0

364 4201 433 4238 rauna
450 4197 490 4238 est
508 4185 606 4250 quaesita
626 4181 690 4235 AB
771 4183 787 4234 6
805 4182 904 4234 hahens
923 4185 1074 4253 erapolidion
1093 4185 1118 4236 A
1138 4183 1235 4235 habeus
1255 4199 1301 4236 seu
1319 4185 1390 4248 quod
1409 4183 1557 4252 eupolidlon
1576 4181 1603 4234 B

365 4258 386 4308 l*
398 4269 506 4308 uocatur
523 4253 549 4306 B
567 4263 695 4305 uocantur
711 4269 782 4306 corr.
800 4263 909 4304 uocatur
927 4253 953 4305 A
976 4269 1072 4306 teocam
1089 4268 1106 4311 ς
1175 4254 1192 4306 8
1210 4253 1351 4305 diliasete
1369 4255 1445 4304 ceteri
1464 4263 1482 4310 ς
1503 4252 1624 4305 defuncte
1641 4267 1681 4304 oe·

363 4326 414 4377 reri
432 4324 458 4377 B
476 4323 612 4376 destructae
624 4319 713 4386 cereri,
730 4323 779 4374 sed
795 4335 826 4371 ae
843 4323 870 4374 in
882 4325 960 4375 litura
973 4323 998 4374 A
1004 4340 1014 4375 .·
1036 4325 1071 4389 cs.
1084 4341 1112 4390 p.
1126 4325 1186 4388 115,
1201 4325 1237 4374 st
1289 4323 1320 4374 11
1339 4324 1463 4384 laecum,
1483 4339 1535 4390 psa
1550 4325 1683 4390 posterior

363 4409 453 4448 persua
470 4411 535 4461 perr
551 4393 664 4452 excidit,
686 4393 798 4444 indicaui
876 4393 908 4443 12
926 4407 1069 4461 anapaesto
1088 4393 1113 4444 A
1128 4393 1183 4448 Be
1272 4393 1304 4444 ts
1323 4403 1450 4449 nocente
1471 4407 1522 4443 una
1540 4405 1597 4442 curn
1617 4394 1642 4443 A
1655 4391 1681 4444 B

434 4466 466 4516 14
484 4457 691 4532 arrapaesticum]
712 4475 744 4512 ex
762 4472 931 4528 anapaestum
951 4463 976 4514 A
989 4462 1015 4515 B
1038 4479 1070 4514 ex
1089 4471 1232 4530 anapaesto
1252 4474 1277 4520 ς.
1302 4460 1419 4526 sortasse
1437 4461 1498 4520 item
1517 4475 1549 4512 ex
1567 4475 1681 4528 anapae-

364 4535 429 4586 stico
452 4533 562 4585 dimetro
584 4531 731 4584 catalectico
754 4531 910 4597 sapphicum
933 4531 1177 4599 hendecasyllabum
1266 4533 1297 4584 16
1320 4529 1415 4581 hedera
1432 4531 1482 4582 scit
1499 4529 1636 4581 maenades
1655 4528 1681 4580 B

434 4604 465 4655 16
484 4605 544 4654 item
563 4616 596 4654 ex
614 4599 771 4652 choriambis
789 4613 815 4650 et
831 4599 938 4667 dipodia
955 4602 1093 4654 iambicum
1112 4601 1137 4653 A
1153 4600 1206 4657 Bs
1290 4599 1321 4651 18
1340 4593 1435 4666 Lydia]
1454 4599 1491 4664 es.
1508 4599 1580 4652 nor.
1600 4615 1678 4651 emas.

364 4671 424 4735 18,
444 4675 459 4724 1
477 4689 504 4740 p.
517 4675 559 4736 86,
573 4674 607 4722 29
659 4672 694 4722 20
711 4669 814 4737 generis
832 4670 858 4722 A
911 4671 945 4722 26
963 4667 1100 4738 continuit]
1119 4670 1242 4722 conticuit
1260 4666 1324 4720 AB
1342 4669 1508 4724 concinuits
1560 4669 1593 4720 27
1611 4679 1681 4720 eata·

364 4739 453 4793 lectica
472 4744 510 4792 sic
528 4754 545 4798 ς
563 4739 725 4792 catalecticus.
752 4739 833 4791 sioA
858 4739 1011 4791 catalecticis
1030 4741 1068 4792 sio
1086 4740 1112 4791 B
1126 4741 1184 4791 Vol.
1212 4743 1340 4796 lacunam,
1364 4739 1574 4807 pua—exemplum
1591 4753 1681 4790 cerrus

364 4813 471 4870 excidit,
489 4811 607 4862 indicavi.
636 4826 702 4878 puae
720 4809 814 4861 deinde
831 4816 980 4877 sequuntur,
1000 4825 1032 4860 ex
1051 4810 1091 4860 his
1105 4807 1253 4860 Callimachi
1271 4807 1431 4858 brevissimis
1445 4807 1557 4867 derebus,
1576 4808 1613 4858 ad
1623 4823 1681 4859 oer-

363 4895 417 4930 rum
439 4897 475 4932 erc
495 4881 666 4946 prirereerateo
693 4885 720 4930 et
741 4878 907 4944 ithyphalliec
929 4886 1010 4932 metro
1033 4881 1197 4944 compositum
1218 4879 1353 4944 pertinere
1375 4877 1502 4932 videntur.
1536 4891 1594 4928 naua
1617 4877 1681 4930 laneo

366 4948 518 5002 Calliurccbo
536 4949 682 5002 tribuuntur·
700 4949 763 5001 Atii.
784 4947 890 5000 Fortun.
908 4965 935 5014 p.
955 4951 1034 5001 2672.
1054 4951 1123 4999 2676
