3858 5560
352 365 356 372 ,
721 313 770 366 nra
789 311 931 368 saurais
949 316 975 379 o,
993 281 1059 366 a)
1070 315 1101 366 aa
1509 310 1574 376 269

278 415 412 472 praseae
427 413 450 456 e.
1101 475 1106 486 1
1386 413 1546 468 passae.

684 503 774 570 sileae
798 503 972 568 laborantes
995 505 1138 588 geluque,

251 627 287 672 ex
312 609 450 672 trimetro
473 607 605 672 iambico
629 609 740 672 laetum
765 609 909 672 detractis
932 611 959 672 ei
983 608 1080 672 tribus
1102 608 1237 690 syllabis:
1262 609 1347 672 adice
1363 610 1443 670 enim
1461 608 1489 668 ei
1506 625 1573 670 rur·

250 732 302 775 sus
326 721 387 776 tres
410 711 549 794 syllabas,
574 713 603 776 id
629 723 676 776 est
697 703 880 794 semipedem
904 711 1028 794 longum
1053 722 1083 772 et
1106 711 1249 778 iambum.
1277 712 1327 774 iret
1350 713 1519 782 trimetros,

619 816 711 879 siluae
734 815 906 878 laborantes
928 813 1059 898 geluque
1082 815 1199 896 irigido.

222 938 359 984 arursus
382 921 508 984 detrabe
530 920 675 1004 syllabam
699 920 768 982 huic
792 919 858 981 colo
882 920 1027 990 ultimam,
1051 919 1103 982 liet
1156 923 1158 930 “

712 1021 804 1086 siluae
828 1021 1000 1085 laborantes
1022 1021 1108 1102 gelu.

251 1129 302 1208 qui
326 1138 372 1190 est
395 1129 511 1211 epodus
534 1147 570 1190 cx
595 1129 733 1191 trimetro
756 1144 811 1208 par
834 1124 893 1196 iili,

675 1230 772 1293 altas
795 1231 949 1292 maritat
972 1229 1147 1313 populos.

252 1355 320 1398 nam
344 1353 434 1416 quem
451 1335 487 1399 ad
504 1333 627 1398 moderna
650 1356 668 1396 a
689 1336 715 1396 si
739 1333 885 1396 adieceris
907 1333 987 1396 idern
1004 1351 1124 1401 tromen,
1149 1335 1208 1394 erit
1224 1331 1389 1412 premabilis
1406 1335 1571 1402 trimetros,

210 1461 238 1500 ao
618 1437 709 1501 siluae
733 1436 906 1500 laborantes
929 1435 999 1516 gelu
1023 1436 1203 1500 Simonides.

250 1553 390 1626 apaaartnm
414 1543 501 1607 coion
526 1552 572 1606 est

679 1645 802 1709 flumina
826 1645 1017 1708 constiterint
1039 1623 1137 1707 acuto.

252 1751 326 1814 haec
349 1749 483 1814 clausula
505 1748 594 1813 liuius
616 1749 757 1832 strophes
780 1751 855 1810 iacta
886 1759 933 1810 est
956 1767 992 1810 ex
1016 1757 1192 1812 tetrametro
1222 1747 1328 1828 epodo,
1357 1751 1445 1810 cuius
1467 1759 1588 1811 artetur.¹

251 1853 462 1918 drebiloebus.
507 1853 680 1937 exemplum
702 1852 816 1916 subieci
840 1851 844 1936 i

213 1980 238 2022 aa
552 1967 615 2020 aut
637 1956 827 2048 Ephesum
851 1955 1051 2019 himarIsve
1074 1952 1268 2017 Corinthi:

252 2080 311 2135 stc,

655 2162 780 2227 llumina
804 2164 996 2226 constiterint
1018 2170 1050 2224 et
1075 2170 1172 2224 acuto.

252 2287 320 2330 nam
336 2271 414 2332 sire
442 2269 656 2350 praeposueris
683 2266 760 2330 duos
789 2265 923 2350 dactylos
957 2264 1052 2349 pedes
1081 2266 1143 2328 sive
1171 2264 1350 2334 subiecere,
1382 2265 1573 2329 hexametrus

252 2370 363 2435 herous
386 2382 445 2434 est:
470 2371 650 2453 praepositis
672 2369 801 2454 pedibus
823 2373 876 2440 sic,

212 2505 239 2546 20
510 2473 768 2556 praecipitataque
792 2474 916 2537 flumina
939 2475 1134 2538 constiterint
1155 2482 1185 2534 et
1207 2482 1311 2544 acuto,

252 2579 395 2642 subiectis
417 2577 547 2659 pedihus
570 2580 624 2651 sic,

543 2681 665 2746 flumina
688 2683 880 2745 constiterint
903 2688 934 2743 et
956 2688 1044 2744 acuto
1068 2679 1191 2761 frigoris
1214 2683 1285 2744 ictu.

253 2787 305 2850 sed
328 2787 499 2850 detrahitur
522 2785 617 2870 epodo
640 2785 764 2869 syllaba,
787 2795 820 2848 ut
842 2786 893 2849 bat
915 2786 1099 2847 conveniens
1121 2783 1253 2848 clausula
1276 2786 1328 2856 sie,

568 2948 570 2954 ,
679 2890 804 2954 llumina
828 2889 1016 2952 constiterint
1039 2898 1137 2952 acute.

193 3019 239 3067 ,as
253 2993 436 3056 arebebuleo
459 3011 579 3076 quoque
603 3003 701 3057 metro
723 2996 748 3055 si
771 2993 941 3056 detraxeris
957 2993 1088 3074 primum
1108 2980 1225 3073 pedem.
1250 2993 1302 3072 qui
1325 3001 1371 3055 est
1393 3001 1573 3075 anapaestus

252 3107 302 3160 aut
322 3097 485 3179 spondeus,
516 3105 544 3158 et
568 3100 721 3180 proximas
743 3100 770 3158 ei
794 3097 868 3159 duas
890 3093 902 3180 ΙΙ
923 3093 1040 3166 breves,
1070 3093 1100 3156 id
1125 3104 1171 3157 est
1194 3094 1390 3177 semipedem,
1421 3097 1571 3180 reliquum

252 3203 312 3264 erit
335 3219 389 3283 par
411 3200 482 3264 huic
506 3199 669 3264 clausulae.
714 3203 759 3263 sie
781 3211 880 3262 autem
905 3197 1031 3269 divides,

523 3322 621 3384 neque
646 3301 746 3366 nubila
771 3322 826 3366 uec
849 3313 966 3366 veteres
990 3303 1141 3382 agitantur
1165 3304 1250 3365 orni:
1286 3331 1290 3337 ·

523 3425 591 3470 nec
612 3415 760 3471 veteres
781 3411 987 3484 operentur
1009 3409 1098 3468 orni
1145 3441 1150 3452 ·

185 3562 189 3568 .
215 3529 307 3594 aopar
331 3519 376 3573 est
399 3510 479 3579 huic.

279 3795 282 3800 -
320 3763 354 3813 25
372 3759 649 3832 ιτιὶιειιιιΙεοιᾳιιοιιιιε
667 3773 750 3811 metro
769 3756 841 3812 Mo'r.
864 3761 964 3812 Victor.
984 3763 1043 3822 tte,
1057 3763 1090 3812 18

320 3987 336 4038 2
355 3987 451 4036 tactum
470 3984 534 4036 AB
553 3997 592 4035 est
611 3997 627 4040 ς
647 3983 742 4035 lectrum
761 3993 800 4036 est
820 3985 984 4049 Gnissordiue
1036 3983 1157 4036 detractis
1176 3985 1199 4035 ei
1218 3985 1274 4042 ςΒ
1292 3985 1412 4037 detractis
1431 3987 1469 4038 eis
1489 3989 1513 4038 A

251 4055 392 4122 Siengam
410 4055 435 4106 A
451 4053 513 4110 Βς.
534 4055 651 4116 fortusse
671 4060 724 4104 tres
744 4051 867 4118 syllabas,
887 4055 992 4121 longana
1011 4055 1114 4104 breuem
1133 4065 1158 4104 et
1175 4053 1290 4121 loragnm,
1311 4055 1336 4106 id
1355 4067 1395 4106 est
1412 4057 1571 4122 seraripedem

251 4125 407 4176 stlembum
478 4119 621 4189 uirnerrns]
642 4124 687 4174 tibi
706 4137 803 4174 metros
821 4122 847 4174 B
921 4123 1071 4176 dalaimam
1090 4135 1107 4178 ς
1125 4123 1215 4174 ultimo
1233 4123 1298 4174 AB
1367 4120 1479 4193 Saitae]
1500 4127 1569 4178 Hor.

251 4195 328 4260 epod.
347 4195 375 4258 2,
389 4194 422 4244 10
492 4194 619 4255 esiacum
637 4209 711 4260 quam
729 4193 844 4243 indicaui
860 4194 897 4242 itn
913 4192 975 4256 sere
992 4194 1093 4243 uidetur
1109 4193 1256 4258 supplenda
1274 4208 1340 4255 esre,
1365 4209 1423 4243 narn
1441 4209 1518 4258 nerem
1537 4195 1570 4245 nd

250 4264 368 4327 medum,
392 4263 415 4312 ei
433 4260 560 4312 adieceris
579 4261 638 4313 huic
657 4261 815 4324 Simonides,
839 4262 981 4312 trimetrum
1000 4260 1151 4326 complebis,
1175 4263 1256 4312 ‘altas
1276 4263 1379 4312 mnritnt
1398 4264 1509 4328 populos
1530 4263 1571 4314 Si-

250 4328 392 4394 monides',
416 4331 451 4380 itn
475 4330 524 4390 ille,
548 4331 571 4381 si
593 4331 718 4382 adieceris
741 4330 809 4381 idem
833 4345 935 4390 irenaeo,
959 4333 1007 4380 erit
1030 4329 1173 4396 probabilis
1192 4332 1330 4394 trimetrus,
1354 4331 1435 4381 silvae
1452 4347 1509 4399 sqq.
1532 4334 1571 4397 ef.

252 4403 323 4453 Mar.
351 4401 452 4451 Victor.
476 4416 503 4465 p.
527 4403 589 4458 137,
607 4402 641 4449 20
730 4401 761 4450 te
784 4399 898 4466 gelatque
921 4399 1099 4454 simonidess·
1188 4402 1219 4451 ta
1236 4399 1353 4462 fortusse
1371 4415 1404 4450 ex
1424 4411 1570 4452 tetrametro

252 4471 345 4522 heroo:
365 4469 403 4534 es.
423 4467 495 4520 adar.
519 4467 619 4521 Victor.
637 4485 663 4534 p.
682 4470 790 4530 16⁶,28
861 4470 892 4519 lo
910 4467 993 4519 atati]
1016 4463 1119 4534 laesum]
1145 4467 1213 4519 Her.
1232 4484 1310 4518 onaan.
1329 4468 1346 4519 I
1366 4471 1421 4532 1,2
1492 4471 1524 4522 16
1543 4471 1571 4520 lit

252 4542 318 4590 euim
332 4541 462 4604 integrum
476 4538 522 4600 sic,
536 4538 655 4588 ‘humina
668 4537 830 4587 errnstiteriut
842 4539 875 4586 nb
887 4540 974 4587 aettte'
997 4483 1116 4602 focacius
1129 4533 1240 4602 Bassus]
1253 4539 1286 4588 de
1297 4545 1371 4588 rnen.
1387 4537 1454 4592 Hor.
1468 4555 1495 4603 p.
1510 4542 1570 4596 306.

252 4611 287 4660 26
349 4609 380 4660 tt
398 4607 572 4665 constiterunt
589 4619 614 4657 et
632 4617 707 4656 acute
726 4606 750 4655 A
765 4605 790 4655 B
808 4606 970 4656 ‹rorastiterint
988 4619 1098 4662 neuros
1155 4606 1189 4656 20
1207 4606 1428 4672 praecipitataque
1448 4607 1576 4670 Gnissor·'
1619 4601 1623 4610 '

252 4680 310 4728 aliua
331 4677 527 4744 praecipitnque
545 4675 639 4731 Alae
663 4675 866 4742 praecipitatque
885 4675 1020 4724 Ponenda
1106 4675 1269 4724 corretiterint
1291 4687 1366 4724 actito
1386 4677 1410 4725 A
1425 4675 1450 4725 B
1463 4687 1489 4734 ς,

252 4748 285 4796 'th
302 4747 464 4798 rorastiterint
482 4745 537 4801 ςΒ
555 4745 700 4796 eorrstiterit
717 4745 743 4795 A
813 4743 1016 4794 contenebratae
1036 4743 1061 4793 B
1078 4743 1225 4794 nrehihuleo
1246 4746 1270 4793 A
1289 4743 1461 4795 Archibulneo
1481 4758 1498 4801 ς

253 4814 286 4864 28
309 4832 354 4864 nec
377 4815 474 4880 (raeqrro
491 4812 529 4878 B)
553 4827 653 4884 creatores
675 4813 807 4880 agitantur
831 4815 886 4865 orni
907 4815 985 4864 semel
1006 4815 1128 4877 seriptum
1153 4821 1192 4863 est
1215 4815 1240 4862 in
1265 4811 1373 4869 aaa:
1395 4813 1464 4868 Hor.
1489 4832 1569 4869 carere.
1664 4864 1666 4872 ,

256 4881 311 4942 la,
331 4886 363 4934 12
