3904 5556
612 321 694 374 aaut
713 319 824 373 GRAM.
848 319 919 372 nin.
937 322 951 374 1
969 322 994 384 a,
1015 322 1044 372 ll
1064 346 1098 356 -
1118 321 1158 384 10,
1177 323 1193 372 3
1522 311 1563 384 ⁴ss

272 435 292 478 y.
306 423 365 466 elau.
379 424 406 464 aa
419 421 442 466 r.
1389 435 1410 477 1».
1425 423 1457 464 ae.
1471 425 1497 464 sa
1511 421 1536 468 o.

246 511 402 583 bacchius,
429 509 707 597 [amphibrachym]
738 513 884 574 creticus:
924 531 992 575 nam
1019 513 1128 576 domm
1158 511 1248 574 modo
1279 509 1412 575 sublatio
1440 510 1564 576 dimidio

246 615 312 699 plns
341 614 446 687 habet,
476 617 566 680 modo
595 618 714 700 positio.
765 625 796 677 et
824 616 855 678 ln
884 617 998 678 cretico
1027 635 1107 680 nunc
1134 615 1273 680 sublatio·
1293 614 1415 696 longam
1444 623 1474 677 et
1495 615 1562 680 bre·

246 739 311 784 rem
334 728 473 802 occupat,
496 722 608 802 positio
631 721 767 800 longam;
791 717 836 782 rel
859 727 963 782 conha
993 721 1102 802 positio
1131 720 1251 802 longam
1275 730 1304 783 et
1329 719 1463 790 brevem,
1494 719 1565 782 sub·

246 825 314 888 latio
349 843 440 888 unam
473 824 611 905 longam:
653 831 744 906 prout
778 820 889 904 syllaba
926 841 958 886 se
994 821 1156 895 obtulerit,
1192 825 1221 887 id
1256 825 1316 888 bet.
1368 827 1399 888 in
1433 822 1565 887 bacchiis

221 933 336 993 setiam
365 927 442 991 baec
470 928 577 992 divisio
607 938 662 991 est.
709 945 777 991 nam
812 925 958 990 bacchius
991 948 1008 991 a
1040 925 1124 988 brevi
1158 931 1307 1009 incipiens
1334 930 1365 991 in
1394 926 1565 991 sublatione

245 1052 365 1115 semper
395 1030 519 1095 brevem
548 1041 579 1096 et
606 1030 726 1112 longam
755 1033 882 1103 retinet,
912 1033 943 1093 in
973 1033 1126 1111 positione
1155 1030 1290 1112 longam:
1329 1030 1565 1114 palimbacchius

246 1146 343 1200 autem
367 1137 399 1200 in
421 1135 591 1200 sublatione
607 1135 743 1217 longam,
767 1137 797 1197 in
823 1136 971 1216 positione
985 1134 1107 1214 longam
1131 1142 1160 1196 et
1175 1133 1307 1208 brevem,
1332 1155 1371 1199 ne
1387 1135 1416 1200 iu
1433 1137 1565 1218 quadru-

246 1239 326 1324 plum
350 1242 429 1304 ratio
452 1251 624 1322 temporum
647 1237 862 1322 protendatur,
885 1241 910 1301 si
934 1237 1011 1300 duae
1034 1236 1142 1319 longae
1160 1239 1306 1303 adversus
1329 1259 1417 1304 unam
1442 1239 1564 1304 brevem

246 1343 433 1428 copulentur.
478 1363 536 1428 qua
559 1347 677 1408 ratione
698 1341 830 1425 sescupli
853 1351 883 1405 at
904 1360 1037 1424 paeones
1060 1341 1307 1406 continebuntur.
1340 1343 1465 1408 molossi
1488 1347 1565 1408 ratio

210 1467 341 1530 noeque
363 1447 490 1532 duplex:
521 1467 588 1512 uam
612 1447 692 1510 idem
716 1444 815 1510 valent
837 1447 897 1510 duo
926 1455 1032 1510 contra
1055 1451 1212 1529 quattuor,
1241 1450 1321 1511 sicut
1348 1457 1490 1530 quattuor
1513 1449 1565 1512 ad·

246 1571 364 1617 rcrsum
389 1552 464 1628 duo,
496 1561 529 1616 ut
552 1551 642 1615 modo
665 1549 794 1614 sublatio
819 1569 908 1615 unam
932 1549 1052 1632 longam
1076 1549 1199 1623 babeat,
1230 1552 1339 1632 positio
1363 1549 1453 1624 duas,
1482 1571 1565 1617 nuno

245 1657 354 1739 positio
376 1675 483 1728 unam,
513 1654 642 1719 sublatio
665 1655 741 1718 duas
768 1653 886 1736 leugas.
921 1654 1179 1736 amphibrachys.
1209 1656 1240 1717 iu
1264 1672 1323 1736 qno
1346 1655 1423 1718 duae
1447 1655 1564 1727 breves.

246 1759 342 1823 media
364 1759 454 1841 longa
478 1769 539 1832 est,
568 1762 600 1823 ln
624 1761 684 1824 arsi
706 1760 779 1831 tria,
808 1761 839 1822 in
864 1758 939 1821 thesi
963 1777 1056 1821 unum
1080 1764 1200 1838 tempus
1223 1761 1367 1843 accipiet,
1397 1779 1565 1843 rursusque

246 1865 319 1927 arsis
341 1881 453 1936 unum.
483 1861 576 1926 thesis
598 1865 654 1928 tria
683 1863 804 1927 sibimet
827 1862 1004 1936 vindicabit,
1035 1881 1096 1924 non
1119 1865 1222 1941 simpli
1241 1881 1299 1926 nec
1321 1863 1404 1962 dupli
1426 1883 1479 1928 seu
1503 1883 1565 1928 scs·

211 1966 340 2050 templi,
366 1969 453 2030 utin
476 1965 617 2050 reliquis,
640 1971 758 2031 ratione
774 1967 909 2038 diducta,
933 1968 1044 2049 quippe
1059 1984 1128 2029 cunr
1144 1964 1244 2030 tribus
1266 1967 1454 2050 temporibus
1470 1989 1565 2032 unum

245 2071 296 2149 rel?
316 2081 422 2134 contra
453 2089 545 2134 uuum
576 2071 672 2136 tribus
706 2071 937 2154 insequentibus
965 2087 1136 2152 repugnare
1164 2069 1315 2143 videatur,
1352 2071 1432 2134 unde
1467 2074 1566 2136 miuus

245 2184 331 2257 aptus
355 2191 410 2256 pes
432 2175 607 2248 in'metrls,
637 2177 761 2240 musicis
790 2183 890 2238 autem
918 2181 1140 2238 consentaneus
1164 2180 1351 2239 aestimatur.
1399 2174 1567 2240 namlioet

246 2281 343 2344 minor
373 2289 547 2361 temporum
576 2283 674 2361 spatio
703 2281 757 2350 sit,
789 2279 955 2360 respondet
984 2285 1084 2341 tameo
1114 2279 1239 2359 imagini
1268 2279 1455 2362 hipplorum‚
1489 2297 1565 2360 quos

216 2393 218 2400 ’
247 2384 382 2466 epitritos
405 2401 562 2456 vocamus,
593 2385 644 2466 qui
673 2391 743 2446 sunt
768 2381 983 2464 heptachroni‚
1011 2381 1041 2444 id
1072 2389 1119 2444 est
1141 2401 1178 2444 ex
1208 2401 1267 2446 uua
1295 2382 1380 2445 brevi
1409 2391 1438 2446 et
1468 2382 1567 2447 tribus

189 2505 235 2545 -so
248 2486 355 2568 longis.
402 2505 501 2569 neque
524 2489 606 2550 enim
628 2485 812 2570 syllabarum
834 2475 978 2558 numero,
1002 2486 1055 2549 sed
1077 2487 1194 2549 ratione
1210 2494 1382 2568 temporum
1399 2488 1476 2551 arsis
1500 2486 1565 2550 the·

246 2591 342 2675 nsque
366 2588 551 2675 pensatumll
577 2591 583 2676 Ι

776 2779 826 2846 DE
849 2780 1037 2846 uflittiltu

331 2902 434 2982 Exigit
467 2901 552 2967 locus
581 2911 611 2966 et
644 2912 816 2984 temporum
850 2905 930 2965 inter
964 2923 997 2966 se
1025 2905 1121 2966 noina
1152 2904 1291 2983 cognatio
1314 2911 1361 2973 ut,
1390 2905 1565 2986 priusquam

249 3008 354 3091 pedum
372 3007 607 3090 disputationem
624 3006 798 3088 adgrediar,
824 3006 861 3069 de
884 3007 1015 3088 rhythmi
1038 3005 1214 3070 condicione
1230 3025 1325 3088 pauca
1342 3007 1456 3070 dicam:
1482 3007 1567 3072 cuius

210 3114 329 3193 mongo
353 3113 391 3174 dc
414 3113 474 3175 orsi
498 3121 528 3174 et
549 3110 629 3174 thesi
652 3129 774 3173 manare
797 3108 977 3174 dinoscitur.
1022 3129 1092 3174 nam
1115 3109 1273 3194 rhythmus
1296 3121 1341 3173 est
1364 3112 1473 3194 pedum
1490 3121 1566 3176 tem·

248 3233 415 3298 porumque
438 3217 577 3279 iunctura
601 3213 686 3278 velox
709 3215 801 3277 divisa
825 3216 856 3277 in
879 3216 959 3277 arsin
984 3223 1013 3277 et
1030 3213 1128 3277 thesin
1151 3213 1197 3277 vel
1213 3223 1333 3298 tempus
1358 3234 1418 3297 quo
1434 3213 1566 3298 syllabas

249 3321 397 3383 medmur.
440 3317 531 3383 latine
562 3303 709 3382 uumerus
738 3317 865 3389 dicitur,
895 3329 929 3382 ut
950 3315 1100 3399 Vergilius
1129 3321 1326 3382 ‘numeros
1354 3319 1505 3381 memini
1535 3322 1565 3381 si

248 3442 272 3485 r.
305 3425 353 3485 t.'.
409 3421 511 3486 diliert
550 3431 649 3486 autem
689 3422 847 3504 rhythmus
888 3442 904 3486 a
940 3431 1053 3494 metro,
1094 3422 1174 3504 quod
1213 3431 1342 3486 metrum
1384 3423 1414 3484 iu
1448 3421 1564 3495 uerbis,

248 3505 403 3609 rhythmus
442 3528 474 3589 iu
519 3527 726 3591 modulatione
761 3543 796 3590 ac
836 3537 918 3589 motu
956 3528 1095 3610 corporis
1136 3527 1190 3598 sit;
1236 3535 1266 3588 et
1309 3525 1388 3607 quod
1433 3535 1564 3590 metrum

312 3737 346 3786 28
364 3733 452 3785 differt
470 3745 555 3787 autem
574 3733 710 3800 rhythmus
728 3761 763 3773 -
780 3735 853 3794 tna
872 3703 1008 3786 contrabat
1022 3733 1118 3800 srcpm.
1139 3733 1259 3788 Andros.
1273 3737 1333 3800 266,
1355 3737 1440 3786 9-15
1453 3735 1563 3802 Leonis,

247 3805 313 3871 prol.
331 3805 479 3871 Hephaest.
497 3807 541 3867 84,
561 3807 647 3857 o-tt
665 3807 706 3857 ed.
731 3805 854 3871 Wectph.
871 3805 954 3857 Diem.
974 3807 1035 3866 474,
1055 3806 1123 3856 4-8
1377 3815 1380 3822 ’

248 3977 356 4108 ἐνιρξυ
378 3971 434 4040 οὖν
458 3983 497 4073 cpi
516 3979 741 4108 κρητὸιξῷθιέιατᾶ
760 3981 857 4067 oys'crr
881 3987 939 4064 “l“
961 3977 1075 4108 piguisse
1084 3977 1142 4109 flael
1161 3981 1216 4106 lm
1234 3976 1252 4069 {l
1273 3975 1360 4070 &perp
1378 3977 1432 4052 τὴν
1450 3979 1567 4092 penante

247 4055 531 4193 liclllllillillt
546 4070 1036 4194 t.‘...itttttttti‘tdzc
1052 4069 1322 4192 elimati
1340 4069 1495 4191 “sistit
1510 4071 1567 4174 tt.

249 4211 305 4261 gam
323 4207 348 4246 et
366 4197 480 4258 brevem,
499 4195 611 4246 sublatio
630 4209 709 4246 unam
728 4195 833 4261 longam
850 4196 1011 4261 pluuenaotts
1028 4197 1085 4247 loco
1103 4193 1230 4256 habenda,
1253 4197 1355 4262 reliqua
1372 4197 1411 4245 rio
1428 4193 1568 4246 scribenda

248 4279 301 4316 erae
318 4265 428 4317 coniecit
446 4263 547 4316 Caesar
564 4268 582 4316 l.
596 4281 618 4315 c.
632 4281 658 4329 p.
675 4266 734 4326 276,
755 4263 796 4314 vel
814 4275 912 4324 contra,
931 4273 1009 4330 prout
1026 4262 1127 4328 syllobs
1149 4263 1186 4330 (b.
1206 4282 1228 4316 e.
1248 4264 1332 4315 medio
1349 4262 1445 4326 brevis)
1468 4277 1497 4313 se
1522 4262 1567 4312 ob·

249 4333 338 4394 tulerit,
363 4333 390 4384 id
409 4333 463 4385 liet.
533 4339 551 4386 t
569 4344 699 4401 prout-
718 4327 773 4400 llet]
792 4334 908 4396 fortusse
927 4343 1005 4400 prout
1019 4331 1134 4398 syllabae
1147 4350 1175 4384 se
1188 4333 1335 4392 obtulerint,
1355 4335 1390 4382 ion
1409 4333 1453 4381 liet
1470 4331 1566 4383 dlrislo

311 4405 338 4454 iu
360 4401 469 4454 bacchis
492 4401 553 4453 ΑΒ
627 4403 643 4454 5
665 4417 724 4453 uam
747 4402 859 4454 bacchus
880 4404 903 4456 a
928 4416 987 4452 iram
1006 4401 1104 4454 bacilus
1122 4401 1149 4453 B
1218 4405 1233 4454 i
1256 4405 1283 4452 in
1306 4401 1439 4469 positione
1461 4401 1566 4467 longam

248 4499 390 4562 posteriore
408 4501 467 4550 loco
484 4513 531 4550 om.
544 4499 572 4550 A
584 4511 609 4559 ς,
628 4499 691 4550 odd.
704 4497 731 4547 B
748 4498 776 4548 in
793 4513 875 4564 uturp.
947 4499 963 4550 9
981 4497 1180 4548 continebuntur
1197 4495 1252 4554 sB
1275 4468 1439 4546 eontinle'ltnr
1457 4495 1482 4546 Α
1505 4509 1568 4546 corr-

249 4567 390 4618 tinebsntur
407 4568 468 4619 Vol.
543 4567 638 4619 melosi
658 4565 721 4618 AB
793 4568 826 4618 14
843 4579 897 4617 uon
916 4565 1003 4629 simpli
1023 4581 1073 4616 non
1093 4565 1166 4634 dupli
1185 4581 1231 4617 seu
1250 4563 1363 4632 sescupli
1383 4563 1523 4615 Santonico
1541 4566 1567 4615 in

253 4633 351 4690 Terent.
370 4637 460 4690 Maur.
472 4651 498 4702 p.
511 4639 546 4688 92
565 4651 617 4688 uon
636 4635 709 4703 dupli
726 4651 773 4686 seu
786 4635 898 4704 sescupli
919 4635 980 4687 AB
993 4647 1022 4692 ςε
1042 4636 1077 4698 cs.
1096 4635 1198 4688 Terent.
1215 4639 1284 4686 mi
1356 4634 1387 4683 ro
1406 4633 1445 4683 vel
1464 4629 1566 4702 contra]

250 4715 272 4754 et
288 4719 376 4757 contra
396 4705 488 4764 Alte
567 4705 704 4758 uideantur
722 4703 813 4760 Alis·
889 4707 921 4757 19
940 4719 973 4756 ex
992 4702 1054 4770 una]
1077 4707 1193 4772 epi-ime
1210 4701 1300 4760 Aac
1376 4705 1409 4755 20
1433 4704 1500 4753 enim
1519 4717 1566 4754 oen.

251 4774 479 4838 A‚odd.uVut.
551 4777 585 4828 23
609 4772 895 4841 ExigitBsExitA
965 4771 1418 4840 ilderythmisssderythiA
1488 4773 1567 4822 ‘ibin

250 4843 298 4894 ersi
316 4855 340 4895 et
358 4845 426 4896 thesi
446 4847 471 4896 Α
482 4844 537 4903 Βς
606 4846 639 4896 et
658 4839 790 4912 innumeros]
815 4843 894 4908 Verp.
913 4843 995 4898 bucam
1012 4847 1037 4909 9,
1052 4849 1085 4895 tc
1156 4840 1259 4894 memini
1279 4843 1302 4892 si
1322 4857 1346 4896 u.
1366 4853 1383 4896 t.
1402 4839 1428 4893 B
1447 4842 1567 4892 meminis

254 4923 303 4963 .ut.
326 4915 351 4966 Δ
421 4916 456 4967 29
474 4915 594 4982 corporis
612 4916 647 4964 sit
664 4913 720 4974 ςΒ
738 4913 856 4981 corporis
875 4911 904 4964 lit
923 4915 947 4966 A
