3858 5560
377 287 442 354 260
507 286 511 294 '
740 286 1352 360 caesnansm[nr1c.roarvuaa.]

404 404 426 445 p.
440 391 499 434 eoae.
516 393 541 434 ae
556 389 580 436 a.
1506 403 1528 446 p.
1540 393 1587 437 aar.
1603 393 1628 434 as
1642 391 1668 436 u.

379 480 436 542 hoc
458 483 557 562 ipsum
581 479 949 560 imnrinuondopaulatim
974 481 1029 542 tria
1054 481 1128 545 haec
1152 491 1248 544 metra
1271 499 1348 562 quae
1371 480 1471 542 rettuli
1492 481 1696 542 manifestiora

379 583 504 656 faciam,-

601 699 603 707 ’
691 695 723 750 tu
746 705 785 749 ne
807 687 975 770 qaracsieris
998 707 1087 768 qrtem
1112 690 1186 754 milri
1209 708 1297 774 quaem
1321 687 1392 752 tibi:

378 791 435 854 hoc
459 809 512 872 par
536 799 581 853 est
602 789 662 862 illi,

773 895 932 958 Maecenas
954 898 1048 960 atauo
1071 897 1152 960 edite
1174 897 1308 977 regibus.

378 997 505 1061 alterum
520 997 685 1061 detraham
710 997 931 1072 choriambum,
955 1001 1006 1062 llet

849 1111 880 1164 ιιι
903 1121 942 1166 ne
965 1105 1130 1185 quaesieris
1153 1103 1222 1168 tibi:

378 1207 435 1269 hoc
459 1225 514 1287 par
538 1213 583 1269 est
607 1205 665 1276 illi,

857 1312 1029 1374 intermissa
1052 1309 1152 1376 Venus
1174 1311 1225 1374 dio

378 1423 407 1476 el
724 1473 727 1478 ,
922 1403 932 1430 ⁰
1712 1439 1736 1478 ιιι

848 1526 949 1580 castae
971 1517 1107 1581 Pierides
1129 1537 1224 1582 meae.

465 1617 506 1682 ue
535 1622 658 1702 priapeo
687 1630 794 1685 metro.
847 1621 891 1684 Ex
926 1622 982 1683 hae
1010 1621 1155 1685 divisione
1190 1631 1220 1684 et
1248 1624 1391 1704 priapeus
1420 1623 1554 1686 nascitur
1582 1639 1696 1692 versus,
1800 1675 1803 1680 .

377 1726 465 1787 cuius
488 1723 659 1807 exemplum
683 1726 760 1806 apud
786 1724 935 1788 Catullum

553 1827 652 1891 hunc
675 1827 796 1892 lucum
821 1829 892 1892 tihi
917 1829 1050 1891 dedica
1073 1849 1352 1912 consecroque,
1377 1829 1525 1912 Priape.

378 1949 447 1994 nana
471 1950 539 1994 curn
564 1932 593 1993 in
617 1933 677 1994 dno
700 1943 848 1995 commata
872 1933 920 1994 hic
944 1951 1048 1995 versos
1071 1933 1230 2004 dividatur,
1253 1936 1396 2016 superius
1414 1951 1531 1996 comma
1548 1942 1615 1995 octo
1639 1931 1696 2015 spl-
1711 1955 1734 1995 aa

378 2035 513 2098 labarum
543 2035 609 2104 erit,
640 2053 769 2118 sequens
798 2046 914 2118 septem
938 2035 1092 2100 alerninuta
1115 2039 1282 2119 superioris
1305 2041 1463 2101 commatis
1490 2045 1585 2118 parte,
1617 2037 1698 2100 atsi

378 2138 470 2202 iacias

593 2299 595 2303 ,
639 2251 735 2305 mater
758 2262 846 2306 saera
869 2242 1050 2325 Cupidinum
1073 2253 1169 2306 mater
1192 2261 1278 2306 saeva
1303 2244 1428 2324 Cupido.

377 2363 430 2425 sed
454 2363 529 2425 adeo
553 2372 632 2425 totus
655 2363 704 2427 hic
726 2361 763 2426 'ex
788 2363 882 2426 heroo
905 2366 986 2438 venit
1008 2363 1192 2434 hexametro,
1216 2373 1249 2426 ut
1272 2374 1301 2426 et
1323 2365 1401 2446 apud
1425 2364 1589 2427 Homerum
1613 2363 1696 2426 nullo

377 2468 533 2530 immutato
556 2466 647 2529 verbo
671 2465 843 2547 complures
861 2468 1053 2530 inveniantur
1075 2469 1191 2551 priapei
1214 2477 1246 2530 et
1268 2468 1346 2551 apud
1363 2467 1530 2549 Virgilium,
1554 2465 1694 2551 quoruml
1708 2490 1734 2531 sa

378 2588 470 2632 unum
494 2571 524 2632 in
549 2573 718 2651 praesentia
743 2573 908 2654 posuimus,
937 2573 989 2654 qui
1014 2569 1092 2633 lorte
1115 2574 1276 2642 succurrit,
1306 2571 1397 2634 credo
1421 2581 1451 2634 et
1473 2568 1546 2634 alios
1569 2571 1697 2632 inveniri

377 2693 465 2755 possa
489 2673 678 2755 complures,

567 2795 626 2857 cui
651 2812 722 2856 non
746 2795 870 2859 dictus
891 2795 1004 2876 Hylas
1028 2791 1122 2878 p'oer
1145 2805 1179 2858 at
1202 2795 1360 2858 Latonia
1385 2793 1505 2858 Delos

376 2915 456 2998 quod
480 2927 606 2998 apparet
628 2917 670 2980 ita
693 2935 769 2988 esse,
799 2901 1012 2998 qnoniam'ua
1041 2917 1132 2980 liuius
1156 2935 1259 2980 versus
1288 2918 1381 2997 exigit
1410 2926 1525 2988 natura,
1556 2924 1589 2978 ut
1619 2917 1695 2977 inter

377 3018 435 3082 doo
459 3028 606 3082 commata
635 3021 772 3099 exiguam
796 3020 1019 3101 pronuntianda
1047 3023 1225 3102 interponas
1248 3013 1373 3081 moram.
1420 3037 1488 3083 nam
1512 3017 1523 3103 ΙΙ
1547 3019 1613 3081 ‘cui
1637 3037 1694 3081 non
1709 3039 1734 3077 eo

377 3123 475 3187 «lictus
490 3121 579 3204 llplas
597 3125 689 3206 puer'
716 3143 769 3204 par
791 3133 835 3186 est
854 3123 934 3196 huic,
959 3123 1056 3186 ‘haine
1081 3122 1180 3187 lucum
1204 3122 1259 3186 tibi
1283 3122 1419 3194 dedleo’,
1449 3141 1579 3206 sequens
1595 3133 1695 3185 autem

378 3245 493 3290 comma
519 3229 567 3288 ‘et
583 3226 705 3289 Latonia
723 3224 827 3290 [lelos'
853 3227 931 3296 huic,
957 3229 1182 3308 ‘consecroqoe
1204 3225 1341 3310 Priapa’.
1380 3245 1441 3290 non
1464 3229 1572 3308 ignora
1595 3236 1695 3289 autem
1787 3293 1790 3298 ,

377 3331 485 3393 variari
508 3331 621 3411 primas
638 3340 667 3391 et
682 3329 828 3392 secundas
844 3329 973 3410 syllabas
989 3331 1148 3409 utriusque
1164 3331 1192 3391 in
1210 3331 1334 3413 priapeo
1357 3334 1525 3403 commatis
1550 3340 1583 3394 ut
1606 3331 1696 3394 modo

378 3431 415 3494 ab
439 3422 538 3496 iambo
563 3435 696 3514 incipiat,
721 3432 810 3495 modo
834 3452 850 3494 a
873 3434 1025 3506 trochaeo,
1050 3442 1202 3515 tamquam

626 3553 706 3616 barac
729 3553 827 3616 lucum
854 3553 907 3616 tibi
933 3554 1039 3636 ¹dedico
1061 3573 1278 3635 consecroque,
1303 3556 1420 3639 Priape,
1643 3527 1649 3540 ι
1710 3587 1735 3629 35

625 3657 723 3720 libens
746 3657 804 3718 hoc
827 3657 881 3719 tibi
906 3657 1024 3728 dedico,
1049 3657 1156 3731 libens,
1180 3668 1283 3721 sancte
1305 3658 1423 3742 Priape.
1515 3651 1521 3662 ’

378 3799 445 3843 nam
464 3789 494 3840 et
510 3777 786 3860 hendecasyllabos,
812 3797 901 3860 quem
919 3769 1272 3859 pisanecium'vocamus,
1297 3780 1376 3862 apud
1399 3782 1538 3862 antiquos
1554 3790 1695 3844 auctores

378 3884 483 3948 codem
508 3882 597 3946 modo
621 3881 736 3944 solebat
751 3883 887 3964 incipere
910 3881 983 3945 alias
1006 3901 1021 3944 a
1046 3883 1191 3965 spondeo,
1216 3885 1289 3946 alias
1308 3884 1344 3946 ab
1361 3883 1470 3956 iambo,
1495 3885 1569 3947 alias
1591 3903 1606 3945 a
1631 3894 1693 3946 tro·

320 4007 323 4012 ’
376 3989 483 4058 abaco,
509 3995 541 4048 ut
563 3985 642 4066 apud
665 3982 812 4048 Catullum
837 3983 1135 4070 [hendecasyllabos]
1161 4007 1176 4048 a
1200 3987 1336 4068 spondeo

307 4189 308 4192 Ἴ
714 4123 846 4186 passer
874 4103 1038 4168 deliciae
1061 4125 1162 4170 meac
1185 4108 1353 4190 puellae,

375 4231 391 4273 a
416 4211 559 4274 trochaeo

378 4366 582 4377 w·—

444 4444 523 4496 autu
541 4461 554 4489 e
573 4453 598 4494 et
615 4455 736 4499 castaes
808 4445 839 4492 14
858 4442 926 4494 hunc
944 4442 1029 4492 lneom
1050 4443 1140 4494 Catali.
1162 4447 1232 4504 tut
1302 4457 1426 4494 consecro
1445 4441 1625 4507 dedicoqoes

377 4517 407 4566 15
427 4515 466 4564 hic
485 4529 577 4564 auersus
597 4511 651 4569 ςΒ
676 4527 767 4562 arcanos
786 4511 827 4562 hic
846 4515 870 4564 A
926 4513 957 4563 to
976 4514 1024 4563 erit
1041 4509 1165 4578 sequeus]
1191 4527 1215 4563 et
1233 4515 1373 4576 insequens
1393 4509 1486 4567 Aue
1546 4513 1578 4562 18
1599 4511 1691 4580 canter]

377 4585 444 4635 Hor.
463 4599 541 4634 eorm.
561 4583 578 4634 I
597 4585 666 4644 19‚1
741 4583 772 4632 21
792 4580 857 4632 alios
877 4595 893 4638 ς
909 4586 930 4632 Α
950 4581 1001 4632 alio
1020 4581 1045 4631 B
1058 4585 1116 4634 cod.
1131 4583 1215 4647 Neap.
1281 4584 1314 4633 ιιι
1332 4575 1385 4646 cari]
1410 4581 1489 4646 Verp.
1500 4597 1591 4646 peorp.
1610 4581 1693 4632 1110

427 4654 460 4704 28
478 4653 613 4702 commotis
629 4651 933 4714 Gaiefordr'urcommate
947 4653 971 4702 Α
985 4649 1011 4699 Β
1023 4664 1040 4708 ς
1092 4655 1126 4703 30
1145 4649 1449 4716 fortussehuncloeum.
1476 4652 1526 4700 sed
1536 4652 1693 4714 potiuspoat

375 4725 481 4772 ‹alter-um
494 4737 593 4772 uersam
605 4723 748 4786 exemplam
760 4723 866 4785 prinpei
883 4739 899 4770 a
917 4721 1035 4772 trochaei
1051 4722 1198 4784 incipientis
1216 4721 1347 4771 excidisse
1359 4719 1460 4768 uidetur
1517 4734 1694 4782 consecraqne

376 4789 467 4856 Priape
487 4809 498 4834 ι
518 4789 599 4838 libens
619 4801 635 4843 ς
704 4791 735 4840 at
756 4789 838 4838 libens
858 4817 889 4826 -
910 4789 1002 4856 Priape
1020 4807 1068 4840 om.
1084 4791 1116 4850 ll,
1136 4791 1198 4845 add.
1213 4791 1267 4843 Ας
1324 4789 1357 4839 33
1376 4787 1407 4836 ab
1427 4787 1513 4836 iambo
1534 4788 1558 4838 A
1577 4789 1609 4836 nh
1629 4789 1693 4838 inm-

376 4859 432 4906 hieo
451 4857 506 4914 §B
576 4861 608 4908 :ll
627 4857 855 4922 treoderespttaons
875 4885 905 4895 -
927 4873 940 4907 a
959 4859 1080 4910 trochaeo
1099 4871 1177 4913 oens
1247 4851 1616 4922 supramemoratae
