3888 5550
433 329 498 395 458
612 353 615 360 ·
717 323 822 394 usian
844 343 967 393 suoru
993 328 1044 412 [u.
1070 329 1233 413 aaaron]
1259 307 1481 394 saeeeoorrs

446 444 469 483 p.
485 431 553 474 adv.
1035 459 1042 464 .

432 521 523 582 ‘ilar
540 539 581 582 oo
606 519 748 603 Lepido
773 537 854 580 oum
880 516 887 600 Ι
912 518 1089 580 omatibus
1112 520 1233 598 copiis
1256 515 1366 581 ltalia
1389 516 1502 599 pulso
1535 518 1704 598 segnior'
1728 525 1759 577 et

431 630 543 684 cetera.
583 621 631 683 lrio
647 625 743 690 enitar,
767 623 793 684 si
815 624 932 701 integra
949 631 1031 684 esset
1054 623 1165 691 oratio,
1189 623 1233 682 sic
1256 622 1431 703 posuisset,
1445 622 1640 700 ‘quamquam
1657 621 1757 683 llarco

430 723 636 805 Lepidorum
661 723 800 786 omuibus
824 727 918 805 copiis
940 723 1023 786 ltalia
1049 725 1137 805 pulso
1161 734 1261 786 tamen
1285 723 1459 803 segnior’.-·
1491 793 1494 800 .

521 844 563 908 lle
585 843 762 928 anadiplosi.
808 843 999 926 anadiplosis
1022 853 1082 916 est,
1108 864 1177 908 cum
1194 845 1332 907 ultimum
1358 842 1483 906 uerbum
1500 838 1640 906 dictionis
1660 863 1755 923 prae-

428 949 564 1012 cedentis
591 952 624 1010 a'a
651 951 807 1029 sequentis
831 949 980 1030 principio
1002 950 1143 1018 iteratur,
1174 941 1207 1010 ut
1238 949 1441 1029 ‘sequitur
1463 945 1778 1028 pulcherrimuss

370 1057 374 1066 '
428 1052 991 1142 ristundsturequolidens’.
1799 1044 1804 1050 ’

515 1171 559 1234 lle
582 1155 744 1254 anaphora.
791 1171 951 1254 Anapbora
975 1180 1035 1242 est,
1059 1173 1219 1235 cumidem
1237 1171 1362 1235 verbum
1386 1175 1417 1234 in
1440 1173 1592 1253 principio
1615 1181 1676 1234 tarn
1692 1174 1751 1252 pri·

430 1293 500 1337 mae
524 1295 613 1357 quam
638 1265 788 1338 secundae
811 1277 937 1356 ponitur
960 1275 1116 1347 dictionis,
1143 1285 1176 1338 ut

584 1388 685 1449 nate,
710 1397 813 1440 meae
838 1381 951 1450 vires,
976 1399 1056 1442 mea
1081 1397 1211 1459 magua
1235 1381 1411 1461 potentia
1434 1376 1559 1448 solus,

508 1545 513 1552 ,
583 1491 687 1554 nate,
711 1483 834 1565 patris
857 1485 989 1544 summi
1011 1485 1075 1564 qui
1099 1481 1172 1544 tela
1196 1481 1372 1563 Typhoea
1396 1485 1544 1544 temnis
1764 1495 1789 1535 ¹0

435 1661 443 1667 .
517 1603 560 1664 lle
584 1600 801 1683 epanalempsi.
847 1600 1075 1683 Epanalempsis
1103 1604 1135 1664 lit
1158 1603 1217 1665 hoe
1240 1603 1345 1665 modo:
1375 1602 1456 1664 idem
1481 1601 1606 1664 verbum
1630 1602 1751 1682 ponitur

427 1709 461 1767 ln
481 1703 632 1776 clausula,
647 1705 726 1786 quod
751 1709 782 1767 in
806 1707 955 1786 principio
980 1705 1135 1777 dictionis,
1161 1716 1194 1767 ut
1215 1707 1360 1786 ‘pater,
1385 1709 1554 1788 inquam,
1585 1704 1751 1783 ltospitis

428 1826 481 1878 me
506 1807 649 1870 lumine
673 1806 839 1879 orbavit,
863 1807 998 1889 pate'r’.
1023 1829 1025 1835 ·

464 2001 467 2010 ,
513 1929 556 1990 lle
580 1929 728 2010 epizeuxi.
774 1927 933 2009 Epizeuxis
956 1937 1002 1990 est
1025 1923 1160 1992 eiusdem
1178 1929 1262 1991 verbi
1285 1931 1428 2011 repetitio
1452 1947 1520 1990 eum
1544 1931 1658 2011 impetu
1681 1947 1749 2009 pro-

358 2085 360 2092 ,
427 2017 642 2112 nuntiationis,
668 2041 700 2094 ut
927 2023 936 2031 “
1202 2055 1207 2063 ·
1502 2058 1505 2063 ·
1611 2066 1614 2072 ·
1761 2041 1785 2082 1⁵

581 2153 635 2196 me
659 2154 712 2197 me
736 2116 898 2215 (adsum.
923 2139 985 2216 qui
1009 2129 1118 2215 ieci),
1141 2139 1178 2198 iu
1202 2155 1256 2200 me
1279 2139 1501 2199 convertite
1524 2137 1683 2205 terrum,

521 2296 530 2306 ,
582 2235 766 2300 ollutuli.

499 2358 556 2422 lie
586 2361 806 2440 paronomasia.
854 2341 1068 2422 Paronomasia
1098 2369 1159 2431 est,
1189 2378 1257 2421 cum
1288 2361 1416 2423 iteratur
1446 2361 1538 2422 dictio
1568 2361 1674 2421 litteris
1703 2357 1747 2420 vel
1776 2355 1778 2360 '

415 2461 548 2552 ‘syllabis
571 2463 746 2526 demutatis:
771 2463 893 2531 litteris,
918 2472 951 2524 ut
1050 2491 1055 2498 ·

581 2584 661 2628 nam
684 2568 858 2647 inceptio
883 2575 940 2627 est
962 2567 1184 2637 amentium,
1209 2565 1305 2627 haud
1329 2567 1554 2629 amantium:
1758 2573 1781 2612 ²⁰

424 2667 563 2750 syllabis,
594 2679 627 2731 ut
649 2669 756 2732 Cicero
785 2670 885 2730 ‘nam
915 2671 977 2748 qui
1008 2687 1107 2730 aune
1137 2678 1193 2730 est
1223 2669 1327 2731 loeus
1350 2669 1650 2738 disertissimus,
1675 2655 1746 2730 erit

425 2771 532 2832 loous
555 2771 883 2842 desertissimus';
909 2771 1032 2852 syllabis
1047 2771 1169 2854 quidem
1193 2774 1250 2840 sio,
1276 2789 1344 2832 nam
1374 2772 1454 2852 quod
1476 2789 1567 2850 supra
1590 2773 1646 2833 luit
1668 2773 1744 2836 ‘est'.

424 2875 525 2962 posuit
553 2882 655 2956 postea
679 2876 772 2944 ‘erit',
800 2877 926 2938 mutarit
954 2873 1098 2955 syllabam
1129 2873 1238 2936 litteris
1268 2892 1338 2935 vero
1365 2876 1420 2948 sie,
1448 2893 1517 2936 uam
1546 2875 1626 2954 qood
1654 2891 1744 2954 supra

430 2978 671 3040 ‘disertissimus’
693 2977 771 3050 suit,
791 2988 899 3056 postea
923 2979 1171 3039 ‘desertissimas’
1196 2970 1309 3056 posuit,
1335 2977 1450 3039 litteras
1473 2977 1675 3038 consalutauit.

511 3097 553 3158 lle
575 3097 673 3160 scb'esi
697 3107 869 3160 onomaton.
916 3099 1038 3160 Sciresis
1061 3107 1223 3188 onoaraton
1248 3107 1307 3166 est,
1332 3114 1399 3158 eum
1423 3097 1548 3176 singulis
1572 3097 1775 3158 nominibusu

426 3197 557 3282 epitheta
581 3203 762 3280 iunguntur,
786 3210 819 3261 ut

846 3313 882 3365 et
903 3303 1120 3366 malesuada
1144 3306 1263 3366 tames
1287 3313 1322 3364 et
1346 3305 1469 3384 turpis
1493 3313 1644 3382 egestas

581 3405 856 3487 pallentesque
879 3407 1058 3468 habitant
1082 3407 1203 3469 rnorbi
1227 3407 1431 3486 tristisque
1454 3414 1644 3468 serreotns.

511 3511 553 3574 De
577 3511 771 3592 paritomoeo.
819 3509 1038 3572 l‘arltomoeon.
1058 3521 1118 3582 est,
1155 3528 1223 3572 eum
1255 3510 1416 3588 multorum
1453 3507 1615 3571 teritorum
1645 3511 1739 3571 direr-

426 3705 627 3716 ——-—·-—.

494 3812 504 3857 1
528 3809 612 3858 blame
637 3805 750 3875 Lepido]
775 3807 901 3860 Vtetur-iu.
927 3810 952 3858 t'a
982 3803 1037 3860 Cio.
1062 3809 1126 3862 rlret.
1148 3807 1164 3858 I
1184 3812 1217 3856 tu
1234 3825 1262 3872 p.
1282 3810 1341 3858 205.
1367 3810 1400 3856 29
1423 3809 1462 3859 erl.
1484 3807 1562 3856 Halm
1588 3805 1618 3856 ll.
1645 3807 1737 3872 Lepido

423 3908 481 3942 eum
502 3893 622 3943 onrrtilms
644 3895 728 3962 copiis
747 3894 818 3943 ltalia
845 3893 919 3959 pulso
939 3895 1047 3960 segnior
1064 3909 1148 3961 ireque
1167 3895 1252 3942 ntimrs
1272 3894 1359 3958 gravis
1379 3907 1403 3942 ee
1421 3891 1557 3958 multiplex
1576 3907 1637 3942 eura
1656 3905 1737 3958 patres

422 3981 567 4031 exercebar.
598 3977 671 4030 Sera.
689 3981 715 4030 ia
731 3981 808 4043 Verp.
824 3981 889 4035 Aera,
910 3979 992 4030 1⁶30
1010 3978 1156 4046 Sallustius,
1176 3979 1282 4044 segarim·
1302 3994 1385 4043 neque
1404 3979 1488 4028 arsinus
1508 3979 1596 4044 grauis
1616 3991 1640 4028 et
1657 3977 1739 4026 multi·

422 4065 484 4131 plex
502 4081 571 4114 eura¹
609 4069 635 4117 ia
653 4065 770 4116 Sallustii
787 4067 952 4116 historiarum
969 4065 1035 4116 libro
1052 4067 1136 4130 primo
1152 4072 1295 4129 posuerunt
1313 4065 1431 4115 Kritzius
1445 4063 1483 4128 [ν.
1503 4067 1536 4113 56
1555 4073 1580 4113 et
1599 4063 1739 4114 Dietsellius

419 4151 514 4214 suad
583 4151 658 4201 ahie
686 4153 753 4200 enim
777 4151 816 4200 bis
837 4155 960 4215 seriptran
983 4148 1102 4200 budelli
1174 4151 1330 4201 ddistiouis
1354 4152 1471 4212 sequenti
1495 4149 1625 4214 principio
1648 4149 1674 4200 B

355 4269 358 4273 -
422 4221 690 4304 esequtturJ'Ver-p.
712 4241 778 4288 Aen.
798 4235 887 4287 X180
965 4229 1090 4301 Sqtram]
1109 4251 1176 4299 quan
1197 4237 1222 4287 B
1309 4234 1453 4287 diutioniB
1532 4231 1639 4302 9nate]
1663 4235 1739 4298 γει-ρ.

425 4323 489 4376 Aea.
509 4321 525 4371 1
544 4326 594 4374 664
666 4325 696 4372 11
716 4323 748 4372 de
772 4323 941 4388 epanalenpsi
965 4321 990 4370 Β
1017 4317 1020 4324 ’
1062 4325 1094 4372 12
1113 4319 1197 4388 pater]
1221 4323 1258 4386 cf.
1278 4322 1379 4376 Cdarr's.
1404 4339 1430 4386 p.
1456 4324 1513 4378 281,
1533 4323 1568 4372 20
1640 4314 1760 4386 idme]¹

399 4461 402 4472 ,
426 4407 506 4472 Verp.
528 4410 594 4458 Aen.
620 4407 714 4457 VIIII
733 4411 785 4458 427
856 4408 888 4459 18
908 4410 1093 4474 paronomasia
1112 4405 1162 4478 est]
1185 4407 1385 4472 paronomalisia
1405 4419 1444 4457 est
1464 4407 1647 4472 paronomasia
1666 4403 1739 4454 estB

457 4495 492 4544 20
512 4487 582 4559 uam]
605 4493 929 4550 recreandarum
990 4559 993 4564 Ι
1016 4489 1196 4560 lraudlautll
1282 4495 1314 4543 et
1335 4489 1435 4559 Cicero]
1451 4495 1485 4556 ef.
1499 4491 1600 4543 Clausus.
1611 4507 1638 4556 p.
1653 4493 1738 4552 282³‚2
1762 4527 1769 4537 .

382 4634 383 4640 ἵ
476 4575 528 4644 est]
553 4593 581 4628 es
606 4577 632 4628 B
736 4580 768 4628 2⁸2
788 4575 997 4645 desertissimas]
1019 4579 1209 4629 disertissimus
1237 4580 1263 4630 B
1367 4581 1399 4628 ‘23
1418 4577 1528 4626 mutabit
1551 4577 1572 4627 Β
1671 4577 1738 4639 quod

423 4680 503 4733 supra
522 4665 710 4715 disertissimus
731 4665 858 4730 posuitB
927 4667 961 4716 25
979 4665 1016 4716 De
1035 4665 1121 4715 solresl
1139 4666 1220 4714 sessis
1241 4675 1377 4716 onomaton
1398 4677 1437 4712 est
1455 4661 1480 4710 B
1549 4662 1582 4712 21
1602 4656 1639 4728 et]
1663 4661 1739 4726 Verp,

423 4754 490 4806 Aea.
508 4749 549 4800 VI
562 4753 613 4800 275
631 4748 807 4817 pallentesque
825 4750 941 4802 habitant
959 4753 1041 4802 morbi
1059 4752 1196 4815 tristisque
1215 4763 1333 4800 senectus
1354 4749 1384 4798 Et
1401 4761 1484 4798 metus
1498 4759 1523 4796 et
1535 4747 1684 4799 malesuada
1703 4747 1738 4797 la·

423 4851 478 4890 mes
497 4851 526 4886 ar
546 4837 628 4904 turpia
648 4846 749 4902 egestas
821 4839 853 4887 29
872 4837 904 4887 tle
923 4838 1088 4902 paronroeosi
1107 4837 1284 4904 pnrlsomoeon
1302 4834 1328 4884 Β
