3888 5550
419 278 483 346 398
975 308 1194 362 consumor

417 395 440 434 p.
455 385 513 429 etti.
528 388 554 430 88
568 386 594 429 P.

678 480 860 560 phaselus
883 483 950 548 ille
972 505 1080 568 quem
1104 488 1209 552 rides
1232 489 1406 556 Sabinus.

678 584 807 649 similem
831 586 940 651 locarit
964 589 1090 654 Flaccus
1114 609 1173 656 uuo
1198 597 1229 656 iu
1256 597 1407 660 carmioec

678 689 730 750 sed
754 691 824 773 quio
848 691 969 756 ridetur
991 693 1064 759 allus
1087 705 1157 760 aute
1179 698 1346 780 praeditus,

613 807 665 849 creo
679 804 712 856 ut
735 811 840 858 versos
863 794 913 860 hie
936 799 1049 881 epodus
1072 798 1153 864 illius
1175 801 1262 876 leret.

676 899 793 960 ratione
816 917 906 978 quem
930 904 988 966 iam
1012 905 1197 986 competenti
1220 905 1335 978 distuli,

676 1000 765 1064 simul
789 1001 844 1066 bos
867 1001 1042 1089 loquemur,
1065 1007 1186 1090 quondo
1209 1009 1355 1074 devinctis
1379 1016 1486 1076 metris

676 1112 706 1167 et
728 1104 799 1168 hinc
824 1116 853 1169 et
875 1108 945 1172 iudo
971 1113 1069 1192 veniet
1091 1111 1189 1192 aptior
1211 1111 1305 1178 locus.

628 1195 631 1212 '
722 1209 868 1274 Necnon
893 1211 1040 1276 dimetrus
1062 1233 1099 1276 ex
1122 1217 1259 1280 trimetro
1283 1219 1431 1292 redditur,

610 1329 662 1370 auo
676 1333 867 1397 quacumque
891 1325 1007 1398 partem
1028 1321 1152 1396 ‚tertiam
1176 1323 1201 1383 si
1225 1321 1382 1398 detraham

674 1416 823 1497 stabitque
849 1439 953 1483 versus
975 1429 1042 1484 octo
1067 1431 1183 1488 hirtum
1207 1425 1339 1508 syllabis,

674 1523 732 1583 nisi
755 1521 876 1604 quando
899 1534 996 1586 sumet
1018 1524 1168 1608 dactylum
1193 1538 1244 1591 aut
1267 1533 1465 1605 contrarium,

673 1622 776 1688 locove
799 1626 892 1689 lembi
915 1630 966 1710 qui
988 1629 1134 1710 probatur
1157 1633 1343 1716 tribrachys;

674 1725 801 1812 talisque
825 1749 928 1793 versus
954 1731 1003 1794 hic
1027 1735 1094 1807 erit,

608 1830 862 1913 uepoosotos
885 1833 952 1898 ille
977 1853 1083 1916 quem
1108 1839 1221 1903 rides.

672 1935 852 2018 plerumque
876 1957 932 2000 nec
956 1959 1077 2004 carmen
1102 1943 1200 2021 modo,

589 2025 596 2035 ’
672 2039 724 2102 sed
749 2049 779 2102 et
801 2038 940 2105 volumen
965 2043 1111 2127 explicat;

673 2151 706 2204 ut
727 2145 848 2226 pridem
870 2147 1089 2211 Avitushlflus

673 2244 767 2310 libros
789 2258 878 2330 poeta
901 2249 1065 2332 plusculos,

606 2365 658 2408 creo
673 2370 745 2414 usus
766 2351 896 2416 dimetro
918 2358 1048 2437 perpeti,

671 2455 839 2518 conscribit
861 2456 1081 2538 excellentium.

622 2588 628 2599 ·
673 2559 747 2622 tales
772 2560 918 2622 trimetris
941 2559 1074 2624 subdidit
1099 2561 1224 2629 Flaccus
1246 2569 1319 2639 sois,

671 2671 703 2724 ut
726 2663 859 2725 carmina
882 2663 1047 2727 ostendunt
1068 2666 1182 2740 decem,

670 2765 760 2828 ‘ibis
782 2765 953 2830 liburnis
977 2769 1076 2832 inter
1099 2769 1174 2834 alte
1198 2775 1358 2849 navium,

604 2871 805 2942 ceramico,
830 2873 1143 2952 propugnacula&

667 2972 868 3037 Archilochus
890 2976 947 3037 isto
970 2979 1065 3040 saevit
1089 2981 1184 3042 irotus
1207 2990 1305 3044 oretro

668 3085 774 3139 contra
797 3076 977 3158 Lycambam
1001 3089 1031 3142 ot
1055 3081 1140 3144 filias.

711 3179 748 3242 lit
770 3178 819 3242 hic
843 3179 992 3245 dimetrus
1016 3201 1075 3246 ooo
1100 3188 1202 3251 minus

668 3291 701 3344 ut
723 3281 775 3345 ille
797 3283 958 3366 acephalus
982 3305 1048 3350 esse
1073 3289 1118 3350 vel
1142 3289 1268 3358 claudus
1291 3307 1403 3377 potest.

602 3383 777 3448 amadest
799 3387 905 3450 celer
927 3389 1108 3470 phaselus
1131 3403 1201 3458 est:

668 3507 736 3551 curo
760 3491 856 3572 prima
882 3493 1001 3575 dempta
1027 3505 1085 3566 est.
1110 3498 1247 3562 redditur

668 3602 725 3655 ost
747 3592 854 3656 celer
876 3589 1060 3677 phaselus
1083 3609 1155 3673 est;

667 3705 697 3758 at
720 3717 788 3760 cum
811 3717 968 3782 supremo,
993 3700 1142 3766 claudicat

667 3793 778 3866 ades't
800 3801 902 3866 celer
925 3805 1118 3886 phaselus.

601 3918 654 3961 areo
668 3903 793 3969 Flaccus
816 3908 948 3988 priorem
971 3911 1015 3972 sic
1039 3911 1132 3982 dedit,

476 4129 647 4188 2432-2496
666 4130 736 4184 ridor.
760 4131 860 4185 Victor.
880 4137 940 4200 1³7,
960 4137 1073 4200 8-122,
1093 4140 1127 4188 29

475 4326 543 4376 2433
563 4339 614 4375 uno
633 4323 660 4372 ln
678 4321 801 4391 carmine]
821 4341 900 4376 cm.
920 4325 976 4390 1⁴,
996 4328 1029 4378 de
1047 4343 1097 4394 pue
1115 4329 1210 4382 dicitur
1227 4351 1249 4390 o.
1264 4338 1333 4388 2920
1344 4353 1401 4406 sqq.
1431 4357 1488 4392 uem
1506 4344 1534 4393 in
1551 4344 1600 4397 llor
1617 4347 1718 4398 similem

263 4417 266 4428 ·
332 4461 343 4483 0
406 4411 522 4476 opedam,
541 4413 590 4463 red
600 4411 678 4463 aliter
690 4413 867 4463 dimetiendum
886 4427 943 4464 ecre
956 4416 1033 4464 soluit
1049 4412 1234 4476 Terentianus,⁸
1245 4423 1331 4487 olium,
1351 4427 1395 4492 qui
1412 4442 1471 4479 vere
1484 4431 1590 4482 claudor
1609 4435 1719 4484 minster

405 4503 483 4560 ercet,
507 4499 534 4548 in
559 4499 672 4550 carmine
695 4497 731 4550 II
748 4502 780 4551 18
802 4501 926 4550 tractavit
948 4517 972 4551 o.
992 4501 1063 4550 2468
1114 4495 1201 4556 Ι2426
1220 4519 1247 4556 ur
1269 4523 1359 4561 versus
1379 4510 1420 4563 hic
1439 4493 1560 4582 Micyllus
1578 4517 1676 4571 Versus
1694 4532 1720 4570 ut

405 4581 447 4632 bic
465 4581 498 4634 ‚il
566 4585 633 4637 2436
651 4583 752 4652 distuli]
771 4603 794 4638 o.
813 4589 880 4638 2179
950 4588 1017 4639 2443
1035 4585 1126 4638 locove
1144 4591 1222 4643 iambi
1242 4594 1362 4662 illic-yllus
1379 4594 1450 4650 Loco
1470 4601 1511 4651 uel
1529 4604 1607 4656 iambi
1625 4607 1659 4660 M

405 4669 473 4721 2448
486 4669 579 4722 Auitum
594 4671 705 4739 Alpbius
719 4672 752 4725 Μ
806 4675 872 4726 2451
892 4674 1048 4742 conscripsit
1060 4672 1213 4738 Briareus,
1232 4696 1290 4732 cum
1309 4684 1398 4736 scribit
1410 4681 1717 4746 coniecr't'edltor'Sonct·

405 4757 556 4810 andream
627 4761 694 4812 2454
716 4761 787 4813 Hor.
805 4763 882 4826 epod.
903 4764 927 4821 1,
947 4761 1019 4828 req.
1090 4763 1157 4814 2467
1176 4761 1332 4832 Lycambam
1351 4769 1516 4836 Petraeum,
1536 4775 1639 4832 diarius
1659 4780 1717 4833 Vic-

405 4845 503 4893 torinus
519 4861 548 4910 p.
569 4846 608 4908 72,
628 4849 663 4898 35
682 4853 708 4898 et
726 4849 787 4911 137,
808 4851 850 4910 30,
870 4847 1001 4916 lycambeu
1022 4845 1055 4897 M
1070 4846 1210 4911 tyoemoem
1229 4853 1349 4921 Micyllus
