3850 5560
793 391 842 440 nn
864 390 1038 442 venerere
1223 383 1229 391 '
1517 376 1579 444 621

1395 495 1418 534 p.
1433 483 1479 525 titt.
1494 484 1534 526 hii
1548 485 1578 530 V.

718 610 745 648 ·’
769 595 820 703 on
843 635 1062 702 rnocnuco

297 817 303 825 .
341 757 543 826 Trochaicuut
567 769 698 824 metrum
723 780 739 823 e
768 761 901 843 quinque
929 758 1059 852 pedibus
1088 767 1221 832 constat,
1252 761 1409 834 trochaeo,
1440 764 1577 844 spondio,

255 862 421 946 tribrachp.
448 872 620 946 anapaesto,
646 863 774 948 dactylo.
822 881 857 925 ex
881 862 929 925 his
950 863 983 924 io
1006 863 1165 941 inparibus
1194 861 1269 926 locis
1299 884 1359 927 non
1388 868 1447 929 nisi
1470 869 1505 930 tt
1525 873 1580 947 qui

146 1049 150 1054 ἱ
255 964 340 1029 breti
361 967 521 1040 finiuntur,
546 969 576 1030 in
601 966 726 1050 paribus
750 953 882 1031 unircrsi
906 964 1117 1028 indifferenter
1139 977 1319 1048 ponuntur.¹
1490 963 1497 968 ’

226 1077 239 1118 ⁵
340 1071 561 1135 liouometrum
591 1068 881 1153 lryperoatalectum‚
916 1067 996 1152 quod
1026 1069 1281 1151 penthemimeres
1308 1073 1372 1134 site
1400 1075 1576 1155 pancration

252 1171 431 1255 appellatur,
457 1187 489 1238 ut
512 1185 559 1238 est
581 1174 660 1257 apud
684 1173 861 1255 Euripiden,

410 1287 457 1342 tcr
479 1279 659 1362 peribimus.

284 1409 288 1420 ¹
339 1381 508 1468 Dimetrum
530 1379 845 1464 'brachycatalectum
876 1378 956 1464 quod
985 1378 1213 1462 ithyplrallicunr
1242 1379 1420 1464 appellatur.
1465 1388 1576 1467 accipit

209 1487 213 1494 '
251 1490 352 1546 autern
376 1493 438 1548 tres
462 1485 621 1549 trochaeos
637 1493 668 1548 et
690 1505 750 1548 non
767 1499 930 1574 numquam
947 1482 1256 1546 solutionetroclraei
1272 1483 1458 1568 tribrachyn,
1483 1499 1515 1550 ut
1531 1498 1576 1552 est

211 1593 237 1632 1⁰
313 1607 336 1639 -·
407 1589 533 1653 loutiunt
558 1608 692 1654 sorores.
843 1585 846 1592 ’

250 1689 360 1754 solutio
384 1676 483 1756 aute'm
501 1694 549 1764 ot,
574 1694 713 1774 quotiens
736 1710 792 1774 pro
816 1709 874 1754 una
898 1691 987 1772 longa
1011 1688 1123 1772 syllaba
1147 1689 1224 1754 duae
1247 1691 1355 1756 breves
1378 1704 1543 1774 ponuntur.
1569 1693 1575 1780 l
1611 1729 1614 1738 ·

338 1794 505 1858 liimetrunt
530 1795 751 1866 catalecticum,
775 1793 855 1877 quod
879 1792 1030 1874 lecythion
1055 1801 1085 1858 et
1107 1795 1279 1877 euripidlon
1302 1805 1439 1876 vocatur,
1462 1806 1496 1861 ut

405 1898 546 1962 hiantium
570 1909 683 1961 canunt
705 1897 807 1960 tubae.
1702 1960 1720 1972 ,,

337 1998 522 2064 Trimetrum
548 2000 767 2072 catalecticum,
792 2000 872 2082 quod
896 1998 1074 2080 acephalum
1097 1993 1260 2065 iambicum
1283 2000 1452 2084 appellatur
1474 2003 1573 2067 archi·
1680 2071 1686 2077 ,
1776 2001 1781 2006 “
1858 2022 1895 2065 ·,

209 2100 418 2176 15ΙοοΙ]ἱιιιι],·
869 2131 871 2136 ·

408 2206 459 2269 Sol
483 2199 615 2288 superna
639 2208 691 2286 qui
714 2209 795 2288 repis
817 2226 927 2288 parcns
950 2206 1036 2269 deust

248 2308 428 2390 acephalum
452 2319 553 2373 autent
577 2310 740 2373 iambicum
757 2313 940 2380 nominatur,
964 2311 1045 2390 quia,
1069 2305 1104 2372 si'
1118 2328 1286 2392 praepones
1302 2329 1392 2374 unam
1416 2310 1571 2394 syllabam,

249 2411 282 2472 iit
305 2411 469 2475 iambicum
492 2415 665 2476 trimetrum
689 2411 895 2483 acatalectum.
921 2422 954 2476 ut
978 2420 1023 2474 est

405 2533 423 2576 o
447 2514 498 2578 Sol
522 2534 653 2602 superna
678 2516 730 2598 q‘ui
753 2517 836 2596 regis
857 2524 968 2595 parens
992 2515 1077 2577 deus.

319 2688 332 2766 ¹.
351 2683 396 2736 on
416 2684 608 2740 rnocnstoo
629 2691 692 2744 ner.
711 2655 866 2776 noceor,
887 2689 920 2738 re

204 2853 211 2864 “
317 2845 404 2894 iinon
424 2845 474 2895 nisi
493 2843 520 2894 hi
539 2845 583 2908 qui
603 2844 723 2896 brevibus
742 2843 839 2895 Atilius
857 2842 1063 2894 Fortunatiano
1079 2860 1107 2910 p.
1126 2845 1186 2906 287,
1206 2847 1248 2905 20,
1268 2858 1320 2895 non
1340 2845 1389 2896 nisi
1409 2846 1434 2896 iu
1454 2846 1526 2898 breui
1545 2847 1571 2898 B

301 2927 563 2995 ltpancltratiouB:
582 2930 617 2994 cs.
637 2928 711 2982 Seru.
730 2931 763 2982 de
781 2935 938 2984 centrum.
957 2945 983 2994 p.
1003 2932 1097 2989 4529
1168 2930 1345 2997 deurypideu
1364 2929 1397 2982 B.
1434 2916 1644 2999 Euripidis*
1730 2937 1736 2944 “

246 3029 353 3072 cerrum,
373 3015 439 3066 simet
457 3017 558 3083 reliquo
576 3031 730 3082 praecorum
746 3023 881 3082 poetarum
901 3019 1034 3081 exemplo.
1059 3031 1125 3083 perae
1149 3017 1207 3067 olim
1225 3017 1361 3081 adscripto
1384 3021 1468 3078 erant,
1486 3035 1571 3084 prorn-

244 3101 351 3151 rrtotictte
369 3104 453 3152 omisit
559 3103 630 3152 iter
648 3100 686 3152 ier
706 3101 817 3151 uidimus
837 3099 870 3153 B,
913 3105 973 3166 ‘pro
993 3099 1043 3160 ier,
1068 3101 1138 3168 quod
1158 3104 1184 3151 in
1202 3106 1260 3167 ipro
1285 3103 1343 3152 eod.
1368 3103 1451 3154 tribus
1467 3107 1571 3169 punctio
1602 3159 1608 3167 ¹

244 3188 454 3252 superirruentis
467 3187 635 3254 immolatio,
655 3188 788 3252 lependunt
798 3187 1027 3248 sortmethtterunt
1040 3191 1088 3238 tsr¹
1108 3189 1195 3239 editor
1211 3187 1419 3240 Vindobonenris
1490 3191 1506 3240 9
1525 3204 1565 3240 so·

227 3267 371 3323 “lurionem
391 3289 461 3324 corr.
482 3272 653 3325 solutioneB
724 3274 756 3323 tt
774 3269 945 3323 Dimetrunrc
964 3271 1111 3322 histrumB
1181 3272 1370 3324 catalectumB
1439 3273 1568 3341 leoptlrion

209 3421 214 3432 ι
245 3369 270 3410 et
288 3359 435 3426 euripidion
455 3375 468 3410 o
487 3359 570 3410 lecton
588 3370 613 3409 et
630 3359 784 3425 eurypidion
805 3357 829 3408 B
902 3359 933 3408 itt
951 3357 1097 3409 hiantiumo
1120 3359 1228 3409 certium
1247 3359 1340 3411 ‘tribue
1356 3361 1460 3425 punctis
1477 3377 1568 3426 ruper-

244 3445 338 3510 potitis
356 3443 580 3510 imprchomm'li
651 3446 857 3497 canuntAtiliua
872 3445 1188 3510 Formoattanospctsr,
1209 3446 1250 3506 to,
1271 3444 1378 3496 cenitB
1449 3449 1480 3496 il
1498 3459 1570 3497 ceta-

246 3531 340 3582 lsctunt
359 3529 385 3580 B
456 3531 592 3584 intrrbioum
613 3547 660 3582 om.
680 3529 714 3594 Β,
734 3532 795 3581 adli.
815 3548 828 3580 c
846 3533 903 3586 coit.
924 3530 1068 3596 Hephaert.
1083 3547 1109 3596 p.
1124 3533 1167 3596 20,
1181 3533 1267 3586 ried.
1285 3530 1404 3597 Weetph.
1418 3532 1570 3599 τρίμετρον
1611 3592 1614 3597 ,

246 3610 280 3667 δὲ
298 3607 526 3684 καταζηκτικόν,
547 3609 611 3668 οἷόν
624 3608 685 3668 ἐστι
697 3607 729 3667 τὸ
748 3613 800 3668 τοῦ
812 3607 983 3683 Ἀρχιλόχου,
1003 3603 1020 3668 ὅ
1033 3630 1109 3674 τινες
1122 3599 1276 3684 deductiori
1295 3611 1434 3684 ἰαμβικὸν
1446 3616 1568 3671 καλοῦσι

297 3705 330 3754 ld
350 3701 396 3754 Sol
414 3719 529 3769 superno
548 3705 591 3769 qui
612 3702 680 3770 regis
700 3717 795 3770 parens
815 3701 879 3752 deus
901 3703 996 3752 Atiliur
1009 3701 1214 3754 Fortunatianue
1227 3720 1253 3768 p.
1268 3706 1327 3765 287,
1341 3705 1376 3754 28
1394 3703 1449 3754 sole
1469 3720 1568 3771 uperno

244 3784 328 3854 (corr.
348 3788 388 3840 soi
408 3787 536 3858 superne)
555 3789 701 3859 qui-negos
719 3803 795 3855 pares
814 3787 878 3839 deos
897 3787 922 3838 B
993 3789 1025 3838 ll
1044 3787 1179 3838 aceiolium
1199 3786 1225 3837 B
1297 3790 1327 3840 ts
1347 3789 1521 3840 catalecticum
1542 3789 1568 3840 B
1667 3773 1673 3784 ’

315 3874 347 3926 ts
366 3888 380 3925 o
400 3875 441 3926 sol
460 3890 572 3943 superne
590 3877 634 3940 qui
655 3885 722 3926 recte
740 3889 816 3942 peres
833 3875 907 3927 deos.
942 3873 1127 3924 Tetrometrum
1148 3872 1386 3925 brocltiootulectum
1405 3873 1517 3939 quodsi
1536 3874 1568 3926 de
1620 3951 1621 3954 Ἴ

242 4013 301 4072 solo
320 4014 442 4066 trochaeo
454 4019 557 4065 constet
575 4013 603 4064 tlt
615 4028 752 4065 commuue
765 4023 792 4064 ut
808 4013 1025 4064 moniootunaiore
1037 4027 1109 4063 armo
1122 4013 1166 4076 qui
1179 3961 1255 4079 capist
1271 4013 1383 4063 subinde
1394 4015 1568 4078 mortiumque

241 4100 372 4151 eratlstitit
396 4110 420 4150 et
438 4098 568 4151 solutione
590 4099 684 4166 pedum
711 4109 885 4151 tetrametrum
909 4097 1085 4150 catalecticum
1109 4097 1180 4162 quod
1202 4097 1319 4150 archium
1343 4111 1367 4148 et
1385 4099 1566 4168 epichoritlum

227 4195 382 4250 ¹sequutum
407 4200 437 4236 eo
461 4185 531 4248 qdod
556 4184 601 4235 llll
625 4187 713 4237 metris
735 4197 837 4238 constet
859 4186 952 4236 dicitnr
979 4185 1053 4235 culus
1077 4185 1197 4236 inuentor
1221 4198 1237 4235 e
1259 4185 1415 4249 quibusdem
1444 4185 1566 4236 homerus

214 4305 217 4310 -
241 4271 337 4322 dicitur
354 4273 438 4336 (corr.
458 4270 579 4335 tradtnn)
599 4269 649 4322 tels
672 4271 749 4334 qrrole
772 4269 856 4337 (corr.
875 4271 967 4335 quare)
990 4285 1051 4320 uere
1073 4272 1158 4336 primo
1183 4271 1271 4321 sibilet
1293 4260 1363 4322 ceres
1387 4271 1476 4322 donax
1499 4285 1567 4334 quae

242 4357 327 4408 scabri
345 4355 413 4407 latus
433 4361 509 4426 trogo
528 4357 621 4408 uslicta
639 4357 723 4408 litoris
744 4357 811 4408 uodo
830 4357 968 4423 Tregioum
988 4355 1058 4420 q'uod
1077 4355 1164 4422 plures
1179 4357 1305 4424 spondios
1325 4355 1419 4407 haheat
1437 4369 1453 4407 o
1471 4371 1565 4424 porcus

240 4443 348 4507 antique
367 4451 473 4493 nostrae
491 4443 576 4510 gentis
594 4443 714 4510 argiuum
734 4443 814 4494 decus
833 4443 912 4494 decus
932 4443 1104 4493 comomicum
1123 4442 1194 4506 quod
1217 4443 1358 4509 praecipuo
1382 4442 1501 4507 damplos
1527 4441 1565 4493 ela

241 4527 522 4596 anapestos‘edmittnt
540 4537 568 4577 nt
586 4539 625 4578 est
642 4528 712 4595 opud
731 4529 855 4579 cratinum
870 4545 950 4597 snper
968 4529 1076 4593 aquosis
1096 4527 1211 4580 lontibus
1231 4529 1318 4597 ipsese
1330 4543 1377 4596 per
1395 4529 1482 4580 omnia
1495 4529 1563 4578 enim

240 4666 298 4718 loco
316 4615 441 4720 straticum
460 4624 570 4718 inlertum
595 4666 733 4718 trochaeus
751 4667 825 4718 deret
846 4669 900 4718 eles
926 4669 1020 4734 tecpcts
1043 4669 1183 4732 satyricum
1208 4667 1278 4731 qnod
1302 4665 1447 4733 complures
1471 4665 1564 4718 hebent

240 4752 385 4805 solutiones
404 4763 428 4805 et
446 4753 585 4805 tribrachin
606 4740 683 4819 pedir'
696 4764 734 4804 est
753 4768 784 4804 eo
803 4751 873 4820 opud
892 4754 1019 4804 cratinum
1044 4751 1128 4816 qualis
1152 4753 1239 4816 nuptilia
1261 4753 1297 4804 ittt
1321 4752 1448 4805 celeribus
1472 4753 1562 4819 rupida

241 4841 334 4904 pennis
354 4840 436 4901 (corr,
455 4837 555 4908 pinnis)
579 4838 743 4907 transuolnnt
761 4837 795 4889 B.
830 4840 987 4905 scripturam
1012 4840 1096 4891 illarii
1122 4840 1251 4912 Victorini
1273 4857 1299 4905 p.
1317 4841 1360 4899 ot,
1385 4841 1418 4890 21
1436 4855 1493 4907 sqq.
1513 4855 1562 4892 erc·

239 4927 339 4992 preeeit
356 4927 442 4979 editor
464 4923 671 4977 Wntiobonerrrie
