3906 5564
388 333 451 400 160
884 337 993 392 MARH
1015 337 1207 392 vturotttrm

413 449 434 491 p.
448 437 571 482 emese.
1389 466 1394 484 .
1513 443 1641 516 puseo-sa
1656 441 1682 487 c.

385 523 550 606 plurimum
573 528 717 609 ponderis
746 529 776 590 in
800 527 875 591 baec
896 528 995 592 studia
1019 527 1157 605 sensibus
1186 531 1297 591 nostris
1320 527 1413 618 dabit.
1459 533 1603 597 encitntos
1626 533 1707 597 eninr

386 629 495 693 ardore
511 629 642 694 stimulis
657 632 721 696 suis
744 631 781 693 ad
804 629 936 695 colorem
960 633 1073 713 ingenii
1095 633 1211 696 additis
1225 615 1348 697 eineres
1369 637 1550 717 praesertim
1565 645 1707 720 suscepto

386 752 478 817 opere
501 733 663 819 facilesque
685 734 859 818 praestabit
906 733 977 798 hinc
999 735 1091 800 credo
1113 734 1125 821 ll
1147 737 1212 802 fleri
1242 746 1277 800 ut
1297 736 1469 802 amantibus
1497 738 1616 804 felicius
1642 749 1706 803 tum

385 855 476 920 quam
506 836 581 902 alias
609 857 731 903 carmen
754 839 912 904 metricum
941 839 1159 924 pulchriusque
1182 840 1378 924 respondeat,
1408 861 1478 907 cum
1500 843 1707 908 aestuantibus
1762 863 1763 866 ¹

386 942 479 1006 animi
502 940 670 1006 adfectibus
692 945 867 1016 incitantur,
891 951 924 1006 ut
945 945 1085 1025 ignarum
1109 946 1191 1018 artis,
1220 947 1316 1009 ausim
1339 944 1452 1023 dicere,
1475 964 1561 1010 amor
1585 946 1733 1019 doceres
1845 1014 1851 1026 ,

385 1063 471 1108 amor
498 1053 618 1127 poetam
647 1046 748 1111 lacere
776 1048 883 1130 possit.
928 1050 1039 1130 quilii
1066 1048 1173 1112 uthis
1203 1048 1240 1112 de
1269 1048 1378 1132 quibus
1406 1047 1589 1115 dictumest
1618 1049 1706 1116 veluti

385 1151 538 1212 communi
566 1169 658 1214 sensu
682 1149 849 1234 codemque
878 1150 978 1215 studio
1006 1150 1153 1216 sollemne
1176 1170 1211 1218 ae
1240 1151 1388 1217 familiare
1419 1153 1458 1215 sit
1479 1152 1615 1218 fortunas
1636 1173 1707 1218 suas

384 1259 481 1316 metro
498 1255 597 1335 potius
612 1255 780 1318 carminum
798 1273 917 1327 canere,
941 1273 1029 1337 quant
1050 1254 1119 1319 stilo
1142 1273 1250 1339 prosae
1274 1257 1419 1321 orationis
1442 1258 1559 1321 efferre.
1601 1249 1705 1340 quam·

384 1374 474 1439 quam
503 1357 561 1422 hoc
585 1357 666 1422 idem
690 1359 788 1422 omnis
817 1358 907 1422 animi
935 1359 1037 1442 passio
1059 1356 1148 1442 parili
1177 1369 1260 1423 rnotu
1290 1360 1494 1440 instinctuque
1522 1362 1637 1442 percita
1661 1361 1705 1425 rel

383 1462 575 1542 potissimum
599 1461 738 1536 adfectet,
762 1473 796 1525 ut
818 1482 851 1526 se
875 1462 911 1527 ad
928 1472 1095 1527 metrorum
1112 1465 1320 1536 coerimonias,
1345 1465 1424 1528 sicut
1442 1453 1745 1548 pierumquecer·1o

384 1565 493 1638 nimus,
518 1565 663 1640 conferet,
688 1564 760 1631 licet
774 1567 866 1630 sciam
884 1585 945 1630 non
966 1584 1130 1648 numquam
1154 1571 1243 1630 etiam
1268 1569 1347 1631 citra
1368 1567 1518 1631 adfectum
1542 1577 1573 1630 et
1595 1567 1705 1651 impul·

383 1667 484 1732 siooes
518 1669 608 1734 troius
641 1655 919 1750 modi'nretrorum
953 1671 1077 1734 facetias
1112 1680 1218 1754 sponte
1247 1688 1303 1734 nos
1332 1689 1367 1734 ac
1396 1669 1524 1754 shnplici
1554 1670 1705 1735 voluntate

384 1775 506 1835 sectari.
542 1773 643 1856 itaque
667 1775 728 1837 sive
751 1773 828 1836 boec
850 1773 887 1836 ad
911 1772 1148 1860 delenimentum
1165 1775 1334 1838 animorum
1357 1775 1420 1840 sive
1442 1774 1479 1838 ad
1502 1774 1704 1838 oblectamen·

384 1883 448 1940 tum
471 1879 589 1940 aurium
614 1895 667 1940 seu
690 1876 827 1941 levamen
849 1875 988 1941 laborum
1011 1877 1069 1941 sibi
1092 1878 1235 1942 mortales
1251 1895 1418 1960 procurare
1441 1878 1574 1942 studium
1590 1877 1704 1943 babue-

332 2027 335 2034 .
385 1981 459 2052 rint,
490 1998 550 2043 oon
573 1983 660 2044 anxie
683 1982 914 2054 sciscitarerim,
943 1981 1001 2044 boc
1023 1989 1138 2044 tontum
1169 1965 1358 2066 persuadere
1378 1991 1553 2054 contentus,
1582 2001 1703 2046 omnem
1718 2004 1743 2044 rs

384 2083 471 2157 bano,
501 2083 538 2146 de
565 2103 623 2166 qua
653 2084 741 2148 nobis
769 2103 870 2148 sermo
899 2092 959 2159 est,
993 2086 1139 2149 musicam
1168 2105 1184 2149 a
1212 2085 1381 2168 primordio
1409 2085 1606 2150 nascentibus
1635 2105 1702 2150 oum

383 2187 483 2251 anima
506 2205 658 2271 sensuque
685 2189 815 2252 infusam
839 2207 874 2253 ac
898 2187 1037 2252 traditam
1066 2199 1171 2273 postea
1200 2189 1419 2253 observationis
1447 2197 1583 2254 struente
1608 2190 1701 2271 magi·

383 2293 476 2356 sterio
504 2291 665 2374 expolitam
695 2309 755 2355 non
785 2290 859 2356 nibil
888 2291 986 2357 etlam
1007 2293 1054 2357 bis
1077 2291 1313 2366 adfectionibus,
1344 2302 1377 2356 nt
1399 2292 1628 2376 ‘ilreopbrastus
1651 2292 1702 2356 ad·

382 2397 471 2474 serit,
495 2397 628 2467 incitari,
659 2399 762 2478 rigere
791 2395 1009 2480 pulchriusque
1036 2398 1215 2479 procedere.
1260 2396 1313 2460 sed
1336 2415 1429 2479 super
1456 2397 1514 2461 boe
1540 2397 1701 2462 hactenus:

383 2517 464 2564 nunc
487 2499 524 2563 ad
547 2501 724 2573 institutum,
750 2508 784 2562 ut
805 2502 1009 2583 promisimus,
1034 2500 1170 2565 ordinem
1194 2499 1444 2588 revertamur.lll
1715 2525 1741 2565 so
1832 2555 1840 2570 .

808 2707 857 2772 bn
879 2708 1022 2773 blli'l'lilS
1045 2707 1301 2774 HOlid'l'lleS'

469 2831 610 2904 Quamvis
631 2831 724 2893 sciam
747 2831 778 2892 in
801 2829 936 2894 seeundo
961 2829 1122 2904 volumine,
1145 2833 1177 2894 in
1193 2849 1253 2914 quo
1273 2829 1309 2893 de
1326 2831 1493 2914 prototypis
1509 2831 1702 2894 tractavimus
1785 2897 1787 2902 ,

383 2953 502 3008 novem,
526 2935 624 2997 omnia
642 2951 697 2997 nos
713 2941 878 2998 metrorum
900 2951 1011 3015 genera
1034 2934 1091 2998 sub
1114 2934 1279 2998 eorundem
1303 2935 1474 3017 praeceptis
1497 2944 1528 2997 et
1546 2932 1701 3014 disciplina

383 3038 650 3123 comprehendisse
676 3026 795 3123 'lneque
824 3040 904 3101 eninr
932 3039 1094 3120 quicquam
1123 3038 1160 3101 ad
1184 3048 1279 3102 artem
1307 3039 1464 3101 metricam
1487 3039 1643 3120 pertinens
1670 3039 1701 3100 in

382 3163 485 3208 rorum
509 3151 615 3207 natura
640 3143 769 3224 reperiri
791 3143 912 3223 poterit,
940 3140 1018 3223 quod
1043 3161 1101 3204 non
1126 3140 1220 3206 isdem
1243 3145 1287 3204 uti
1311 3139 1467 3205 elementis
1491 3161 1598 3205 norem
1620 3144 1741 3205 luxiam

383 3248 575 3312 traditionem
593 3256 724 3311 veterum
748 3245 957 3327 investigatum
974 3244 1195 3328 collectumque
1218 3247 1277 3329 sit),
1301 3256 1401 3308 tamen
1418 3247 1558 3329 promissi
1575 3264 1701 3318 memor,

382 3351 463 3436 quod
491 3350 721 3415 deflorationis
750 3350 855 3412 metris
883 3348 1053 3431 specialiter
1081 3349 1302 3432 persequendis
1328 3367 1426 3413 meam
1454 3349 1544 3412 fidem
1572 3348 1701 3413 obstrin-

383 3473 495 3526 xeram,
521 3473 557 3518 nc
581 3474 636 3538 per
658 3455 859 3517 coniventiam
882 3452 911 3515 id
934 3454 1115 3535 praeterisse
1138 3471 1258 3535 arguar,
1283 3461 1315 3516 ut
1330 3461 1447 3534 potero,
1471 3450 1588 3535 singula
1610 3471 1701 3536 quae·

383 3578 440 3642 que
456 3577 646 3642 percurram,
668 3577 745 3642 quae
769 3565 872 3620 noster
895 3555 1006 3640 lyricus
1029 3576 1098 3621 cum
1122 3556 1229 3638 epodls
1251 3557 1383 3638 attigisse
1406 3557 1582 3621 dinoscitur.
1621 3575 1702 3620 nuno

383 3665 462 3726 enlm
486 3662 611 3744 singulis
633 3660 777 3743 singulos,
802 3680 881 3724 rruno
904 3660 991 3724 binos
1014 3661 1144 3742 geminis
1166 3661 1301 3724 versibus
1324 3660 1472 3734 subdidit,
1501 3679 1582 3724 nunc
1606 3659 1740 3742 tribusne

382 3783 443 3829 uno
465 3777 612 3830 comrrroie
637 3763 771 3848 [cpodis]
797 3764 961 3848 respondit,
986 3764 1164 3847 plerumque
1188 3764 1276 3837 binis,
1300 3783 1403 3829 rerum
1427 3765 1544 3828 diverso
1567 3765 1700 3828 intense

383 3878 480 3934 metro
504 3881 534 3933 oi
555 3871 771 3952 compositione
794 3869 939 3950 figuratis.

468 3973 567 4038 Prima
596 3975 688 4054 igitur
717 3973 852 4036 eiusdem
881 3972 937 4034 otle
967 3971 1142 4036 monocolos
1172 3972 1335 4045 inducitur,
1365 3973 1396 4036 id
1428 3981 1472 4034 est
1501 3975 1588 4035 unius
1611 3973 1699 4035 metri

381 4077 525 4162 qualitate
555 4077 728 4158 composita.
781 4077 833 4140 sed
865 4085 894 4138 et
921 4095 955 4139 ea
985 4095 1061 4159 quae
1089 4079 1179 4139 unius
1208 4079 1328 4158 generis
1358 4074 1471 4139 habent
1499 4074 1562 4138 cola
1593 4075 1697 4138 eadem

382 4181 581 4265 appellatione
605 4189 776 4251 censentur,
801 4179 916 4244 ‹licoloe
940 4188 1040 4244 autem
1064 4181 1204 4253 duorum,
1229 4180 1366 4245 similiter
1390 4177 1515 4242 tricoloe
1539 4177 1584 4242 rel
1608 4186 1738 4242 tetra-ss

449 4365 482 4415 22
501 4362 624 4422 Quemvis
643 4361 725 4412 seiam
742 4385 775 4397 -
794 4361 826 4412 32
846 4358 964 4427 figurans
986 4361 1089 4414 Terent.
1108 4361 1199 4416 Meter.
1217 4363 1399 4415 tert-2919

451 4521 465 4570 1
484 4521 610 4571 excimtos
625 4519 693 4570 onim
705 4516 797 4567 ardore
810 4525 850 4566 est
868 4517 992 4580 (excitato
1006 4519 1073 4568 eninr
1086 4519 1180 4570 ordore
1192 4517 1221 4582 ς)
1240 4516 1351 4570 stimulis
1364 4516 1420 4566 suis
1433 4515 1464 4568 ad
1475 4516 1586 4568 ociorem
1600 4517 1698 4584 ingenii

381 4589 532 4656 praesertim
552 4599 675 4653 suscepto
696 4587 782 4654 operis
802 4585 937 4652 facilisque
956 4586 1044 4642 Alis
1104 4585 1205 4656 dium]
1226 4601 1277 4639 mm
1297 4584 1322 4636 B
1382 4585 1501 4638 Smetro
1519 4599 1538 4644 ς
1555 4597 1651 4638 metros
1670 4589 1695 4639 Α

380 4659 469 4709 metris
489 4658 515 4709 B
568 4657 688 4713 efferres
706 4655 806 4706 adferre
825 4655 889 4706 AB
943 4658 974 4708 15
987 4657 1119 4708 nrrxiaeA
1173 4660 1205 4710 17
1224 4641 1394 4725 postenspl,
1413 4654 1476 4710 be.
1494 4667 1564 4721 post,
1583 4654 1645 4708 AB

382 4727 414 4779 18
433 4726 558 4778 nonnihili
577 4728 653 4779 etiam
673 4725 699 4776 B
765 4725 796 4774 19
815 4739 895 4792 snper
912 4726 960 4778 boc
979 4726 1103 4778 hactenus
1122 4729 1176 4782 sA
1196 4743 1274 4794 super
1293 4723 1410 4776 becbuc
1429 4739 1512 4788 usque
1529 4723 1652 4776 hactenus
1671 4723 1697 4776 B

381 4811 460 4864 super
477 4796 659 4878 hoenbususq:
678 4807 783 4846 actenus
806 4794 865 4898 Vql.
917 4797 1137 4880 repromisimus
1156 4795 1212 4852 ςΒ
1231 4793 1402 4876 prontissimis
1411 4794 1448 4913 ἐ
1501 4791 1636 4912 οπάἰιιοιΑ
1645 4791 1697 4913 Βιις

380 4863 790 5000 iiuitmitliiiiih
831 4864 1404 5000 ''si‘liiblilli{fpiilfi‘lil'lil
1423 4864 1662 4986 mileullb‘ll
1675 4881 1696 4914 ¹⁵
