3874 5556
343 447 349 454 ·
379 412 445 480 324
562 451 591 510 '.
619 387 839 480 rbuuumuur
863 430 911 478 uu
935 429 1099 480 murrata
1123 429 1294 482 sumturus
1317 430 1450 480 uurms
1509 383 1514 396 ⁸

377 613 477 670 metra
508 610 650 670 minores.
695 623 794 690 neque
823 613 869 670 est
898 625 953 670 cur
982 625 1043 671 nau
1065 605 1181 689 reliqua
1204 623 1340 688 quoque,
1370 623 1448 688 quae
1471 609 1582 671 reteris
1604 609 1699 688 scrip·

377 711 452 774 turis
474 697 646 792 praeceptis
668 708 769 775 addita
793 717 878 782 suut,
903 708 948 772 rei
964 709 1064 772 omnia
1088 709 1133 772 rei
1158 708 1288 792 piurima
1312 709 1370 792 ipsi
1392 709 1578 774 Terentiano
1600 711 1699 793 potius

130 792 133 796 ⁵
192 824 194 830 ·
276 849 279 854 ,
377 811 558 885 tribuamus,
582 831 671 896 quam
696 813 732 877 ab
749 813 808 876 aliu
832 820 955 876 auctore
971 813 1063 895 petita
1087 831 1154 876 esse
1175 811 1346 876 credamus.
1391 811 1484 876 iubae
1506 812 1612 887 utros,
1636 817 1698 898 qui·

376 915 433 979 bus
448 915 573 998 plurimi
589 919 641 998 qui
656 925 724 998 post
741 915 826 979 ilium
843 913 933 978 iatine
956 914 994 978 de
1017 917 1142 980 metrica
1165 926 1230 979 arte
1246 919 1433 998 scripserunt
1454 919 1503 981 usi
1527 925 1606 988 sunt,
1631 937 1697 982 eum

377 1018 553 1084 adhibuisse
575 1017 659 1083 nulio
675 1017 812 1101 exemplo
834 1019 961 1103 probari
984 1037 1073 1102 posse
1090 1019 1176 1082 videa
1198 1037 1299 1102 neque
1322 1037 1374 1082 eos
1397 1029 1477 1092 tum,
1500 1039 1568 1084 eum
1585 1019 1699 1084 Teren·

377 1125 478 1186 tianus
510 1121 675 1194 scriberet,
712 1121 809 1186 editos
843 1121 935 1186 fuisse
963 1131 1047 1206 puto.
1093 1131 1220 1205 apparet
1245 1131 1348 1188 autem
1375 1122 1452 1187 baec
1481 1127 1590 1196 omnia,
1621 1143 1698 1206 quae

208 1227 260 1282 -Ἲ
377 1225 456 1298 dixi,
480 1225 516 1288 ad
539 1227 697 1288 metricam
720 1224 888 1290 doctrinam
912 1228 942 1289 iu
966 1228 1055 1289 tertio
1071 1225 1149 1290 libro
1165 1228 1329 1308 expositam
1352 1225 1516 1308 pertinere.
1560 1245 1596 1289 ea
1620 1227 1697 1290 euim

378 1345 456 1410 quae
480 1329 517 1390 de
544 1327 653 1404 litteris
682 1339 711 1392 et
738 1330 777 1392 rie
803 1328 927 1414 syttabis
955 1330 1109 1412 inprime
1132 1329 1319 1394 eteecuudo
1342 1326 1422 1392 libro
1445 1337 1607 1412 praecepta
1630 1336 1698 1392 suut

378 1427 459 1512 uude
482 1432 575 1513 petita
597 1432 657 1494 sint
679 1450 741 1495 nou
764 1441 891 1496 constat.
