3858 5560
609 305 689 362 tur.
709 303 821 362 statu
840 306 911 362 ura.
930 306 986 360 uu
1004 309 1029 372 e,
1047 307 1158 358 ea-rr
1491 307 1547 372 tn

250 407 425 462 ...aennon
1189 472 1196 484 Ι
1362 407 1523 464 pastro.

224 498 304 580 quod
334 498 533 580 consequenti
563 501 679 562 ratione
709 507 955 581 praeposterum.
985 516 1075 581 qrrarn
1104 501 1244 582 superior
1271 497 1548 578 modernatum,

228 601 346 664 induxit
369 605 430 672 sic,

185 690 189 698 ’
438 707 580 788 ulresque
603 706 759 771 deducunt
782 707 891 778 lovem,
916 725 996 770 nuno
1020 725 1102 770 mare
1126 725 1208 770 nuno
1229 705 1334 770 siluae.

226 809 335 872 etenim
361 811 471 874 veritus
495 827 532 874 ne
555 809 682 874 subtecti
708 810 797 891 epodi
823 812 907 891 prius
931 829 1047 874 comma
1071 830 1106 872 ex
1123 810 1217 874 lteroo
1233 808 1401 874 subsistens
1417 809 1546 872 eundem

187 936 199 976 s
226 915 439 977 enuntiationis
462 933 570 978 sonum
594 913 736 978 redderet
763 913 926 976 iambicum
956 913 1117 976 dimetrum
1141 915 1327 996 anteposuit,
1352 931 1412 995 qtro
1437 915 1546 976 variata

226 1016 439 1098 ruoilulatlone
454 1020 570 1099 gratior
585 1017 775 1081 redderetur.
814 1035 881 1080 nam
906 1026 936 1079 et
957 1020 990 1080 iu
1013 1019 1179 1099 superiore,
1205 1035 1242 1080 ns
1265 1019 1312 1080 sui
1334 1020 1457 1100 generis
1481 1036 1547 1082 rer·

226 1141 291 1184 sum
307 1120 506 1202 subiungeret
521 1123 667 1192 trimetro,
692 1118 777 1183 heroi
801 1139 917 1186 comma
941 1121 1098 1202 praemisit
1121 1122 1170 1190 lta,
1195 1120 1342 1184 ‘seribere
1359 1120 1546 1184 versiculos'.

240 1207 246 1219 λ’
313 1225 346 1288 ln
370 1225 476 1289 eodem
500 1225 557 1288 ode
580 1238 657 1287 xv11

433 1328 553 1392 altera
577 1331 647 1391 iam
672 1329 811 1390 teritur
836 1325 951 1392 bellis
973 1327 1156 1390 civilibus
1175 1335 1297 1420 petas,

191 1455 214 1496 ro
324 1425 328 1434 '
434 1417 1096 1514 snt'setipsauomavtribnsruit.
1179 1409 1221 1450 '''

227 1538 311 1619 prior
335 1537 461 1606 herous,
492 1555 622 1619 sequeus
645 1537 782 1600 trimeter
810 1533 956 1599 iambicus
978 1535 1158 1598 acatalectus
1182 1546 1241 1606 est,
1271 1554 1327 1616 «pm
1356 1537 1547 1616 coprtrtattono

228 1643 364 1703 interae
388 1650 554 1704 metrorum
579 1641 719 1704 Horatius
742 1639 835 1704 semel
860 1658 931 1702 usus
952 1637 963 1722 ΙΙ
988 1640 1149 1722 reperitur.
1196 1639 1265 1702 item
1290 1638 1450 1701 ‹linietrum
1475 1660 1546 1722 epo·

228 1745 300 1808 dum
324 1744 447 1808 beroieo
472 1747 572 1808 versui
596 1743 706 1808 subicit
729 1745 787 1815 sic,

436 1846 564 1912 mollis
586 1849 730 1912 inertia
754 1867 821 1912 eur
845 1856 989 1910 tautam
1012 1846 1218 1910 rlllluderit
1241 1849 1326 1910 imis

192 1975 214 2016 u
435 1951 669 2016 oblivionem
694 1949 892 2021 sensibus:

227 2054 366 2118 sinuliter

308 2147 310 2151 ’
477 2177 546 2222 nox
570 2169 653 2222 erat
676 2169 712 2222 et
734 2157 841 2222 eaelo
864 2157 1036 2239 fulgebat
1060 2159 1143 2220 luna
1168 2177 1307 2221 sereno

477 2265 581 2326 inter
604 2263 747 2326 minora
772 2263 910 2326 sidera.

227 2385 289 2448 rprro
312 2365 449 2448 exemplo
474 2366 520 2430 bis
542 2387 611 2460 nee⁸
622 2367 748 2449 amplius
771 2365 811 2429 in'
826 2365 944 2450 epodon
968 2365 1047 2428 libro
1068 2374 1154 2448 poeta
1178 2385 1252 2428 usus
1275 2374 1328 2429 est.

190 2495 214 2532 eo
315 2469 347 2534 ln
371 2469 474 2535 ultima
499 2469 565 2542 ode,
590 2478 736 2552 quaeest

492 2575 562 2652 iam
586 2575 657 2637 iam
681 2573 835 2637 ellieaci
859 2573 901 2634 do
926 2592 1057 2636 manus
1079 2574 1285 2643 scientiae,

228 2679 376 2742 trimetris
398 2677 539 2742 omnibus
562 2682 628 2742 siue
651 2678 749 2761 epodo
773 2695 843 2741 usus
866 2685 921 2740 est.

315 2781 352 2844 Et
374 2783 520 2846 haetenus
543 2781 641 2864 opodi.
679 2783 763 2863 siqua
788 2799 859 2844 rero
882 2791 952 2844 suut
974 2780 1041 2853 alia,
1072 2781 1109 2844 de
1132 2779 1243 2862 qtrlbus
1267 2801 1327 2844 mnr
1346 2781 1485 2853 diximus,
1510 2803 1545 2845 ex

174 2907 179 2914 ·
228 2875 285 2958 liis,
310 2888 390 2949 sicut
404 2873 495 2967 supra¹
513 2889 754 2957 memoravimus,
779 2895 946 2948 nascuntur
969 2896 1020 2948 aut
1038 2884 1181 2948 ‹letractis
1204 2894 1254 2947 aut
1277 2885 1401 2948 adiectis
1424 2885 1547 2948 utilibet
1640 2957 1645 2966 Ι

190 2999 326 3053 asrrretro
350 2989 483 3072 syllabis.
509 3008 607 3069 neque
622 2991 702 3052 ullus
718 2990 780 3051 lere
800 2997 954 3069 poetarum
972 2997 1025 3060 est,
1050 2992 1100 3070 qul
1126 2988 1169 3050 rel
1194 2987 1285 3071 lyrica
1310 2989 1354 3050 rel
1378 2987 1546 3053 laoniarum

228 3093 337 3154 rlmros
361 3095 530 3176 scripserit.
562 3097 612 3178 qui
637 3092 779 3156 nonsibi
803 3092 921 3172 aliquod
945 3095 1104 3176 proprium
1128 3111 1223 3174 genus
1246 3093 1284 3155 ob
1309 3093 1546 3157 conruremiatio·

230 3215 296 3258 nem
321 3215 355 3258 ae
379 3200 554 3260 irremorlam
578 3199 624 3260 sui
647 3198 777 3260 nominis
800 3196 927 3259 finxerit.

315 3305 433 3363 :temate
457 3301 595 3384 eoquod
620 3299 799 3364 inscribitur
822 3318 945 3363 carmen
969 3299 1132 3370 saeculare,
1158 3304 1242 3364 errius
1266 3303 1385 3364 initium

479 3403 628 3466 Phoebe
650 3403 910 3486 silvarumque
935 3415 1068 3486 potens
1091 3405 1225 3476 Diana,

478 3507 643 3570 lucidum
667 3508 766 3570 caeli
790 3509 924 3581 (loeus,
950 3528 968 3569 o
991 3507 1143 3570 colendi

477 3629 626 3693 semper
650 3621 686 3674 et
708 3610 818 3682 culti.
844 3610 928 3674 date
951 3631 1043 3694 elnae
1068 3629 1267 3692 precamur

479 3723 647 3796 tempore
671 3733 795 3784 sacro,

227 3817 509 3900 lteudeeasyllalmm
535 3828 581 3882 est
607 3817 798 3901 sapplrlcum,
831 3819 926 3882 trullus
950 3821 1102 3882 coutinuis
1131 3817 1281 3887 versibus,
1313 3817 1409 3898 epodo
1439 3827 1546 3902 ‹prrartu

229 3924 313 4003 epiro
337 3923 491 3992 «timuero,
524 3922 561 3985 de
589 3921 699 4005 quibus
728 3925 758 3984 in
781 3923 911 3985 seerunia
940 3923 997 3985 ode
1026 3922 1107 3991 libri¹
1124 3925 1213 4004 primi
1242 3922 1426 3991 carminum,
1458 3924 1545 3983 rerrlns

190 4045 214 4082 a·
228 4027 347 4089 initium

521 4133 592 4193 iam
616 4133 711 4193 satis
734 4132 851 4193 terris
876 4131 973 4192 uiris
996 4139 1107 4212 atque
1131 4130 1253 4204 dirae,

228 4235 298 4297 satis
321 4233 433 4297 dietum
457 4244 513 4297 est.

297 4443 328 4493 12
348 4444 407 4492 irem
427 4441 564 4492 dimetrum
584 4443 668 4493 -19
688 4457 750 4491 rrsrrs
770 4453 809 4491 est
832 4441 933 4493 Terent.
955 4440 1041 4490 ,llour⁴
1062 4443 1243 4492 roeo-2965

299 4617 407 4679 lqrrem
426 4615 593 4678 consequenti
615 4613 708 4670 Atra,-
771 4613 872 4679 epodus
891 4611 1046 4669 ormles
1115 4616 1201 4676 bqno
1221 4613 1354 4668 uarietas
1377 4629 1427 4674 qum
1448 4615 1547 4663 nmintu

232 4683 253 4731 ,l
268 4683 292 4732 ll
362 4685 379 4734 6
399 4698 455 4734 uum
476 4694 501 4734 rt
519 4684 544 4734 iu
564 4687 678 4736 trimetro
696 4685 830 4748 superiore
849 4699 880 4732 ue
898 4683 939 4732 stri
953 4684 1055 4748 generis
1070 4698 1172 4732 uersum
1187 4682 1355 4743 subiungeret
1368 4681 1438 4730 lrerol
1458 4683 1482 4730 A
1497 4683 1547 4738 tre

295 4754 312 4804 8
335 4753 385 4804 ode
403 4767 463 4804 xnu
482 4755 507 4804 A
522 4753 547 4804 B
570 4754 618 4804 ode
637 4765 722 4808 xvrs
810 4755 841 4802 12
866 4753 1008 4802 mimetrurn
1028 4768 1096 4802 corr.
1122 4754 1258 4802 dimetrum
1280 4752 1302 4798 A
1393 4753 1424 4800 14
1447 4749 1545 4817 mollis]

233 4819 297 4870 lior.
316 4823 393 4886 epod.
416 4825 487 4886 td,l
561 4825 592 4874 tr
611 4838 662 4873 nox
682 4817 749 4888 erat]
773 4821 840 4872 Hor.
860 4823 936 4887 epod.
958 4823 1026 4878 15.r
1097 4822 1139 4873 ts·
1153 4835 1183 4870 eo
1202 4819 1270 4884 quud
1291 4820 1410 4870 str'tbittu'
1431 4819 1493 4870 AB
1516 4839 1546 4872 ou

230 4891 454 4952 proscribimus·
489 4903 493 4912 ’
523 4893 556 4944 34
575 4892 691 4942 dimoero
711 4889 805 4946 ΑΒς
823 4890 931 4940 dimetro
952 4889 1088 4940 Prttscbius
