3904 5556
616 307 695 360 xer.
715 305 826 360 onum.
846 305 916 361 ure.
937 308 950 360 r
968 307 993 360 s.
1013 309 1046 358 ea
1064 331 1097 343 -
1116 307 1139 368 c,
1161 306 1192 356 13
1523 301 1566 369 33

269 419 291 462 p.
304 408 363 450 245⁴.
376 407 403 450 bb
418 405 440 451 P.
1383 419 1407 462 p.
1421 406 1498 447 88-ss
1512 403 1539 448 G.

244 499 428 560 enuntiatur.
462 515 488 568 e,
505 515 583 579 quae
598 499 746 578 sequitur,
770 496 916 578 depresso
932 496 1050 560 modice
1067 499 1144 560 rictu
1160 497 1222 558 oris
1242 493 1438 577 reductisque
1454 497 1566 558 intror-

245 619 310 664 sum
323 600 411 664 labiis
428 601 563 664 effertur.
587 599 769 664 isemicluso
782 617 835 663 ore
847 601 1055 683 impressaque
1064 601 1176 664 sensim
1192 600 1292 680 lingua
1307 597 1446 663 dentibus
1461 617 1566 662 rocem

244 702 335 768 dabit.
381 725 409 776 o,
434 713 468 768 ut
491 724 522 777 e,
551 707 705 787 geminum
735 706 818 767 rocis
845 721 953 767 sonum
977 723 1033 787 pro
1062 705 1240 768 condicione
1267 705 1414 786 temporis
1441 704 1566 794 promit.

244 808 324 872 uude
348 809 428 872 inter
451 817 570 873 nostras
586 807 703 871 vocales
725 829 747 890 η
765 817 794 871 et
816 827 841 870 ω
858 809 1043 871 Graecorum
1068 817 1100 870 ut
1114 825 1320 891 supervacuae
1335 807 1567 889 praetermissae

219 922 324 975 ssuut.
360 914 454 994 igitur
477 915 529 997 qui
543 910 557 998 ΙΙ
574 920 747 988 correptum
772 912 917 983 enuntiat,
943 929 999 974 nec
1023 927 1132 990 magno
1154 906 1238 976 biatu
1260 911 1345 976 lubra
1368 907 1517 974 reserabit
1539 919 1569 972 et

244 1025 411 1080 retrorsum
434 1026 532 1080 actam
561 1019 693 1098 linguam
718 1015 845 1080 tenebit.
889 1016 1014 1094 longum
1044 1022 1142 1078 autem
1173 1015 1329 1098 productis
1356 1012 1458 1086 labiis,
1489 1016 1568 1077 rictu

245 1123 352 1191 tereti,
376 1118 477 1202 lingua
501 1129 589 1184 antro
612 1121 674 1183 oris
697 1117 827 1201 pendula
860 1137 969 1182 sonum
992 1120 1139 1198 tragicum
1164 1117 1261 1191 dabit,
1291 1121 1377 1183 euius
1401 1118 1565 1182 observati·

245 1224 312 1286 ouis
336 1227 418 1287 etin
443 1245 459 1289 a
482 1223 595 1288 littera
611 1223 717 1287 similis
738 1240 835 1304 paene
858 1223 945 1286 ratio.
990 1241 1010 1285 u
1034 1221 1163 1286 litteram
1193 1225 1332 1302 quotiens
1361 1224 1566 1294 enuntiamus,

245 1327 401 1408 productis
423 1339 454 1392 et
477 1327 655 1392 coeuntibus
684 1324 776 1390 labris
799 1327 970 1391 efferemus.
1018 1335 1048 1389 et
1069 1344 1109 1390 ne
1124 1317 1150 1408 'y
1172 1343 1317 1390 conexam
1342 1327 1458 1406 graecis
1480 1343 1567 1390 roca·

210 1449 233 1490 ro
246 1431 324 1494 libus
347 1434 621 1512 praetermiserim,
646 1433 737 1494 cuius
760 1429 950 1513 frequentem
974 1449 1061 1494 nsum
1085 1429 1230 1512 quaedam
1254 1429 1344 1493 rerba
1368 1449 1421 1493 seu
1445 1432 1568 1494 nomina

247 1535 421 1600 desiderare
443 1545 627 1612 nuscuntur,
651 1537 748 1618 ipsam
771 1534 892 1616 quidem
909 1536 1027 1617 graecis
1050 1533 1218 1606 vocabulis,
1242 1551 1309 1596 cum
1327 1534 1496 1607 inciderint,
1520 1551 1569 1598 re·

245 1637 446 1710 servabimus:
477 1640 544 1702 ioco
567 1647 668 1703 autem
692 1638 781 1702 buius
804 1659 823 1702 u
847 1637 978 1702 litteram
1006 1645 1106 1721 aptam
1136 1639 1249 1700 nostris
1271 1636 1395 1701 vocibus
1418 1639 1567 1710 finximus,

245 1761 334 1824 quarn
358 1744 416 1806 nisi
439 1762 495 1825 per
516 1763 561 1806 ov
578 1743 769 1806 coniunctam
787 1743 895 1808 Graeci
917 1740 1052 1806 scribere
1076 1760 1110 1805 ac
1132 1742 1331 1823 pronuntiare
1354 1759 1415 1804 uun
1430 1753 1567 1824 possunt.

329 1845 417 1910 Nunc
440 1845 477 1909 de
500 1846 751 1918 consonantibus,
782 1865 858 1930 quae
886 1845 945 1910 sibi
974 1849 1057 1909 vocis
1085 1863 1196 1908 sonore
1225 1854 1314 1928 atque
1343 1846 1408 1926 ipsa
1432 1847 1493 1909 oris
1516 1865 1567 1909 ex·

209 1967 232 2010 n
245 1951 402 2031 pressione
425 1958 496 2013 suut
517 1951 692 2030 proximae,
715 1960 749 2014 ut
770 1967 837 2014 sese
853 1949 1033 2021 obtulerint,
1058 1949 1278 2012 enarrabimus.
1324 1967 1341 2012 e
1363 1947 1475 2031 qulbus
1499 1950 1518 2014 b
1538 1959 1568 2013 et

245 2072 264 2135 p
286 2053 405 2116 litterae
429 2055 642 2117 coniunctione
666 2053 812 2118 vocalium
842 2057 927 2136 quusi
949 2052 1081 2135 syllabae
1105 2052 1184 2134 (nam
1210 2057 1294 2115 muta
1322 2055 1423 2134 portio
1446 2055 1568 2136 penitus

243 2141 331 2220 latet:
360 2174 460 2238 neque
490 2159 571 2220 enim
601 2156 690 2220 labiis
720 2157 839 2221 biscere
862 2157 994 2221 ullumve
1023 2165 1153 2220 meatum
1182 2157 1264 2219 vocis
1288 2159 1458 2236 exprimere
1483 2159 1567 2221 uisus

245 2259 334 2330 valet,
366 2262 423 2323 nisi
447 2259 565 2324 vocales
588 2263 701 2324 exitum
725 2261 865 2325 dederint
887 2270 976 2344 atque
1004 2279 1057 2323 ora
1080 2262 1254 2340 reserarint)
1285 2259 1398 2342 dispari
1426 2263 1507 2324 inter
1534 2281 1567 2324 se

244 2366 305 2427 oris
327 2364 426 2428 officio
451 2365 671 2446 exprimuntur.
719 2383 787 2426 nam
803 2367 901 2447 prima
919 2364 1041 2447 exploso
1065 2384 1081 2428 e
1098 2363 1205 2427 mediis
1221 2363 1307 2428 labiis
1322 2381 1413 2439 sono,
1436 2382 1568 2445 sequens

209 2485 419 2548 socompresso
449 2486 504 2530 ore
528 2466 608 2530 relnt
630 2469 797 2530 introrsum
820 2477 948 2532 attracto
972 2469 1053 2531 cocis
1074 2471 1136 2531 ictu
1160 2467 1335 2550 explicatur.
1382 2469 1512 2532 cetlam
1536 2475 1566 2532 et

245 2588 273 2650 g,
297 2579 443 2654 utsupra
472 2575 625 2651 scraptae,
656 2589 731 2634 sonu
760 2573 916 2652 proximae
944 2573 1006 2636 oris
1034 2569 1188 2635 molimine
1218 2574 1345 2654 nbuque
1375 2572 1564 2636 dissentiunt.

246 2693 311 2738 nam
334 2693 352 2738 c
378 2675 501 2740 reducta
519 2677 683 2738 introrsum
701 2671 801 2756 linqua
824 2675 896 2738 binc
911 2685 1001 2758 atque
1023 2676 1094 2740 binc
1109 2675 1239 2739 molares
1262 2693 1374 2758 urgens
1390 2675 1565 2740 haerentem

244 2781 321 2842 intra
352 2797 386 2842 os
410 2798 518 2842 sonum
548 2780 629 2842 vocis
659 2779 804 2842 excludit:
833 2783 933 2859 grim
956 2780 1068 2862 prioris
1090 2781 1157 2862 pari
1186 2777 1304 2860 linguae
1334 2777 1438 2844 habitu
1468 2779 1566 2861 palato

245 2900 410 2964 suggerens
433 2881 531 2946 lenius
553 2882 662 2946 reddit.
710 2881 728 2944 d
751 2891 851 2946 autern
875 2893 906 2946 et
929 2893 954 2953 t,
980 2883 1103 2963 quibus,
1128 2893 1160 2944 ut
1183 2884 1223 2946 ita
1247 2881 1387 2956 dixerim,
1419 2886 1500 2946 nocis
1538 2882 1550 2968 [Ι

209 3007 233 3048 as
247 2987 380 3049 vicinitas
404 2987 551 3066 quaedam
575 2997 637 3058 est,
662 2985 784 3066 linguae
807 2985 976 3049 sublatione
999 3006 1033 3050 ac
1056 2989 1206 3070 positione
1230 2986 1463 3068 distinguuntur.
1496 3007 1564 3051 uam

172 3127 174 3130 -
246 3108 311 3153 oum
335 3108 470 3154 summos
493 3100 581 3172 atque
604 3092 681 3152 imos
704 3091 888 3152 coniunctim
913 3091 1018 3153 dentes
1034 3107 1174 3172 suprema
1190 3092 1236 3152 sui
1259 3101 1346 3171 parto
1360 3090 1533 3172 pulsaverit,
1558 3089 1564 3176 Ι

246 3192 415 3257 dlitteram
440 3195 592 3275 exprimit.
638 3195 778 3273 quotiens
802 3202 901 3256 autern
925 3192 1083 3257 sublimata
1107 3202 1240 3275 partem,
1271 3212 1328 3274 qua
1352 3197 1470 3276 superis
1492 3195 1565 3257 den·

248 3296 328 3360 tibus
351 3307 397 3361 est
419 3299 520 3378 origo,
554 3297 729 3377 eontigerit,
752 3303 766 3357 t
787 3313 897 3360 sonore
922 3298 1002 3361 vocis
1026 3296 1196 3378 explicabit.
1242 3295 1261 3358 lr
1286 3305 1316 3358 et
1338 3317 1357 3378 q
1380 3315 1565 3380 supervacue

247 3419 371 3464 numero
403 3400 574 3464 litterarum
605 3402 700 3464 inseri
723 3399 881 3463 doctorum
911 3399 1048 3483 plerique
1073 3400 1273 3472 contendunt,
1294 3401 1418 3486 'scillcet
1446 3401 1565 3483 quode

210 3503 342 3568 solittera
367 3505 475 3569 harum
500 3505 631 3567 officium
660 3505 756 3586 possit
779 3503 917 3588 implere.
964 3523 1032 3568 nam
1057 3513 1138 3567 muta
1163 3514 1192 3567 et
1215 3507 1309 3566 otiosa
1332 3513 1434 3587 parte,
1467 3524 1565 3588 quac

247 3610 364 3688 incipit,
401 3626 459 3691 pro
487 3607 629 3690 qualitate
658 3609 835 3670 coniunctae
864 3607 920 3670 sibi
951 3610 1031 3671 vocis
1063 3625 1239 3688 supremum
1273 3609 1414 3689 exprimit
1446 3627 1563 3673 sonum.

314 3800 346 3850 14
362 3797 438 3849 Nune
455 3797 488 3849 de
505 3797 710 3849 consonantibus
730 3823 761 3835 -
781 3799 824 3856 nt,
837 3797 870 3848 22
888 3798 1043 3866 recipiemus
1066 3797 1169 3850 Terent.
1190 3797 1277 3848 Mum.
1299 3799 1454 3851 ret-248

314 3957 327 4004 f
346 3955 480 4005 nuntiatur
494 3951 517 4004 B
588 3951 714 4020 depresso
728 3953 813 4005 editor
824 3951 984 4006 Sanetondr.
1002 3966 1124 4019 represso
1137 3951 1162 4002 B
1174 3971 1195 4002 ω
1215 3967 1340 4018 reprenso
1352 3953 1388 4006 u*
1406 3953 1564 4022 reprehenso

247 4024 272 4075 A
289 4023 348 4080 Vol.
362 4036 379 4079 ς
449 4024 465 4074 2
483 4024 665 4090 impressaque
683 4021 818 4074 Puncttue
837 4022 1026 4090 impressisque
1044 4019 1069 4071 A
1079 4019 1105 4071 B
1115 4033 1163 4078 ως
1238 4023 1253 4073 b
1271 4022 1352 4089 igitur
1369 4025 1414 4088 qui
1431 4024 1457 4076 A
1467 4024 1493 4075 B
1505 4023 1565 4076 Vol.

247 4127 324 4193 igitur
342 4140 357 4176 o
375 4127 422 4189 qui
440 4124 474 4176 a*
487 4137 540 4181 ως
615 4126 630 4175 f
649 4123 735 4192 antro]
755 4137 811 4176 srto
831 4128 856 4178 A
875 4093 950 4176 arbuti
970 4123 994 4174 B
1012 4125 1077 4174 arcti
1094 4142 1115 4174 ω
1135 4141 1196 4176 areu
1214 4137 1243 4182 5:
1264 4125 1298 4189 es.
1320 4127 1380 4178 Ter.
1399 4125 1488 4178 Maur.
1509 4129 1565 4178 13³

313 4197 329 4248 8
347 4196 413 4245 ratio
431 4195 458 4250 A
470 4195 496 4246 B
512 4194 571 4248 Vni.
600 4197 666 4246 ratio
684 4207 724 4245 est
742 4192 776 4245 n*
795 4213 816 4245 ω
835 4207 851 4250 ς
941 4195 972 4244 10
995 4208 1070 4243 usum
1090 4194 1217 4256 quaedem
1242 4193 1328 4256 (nsum
1349 4196 1411 4260 quin
1429 4193 1466 4261 B)
1486 4198 1566 4247 uerbo

248 4281 292 4316 seu
314 4264 419 4316 nomina
441 4263 591 4315 desiderare
612 4275 755 4316 noscuntur
776 4262 810 4314 a*
822 4281 844 4314 ω
857 4263 909 4319 ςΒ
927 4261 1021 4324 nsumt'q
1037 4260 1253 4329 (usumqr'an.)
1350 4264 1429 4314 uerba
1452 4279 1499 4316 seu
1518 4279 1566 4316 no·

247 4337 313 4385 minu
336 4333 393 4385 desi
399 4371 476 4386 .....
506 4345 649 4384 noscuntur
670 4333 768 4384 lacunis
788 4349 931 4398 paucarum
952 4333 1098 4383 litterarius
1113 4340 1175 4398 post
1193 4349 1209 4397 q
1229 4341 1255 4384 et
1273 4334 1328 4384 desi
1346 4333 1445 4385 relictis
1462 4335 1487 4385 A
1505 4334 1565 4387 Vol.

314 4405 344 4454 11
364 4399 483 4472 quidem]
498 4416 603 4467 quoque
615 4401 641 4453 B
695 4404 727 4454 13
746 4415 793 4469 per
805 4417 841 4454 on
853 4403 1017 4452 coniunctum
1031 4401 1166 4454 Peneidas
1179 4417 1225 4470 per
1238 4403 1256 4470 ς
1268 4403 1431 4454 coniunctum
1445 4405 1470 4454 A
1476 4403 1565 4460 Broc:

248 4485 321 4535 quum
340 4471 454 4523 scribere
474 4471 579 4532 Graius,
604 4473 655 4522 nisi
674 4471 766 4537 iunget
783 4485 799 4536 y
819 4471 935 4535 nequibit
952 4471 1031 4522 editio
1050 4469 1256 4524 Mediolanensis
1278 4471 1427 4523 terentiani
1446 4475 1505 4536 141,
1524 4473 1568 4524 ubi

249 4542 296 4591 nisi
314 4543 405 4608 iungat
425 4555 460 4592 ou
479 4547 598 4592 warentt
616 4539 756 4592 Sententia
818 4542 850 4590 14
868 4555 964 4592 sonore
982 4538 1038 4595 erl
1056 4553 1154 4608 sonorq
1173 4541 1198 4592 A
1218 4555 1328 4592 sonorae
1345 4559 1366 4591 ω
1423 4541 1458 4592 20
1480 4541 1566 4608 expli-

248 4621 333 4662 cantur
351 4612 376 4662 A
387 4609 413 4661 B
424 4627 446 4661 ω
459 4621 485 4666 ς.
522 4609 674 4661 Terentiam·
690 4616 835 4675 praecepto
853 4611 886 4661 de
905 4611 920 4660 b
939 4616 964 4660 et
982 4623 1000 4674 p
1018 4609 1114 4660 littero
1131 4613 1188 4676 ipse
1205 4609 1354 4662 Victorinus
1370 4609 1566 4675 perturbnuisse

248 4680 344 4731 videtur
419 4681 452 4730 21
471 4678 585 4746 scriptae
603 4695 650 4734 om.
663 4679 685 4729 A
696 4676 721 4727 B
731 4691 783 4733 ως
868 4680 901 4728 22
920 4677 981 4728 lrino
999 4690 1076 4741 atque
1094 4677 1153 4730 bino
1172 4680 1237 4729 iuter
1255 4677 1366 4728 molares
1385 4693 1497 4746 surgens
1515 4697 1537 4731 ω
1549 4691 1567 4736 ς

312 4751 345 4802 23
362 4745 465 4816 habitu]
486 4747 580 4799 labitur
593 4747 618 4799 B
637 4747 707 4798 lubit'
727 4747 756 4814 (i.
771 4763 794 4798 e.
809 4745 914 4810 labitur)
927 4749 951 4798 A
972 4747 1047 4814 lapsu
1061 4759 1112 4804 ως
1187 4749 1221 4800 26
1238 4748 1418 4814 distinguntur
1436 4750 1461 4800 A
1472 4747 1497 4799 B

249 4815 280 4867 tt
297 4816 408 4887 superis]
429 4818 554 4886 superius
574 4823 597 4868 A
609 4817 634 4868 B
646 4835 667 4868 ω
681 4829 698 4872 ς
776 4817 810 4868 28
832 4817 982 4884 corrriogent
1000 4817 1026 4867 A
1036 4813 1061 4865 B
1073 4833 1094 4865 ω
1113 4817 1247 4880 eorrtiuqet
1264 4829 1280 4873 ς
1360 4833 1524 4886 superuucuq
1545 4817 1566 4870 B

251 4899 420 4952 superuacuae
443 4889 504 4940 Vol.
530 4901 693 4956 superuacuo
714 4887 802 4941 osu
886 4889 917 4938 ut
937 4899 1087 4953 supremum
1110 4886 1181 4936 Ba*
1199 4888 1323 4942 Vntws
1351 4889 1521 4953 supremitum
1542 4891 1566 4939 A

298 4987 446 5022 ursmarus
461 4988 545 5020 usurus
558 4989 590 5021 vr.
1345 4975 1360 5024 3
