3904 5556
386 334 427 399 32
695 313 697 319 ’
886 335 993 388 aranu
1016 334 1208 390 vroronnu

410 433 591 490 patresano.
1248 447 1251 454 ⁴
1527 453 1549 496 p.
1563 442 1642 484 ιιι-«ιο
1656 441 1680 484 o.
1714 418 1717 424 ’

385 526 414 586 in
439 545 458 588 ιι
481 527 605 589 allectus
620 526 847 606 ingemiscentis
862 545 915 588 seu
932 523 1071 590 eiulantis
1084 547 1233 610 personae
1251 525 1261 608 ΙΙ
1279 526 1457 608 plerumque
1479 533 1556 611 apud
1576 535 1708 613 tragicos

384 645 437 690 seu
461 631 592 692 comicos
614 631 783 710 reperitur,
813 628 858 690 rel
882 631 907 691 si
932 647 969 691 ex
992 633 1159 714 composito
1176 631 1321 712 accipias,

593 732 729 802 uvidus
752 731 913 794 hiberna
938 735 1044 797 venit
1066 735 1108 797 de
1131 733 1273 816 glande
1296 735 1498 803 Menalcas.

385 854 490 900 rursus
513 835 590 900 duae
613 837 692 899 iuter
714 855 748 898 se
772 835 889 900 vocales
912 839 1029 918 iugatae
1053 857 1088 902 ac
1111 839 1168 902 sub
1192 840 1281 902 unius
1303 839 1385 900 vocis
1408 843 1612 905 enuntiatione
1634 860 1705 924 pro·

385 940 463 1004 latas
485 939 630 1023 syllabam
661 938 775 1002 iaciunt
803 951 907 1002 natura
931 941 1066 1024 longam,
1097 961 1186 1024 quam
1211 943 1319 1005 Graeci
1348 941 1557 1026 diphthongon
1587 955 1731 1018 vocante

387 1044 476 1106 veluti
504 1046 642 1124 geminae
666 1041 670 1128 Ι
695 1045 775 1106 vocis
803 1063 895 1108 unum
926 1064 1050 1117 sonum,
1082 1055 1114 1108 nt
1143 1066 1177 1110 ae
1200 1065 1236 1109 oe
1267 1064 1315 1109 au.
1361 1045 1408 1108 his
1435 1066 1489 1110 sen
1517 1048 1706 1132 simplicibus

385 1166 438 1210 seu
462 1148 630 1211 coniunctis
652 1167 786 1211 conexae
810 1147 944 1231 reliquae
967 1148 1100 1223 litterae,
1130 1149 1209 1230 quod
1241 1169 1348 1212 sonum
1373 1153 1453 1215 vocis
1476 1165 1606 1234 augeant
1624 1172 1705 1218 cras·

384 1253 555 1334 siorcmque
580 1252 723 1329 elliciant,
749 1261 948 1316 consonantes
970 1264 1124 1316 vocantur.
1171 1256 1302 1338 quaein
1325 1253 1400 1317 duas
1422 1265 1523 1337 partes
1539 1257 1705 1338 diremptae

384 1353 579 1418 semivocales
609 1356 730 1436 quidem
760 1365 877 1438 septena
905 1356 1033 1429 dabunt,
1062 1358 1090 1419 id
1121 1369 1165 1421 est
1195 1357 1288 1420 llm
1312 1376 1331 1420 n
1355 1378 1409 1422 r.r
1431 1379 1445 1420 s
1468 1380 1502 1432 ιι,
1530 1379 1566 1424 ex
1596 1359 1706 1442 quibus

383 1457 525 1542 liquidae,
551 1478 625 1542 quas
647 1451 857 1542 α’μεταβόλας
879 1463 940 1524 sivo
963 1453 1071 1542 ὑγράς
1093 1462 1201 1526 Graeci
1225 1471 1344 1536 vocant,
1369 1473 1440 1526 sunt
1462 1474 1619 1546 quattuor,
1642 1463 1652 1525 l
1676 1487 1703 1528 m
1720 1486 1744 1524 ro

385 1582 403 1626 ιι
428 1582 458 1634 r,
482 1562 611 1644 ideoque
634 1563 787 1626 subiectae
811 1566 901 1628 mutis
924 1565 1045 1636 litteris,
1071 1581 1147 1644 quae
1171 1569 1202 1628 in
1226 1568 1317 1630 tertio
1342 1566 1491 1630 habentur
1514 1577 1574 1631 tarn
1598 1567 1704 1632 ordine

385 1685 474 1747 quam
499 1677 657 1748 potestate,
685 1687 761 1750 quae
784 1675 855 1730 sunt
877 1667 896 1730 b
920 1686 936 1729 c
959 1667 977 1729 d
1001 1687 1020 1748 g
1043 1669 1062 1730 lr
1087 1669 1104 1730 li
1129 1686 1147 1750 p
1172 1690 1190 1752 q
1214 1677 1239 1741 t,
1263 1672 1293 1732 in
1317 1670 1519 1735 declinatione
1542 1671 1703 1736 verborum

384 1789 438 1834 seu
455 1773 609 1834 nominum
627 1789 791 1852 numquam
816 1790 831 1833 a
848 1773 973 1852 proprio
995 1782 1101 1835 tenore
1125 1791 1159 1834 ac
1173 1772 1306 1854 legitimo
1329 1777 1487 1856 positionis
1509 1794 1583 1838 snae
1598 1774 1704 1838 ordine

384 1873 518 1940 divulsae
541 1884 630 1956 atque
653 1877 684 1936 in
708 1873 832 1937 alteram
857 1874 1026 1938 litterarum
1051 1879 1299 1956 commigratione
1319 1878 1480 1941 translatae
1503 1881 1648 1962 speciem,
1672 1889 1700 1941 ut

384 1979 440 2042 alia
465 1979 665 2042 dellectantur
688 1987 777 2061 atque
801 1989 965 2042 mutentur.
997 1998 1054 2060 qua
1078 1980 1257 2043 condicione
1280 1983 1369 2046 etiam
1392 1984 1423 2046 in
1448 1986 1551 2046 menis
1568 2002 1701 2046 commu·
1717 2001 1741 2042 rs

385 2101 438 2146 nes
461 2082 589 2166 syllabas
612 2083 736 2149 iaciunt.
762 2083 765 2166 ,

729 2273 779 2337 DE
803 2271 1087 2364 tnvrvvtat'torvn
1113 2272 1359 2339 ttt'Tnnsnvat

472 2395 586 2458 Placuit
614 2407 731 2464 autem,
760 2405 920 2476 antequam
951 2394 987 2456 de
1018 2403 1123 2456 natura
1154 2393 1350 2476 syllabarum,
1383 2413 1459 2476 quac
1489 2415 1569 2460 nunc
1596 2398 1703 2478 longae

386 2517 466 2562 nunc
491 2499 598 2562 breves
621 2501 651 2560 in
675 2499 780 2560 metris
804 2497 994 2568 adseruntur,
1020 2497 1122 2561 dicere
1145 2499 1302 2580 incipiam,
1328 2499 1412 2578 prius
1435 2497 1472 2561 de
1496 2500 1703 2564 enuntiatione

385 2604 569 2683 singularum
594 2601 759 2665 litterarum
786 2611 815 2662 ct
838 2619 927 2672 sono,
952 2603 1002 2682 qui
1026 2603 1056 2664 in
1079 2620 1131 2664 ore
1156 2611 1261 2665 nostro
1284 2604 1366 2664 vario
1384 2603 1513 2684 quodam
1537 2605 1619 2666 vocis
1641 2605 1743 2666 ictueo

384 2709 512 2786 nisuque
537 2706 698 2772 formatur.
730 2704 885 2767 exordium
910 2723 1038 2768 sumere.
1085 2723 1144 2768 uon
1169 2703 1266 2771 solum
1291 2715 1389 2769 autern
1414 2726 1468 2769 vox
1492 2725 1620 2770 seriusve
1643 2709 1703 2771 icto

383 2817 463 2880 aire,
490 2817 522 2872 ut
545 2809 691 2886 audimus,
716 2809 905 2891 exprimitur,
927 2807 1007 2891 lsetl
1033 2817 1061 2869 et
1085 2827 1172 2871 omne
1195 2828 1304 2890 corpus
1328 2809 1519 2874 verberatum
1544 2821 1572 2873 et
1594 2809 1701 2892 impul-

382 2933 449 2976 sum
472 2931 580 2976 sonum
611 2915 754 2977 conlusae
783 2913 863 2975 vocis
887 2911 983 2983 dabit,
1016 2921 1045 2974 et
1073 2913 1194 2992 quidem
1224 2915 1338 2975 rarimn
1369 2931 1403 2975 ac
1427 2912 1621 2995 multiplicem
1646 2933 1702 2998 pro

384 3016 526 3098 qualitate
551 3017 715 3099 plagarum.
762 3016 893 3079 diximus
914 3017 1005 3095 igitur
1028 3015 1144 3078 litteras
1166 3018 1197 3076 in
1219 3015 1294 3079 duas
1309 3019 1442 3099 species,
1465 3017 1495 3080 id
1520 3027 1566 3080 est
1588 3016 1704 3081 vocales

383 3133 656 3202 consonantesque,
682 3121 828 3192 discerni,
853 3137 980 3202 quarum
1004 3119 1092 3186 alias,
1117 3121 1182 3182 sine
1198 3123 1265 3202 quis
1288 3119 1401 3202 syllaba
1425 3121 1507 3184 coire
1531 3121 1576 3182 vix
1592 3129 1700 3203 potest,
1716 3141 1743 3182 es

383 3224 515 3300 vocales,
539 3225 625 3295 alias,
650 3243 726 3306 quae
743 3225 920 3286 coniunctae
936 3221 1143 3304 superioribus
1160 3224 1240 3285 vocis
1255 3241 1361 3287 sonum
1378 3224 1521 3287 adiuvent
1535 3235 1565 3286 et
1580 3243 1701 3288 sensum

383 3328 509 3392 auribus
532 3349 566 3392 ex
599 3329 758 3411 utriusque
788 3329 1001 3390 coniunctione
1028 3325 1109 3388 velut
1139 3327 1291 3406 geminum
1322 3326 1474 3399 adierant,
1504 3339 1704 3392 consonantes

383 3431 542 3515 appellarl;
568 3450 617 3493 ens
641 3450 760 3512 quoque
783 3433 813 3493 in
837 3431 911 3492 duas
934 3443 1049 3512 partes,
1074 3430 1104 3491 id
1128 3441 1173 3492 est
1188 3430 1383 3493 semivocales
1399 3441 1572 3513 mutasque,
1597 3431 1703 3511 digeri.

385 3557 400 3598 e
425 3538 492 3615 quis
515 3534 708 3599 semivocales
731 3537 762 3598 in
788 3535 992 3597 enrrntlatione
1016 3535 1138 3615 propria
1162 3553 1216 3596 ore
1238 3533 1400 3598 semicluso
1423 3540 1574 3617 strepunt,
1603 3544 1702 3598 mutae

383 3649 483 3701 autem
507 3656 563 3702 nec
586 3643 664 3701 rictu
688 3641 748 3700 oris
773 3657 827 3700 nec
850 3637 972 3718 linguae
995 3641 1064 3698 nisu
1087 3655 1194 3699 sonum
1219 3638 1309 3700 edere
1332 3641 1394 3700 nist
1413 3640 1591 3701 coniunctae
1615 3657 1701 3700 voca·
1716 3653 1742 3692 ιο

382 3742 462 3804 libus
485 3752 609 3822 queunt.
655 3744 746 3820 igitur
768 3741 903 3822 singulae
926 3759 982 3821 qua
1007 3741 1068 3804 oris
1092 3742 1186 3804 nostri
1209 3741 1280 3804 sede
1304 3750 1482 3822 conceptae,
1507 3759 1572 3820 quo
1594 3744 1700 3821 spiritu
1745 3717 1763 3743 ⁹

382 3847 485 3909 nisuve
510 3847 670 3916 lormatae,
695 3847 776 3907 vocis
798 3863 869 3908 suae
893 3846 949 3906 vinr
973 3852 1211 3927 potestatemque
1234 3847 1418 3928 exprimant,
1444 3852 1476 3906 ut
1498 3853 1620 3926 potero,
1650 3865 1700 3907 ex·

382 3949 509 4030 plicabo.
556 3967 572 4010 a
595 3949 695 4012 littera
719 3951 795 4010 rictu
819 3947 921 4030 patulo
944 3967 1089 4028 suspensa
1116 3967 1213 4028 neque
1238 3961 1242 4032 p
1267 3949 1413 4030 impressa
1437 3949 1577 4012 dentibus
1600 3949 1699 4028 lingua

382 4089 587 4099 -—--—-

450 4177 465 4226 7
485 4173 634 4225 Placuit-
653 4175 694 4232 33,
716 4173 747 4222 13
766 4173 934 4239 pronuntiare
954 4187 1006 4223 non
1025 4183 1138 4240 possunt
1160 4172 1265 4226 lerant.
1284 4170 1371 4223 Μαιιν.
1389 4175 1423 4222 85
1436 4199 1467 4208 -
1483 4177 1534 4224 laid

451 4369 464 4414 1
489 4381 535 4415 sen
553 4363 681 4414 ¹eiulantis
704 4374 721 4418 ς
745 4378 789 4412 seu
810 4361 964 4414 lreululsutis
984 4366 1008 4414 Α
1035 4379 1081 4414 sen
1105 4362 1154 4414 lieu
1175 4362 1280 4416 iulantis
1299 4361 1324 4412 B
1394 4363 1410 4412 Β
1434 4363 1631 4428 ιερειίιιιιιιιις

381 4431 522 4501 duvidns]
549 4433 846 4500 Verg.bncnl.10,20
916 4433 1028 4484 dunum
1048 4434 1251 4498 intemperiei.
1270 4435 1295 4484 A
1366 4445 1459 4481 sonum
1478 4444 1493 4496 q
1512 4445 1539 4481 ιιι
1556 4433 1629 4483 nezi

380 4500 698 4566 'lquncsounnruociB
780 4503 974 4566 crassioresque
993 4501 1084 4558 ΑΒς
1167 4505 1199 4553 10
1220 4503 1335 4566 sortasse
1352 4498 1465 4563 liquidae
1488 4513 1699 4564 susat-quantuor,

381 4571 424 4620 Ιιιι
439 4587 455 4622 ιι
469 4588 489 4631 ι,
508 4588 573 4636 quas
594 4561 777 4638 ἅμεταβόιῑας
800 4571 855 4620 sisa
878 4561 968 4636 ὑγράς
992 4569 1081 4621 Graeci
1100 4583 1202 4638 vocant,
1227 4571 1286 4622 ideo
1308 4568 1379 4633 quod
1398 4569 1528 4620 serbiectac
1550 4571 1603 4620 sina
1621 4572 1698 4619 inritis

379 4640 470 4691 litteris
489 4668 521 4678 -
540 4651 564 4692 et
577 4643 603 4692 ln
616 4641 787 4692 declinatione
803 4665 835 4675 —
853 4641 965 4706 speciem
981 4641 1006 4688 in
1020 4639 1084 4690 alins
1101 4639 1154 4702 (oet
1164 4654 1194 4691 ιιι
1205 4637 1283 4705 aliae)
1300 4637 1468 4688 deflectantur
1480 4649 1557 4703 atquc
1570 4650 1700 4688 mittentur·

448 4711 696 4765 aliorumnas
718 4709 943 4760 l'ornrannn'AIl
1025 4711 1058 4758 23
1077 4719 1103 4759 et
1121 4705 1237 4775 quidem]
1259 4722 1282 4758 et
1301 4707 1372 4772 qnod
1390 4705 1415 4755 B
1496 4709 1530 4760 25
1551 4707 1699 4764 discernis
1784 4711 1789 4720 '

380 4779 482 4830 decerni
501 4779 596 4831 ΑΒω
630 4819 642 4831 .
669 4782 702 4831 ‘to
721 4777 1084 4842 qrrnecouiuncaaeBoaos
1102 4779 1161 4830 Vnt.
1186 4777 1460 4842 quodroniunctneA
1536 4777 1568 4827 28
1587 4777 1699 4843 digeris

380 4849 464 4898 dicere
483 4851 508 4900 A
519 4847 544 4899 Β
566 4849 712 4900 discernere
730 4866 751 4897 ω
822 4849 855 4900 30
874 4843 951 4916 nictu]
971 4849 1021 4897 ictu
1040 4847 1064 4896 Α
1079 4847 1104 4898 Β
1117 4866 1138 4896 ω
1152 4860 1168 4902 ς
1239 4847 1289 4896 uisi
1312 4861 1359 4896 oen.
1374 4847 1399 4897 A
1408 4842 1433 4894 Β
1445 4859 1510 4911 ως,
1531 4847 1592 4898 add.
1613 4849 1699 4900 editor

379 4915 537 4970 Sanetandr.
558 4922 613 4973 coll.
633 4917 737 4970 Terent.
752 4917 839 4968 Μιιιιι·Ι
854 4919 887 4966 98
906 4916 1004 4966 vocalia
1024 4918 1114 4966 rictum
1134 4919 1185 4966 uisi
1200 4917 1286 4966 iuncta
1299 4917 1452 4966 dissereriut
