3906 5564
161 346 170 364 ⁸
358 369 421 438 152
858 368 965 420 oxaau
986 366 1180 422 vxcroanu

251 472 274 519 η’
320 533 323 541 .
385 457 584 527 Ρ·Μ·2ΜΡ’
972 492 978 505 ·
1488 469 1653 525 pide-loti.

358 580 428 626 nam
456 559 516 626 tale
544 569 604 632 ast,
640 557 729 642 quale
758 563 827 624 ‘cui
857 578 917 622 nou
947 559 1046 624 dictus
1074 557 1165 640 Hylas
1193 563 1296 640 puer’.
1343 559 1444 641 itaque
1474 561 1499 623 si
1527 567 1678 642 tamquam

358 664 529 748 glyconium
553 663 709 736 dividitur,
734 665 793 728 crit
808 665 939 748 primum
962 681 1079 726 comma
1096 661 1326 744 octasyllabum,
1351 665 1383 725 in
1406 682 1467 744 quo
1490 664 1573 746 prior
1588 682 1679 746 spon·

313 781 319 789 '
360 753 450 842 deus,
481 786 613 850 sequens
636 767 845 840 choriambus,
876 768 983 830 tertius
1005 764 1179 849 dibrachys,
1210 766 1289 852 qarod
1315 769 1345 829 io
1370 765 1577 830 hexametrum
1600 768 1679 848 pria·

358 891 450 956 peum
473 872 609 935 converti
632 871 676 934 sic
699 873 824 955 poterit:
849 868 931 933 solvo
955 869 1163 936 choriambum
1187 879 1217 934 ct
1240 871 1429 934 novissimam
1454 872 1519 934 eius
1536 869 1679 952 syllabam

359 975 476 1040 duabus
499 974 612 1040 ultimis
635 975 778 1040 brevibus
796 975 969 1055 neumago,
994 983 1027 1037 ut
1050 992 1085 1035 ex
1102 973 1278 1037 choriambo
1303 981 1333 1036 et
1349 971 1493 1058 dihrachy
1510 973 1706 1039 allicianturs

359 1075 468 1160 dactyli
504 1077 579 1150 duo;
616 1080 674 1142 erit
701 1078 788 1142 colon
822 1079 1005 1149 hexametri,
1039 1080 1088 1142 cui
1122 1081 1148 1142 si
1182 1079 1408 1162 pherecratium
1443 1075 1688 1161 heptasyllabam

359 1183 551 1266 opposueris,
575 1184 787 1248 hexametrum
810 1199 931 1246 versum
954 1179 1134 1264 complebis,
1152 1179 1163 1266 fl
1181 1185 1212 1245 ln
1234 1201 1294 1264 quo
1317 1183 1357 1246 sit
1380 1183 1496 1265 primus
1518 1180 1680 1266 spondeus,

360 1286 513 1352 sccundus
541 1295 571 1350 et
600 1287 706 1350 tertius
733 1284 858 1368 dactyli,
888 1295 1012 1368 quartus
1040 1285 1207 1368 spondeus,
1247 1285 1369 1369 quintus
1397 1283 1547 1368 dactylus,
1579 1293 1681 1349 sextus

359 1389 523 1473 spondeus.
569 1408 639 1454 nam
668 1393 734 1454 ‘caii
757 1409 819 1454 non
842 1389 941 1453 dictus
962 1387 1052 1471 Hylas
1074 1393 1169 1472 puer’
1199 1408 1253 1472 par
1276 1399 1322 1453 est
1343 1388 1427 1465 huic,
1458 1389 1559 1452 ‘iruuc
1581 1387 1681 1452 lucum

359 1494 416 1558 tibi
440 1493 574 1566 dedico’,
599 1492 796 1577 octosyllabo,
820 1495 871 1578 qui
894 1491 1100 1556 choriambico
1124 1493 1342 1575 compositione
1365 1493 1528 1564 lormatur;
1552 1510 1682 1574 sequens
1696 1516 1722 1557 ro

334 1590 449 1681 pars,
475 1595 478 1677 l
503 1597 551 1660 ‘et
579 1596 703 1660 Latonia
725 1597 845 1669 Delos’,
876 1579 1084 1678 heptasyllabo
1106 1595 1166 1668 illi,
1202 1597 1429 1679 ‘corraeoroque
1463 1596 1600 1680 Priape',
1630 1597 1683 1677 qui

360 1699 497 1783 spondeo
524 1709 554 1764 et
581 1700 700 1783 dactylo
729 1709 759 1764 et
788 1701 930 1765 trochaeo
953 1698 1099 1763 subsistit.
1146 1717 1214 1762 cum
1243 1717 1317 1780 ergo
1346 1699 1435 1763 huius
1463 1700 1544 1763 modi
1572 1698 1682 1784 pedum

361 1805 538 1888 compositio
561 1807 732 1876 concurrit,
762 1803 794 1866 iit
816 1803 973 1885 ambigua,
1005 1811 1038 1867 ut
1065 1801 1267 1876 ostendimus,
1297 1803 1492 1882 versificatio,
1526 1813 1559 1869 ut
1586 1813 1616 1868 et
1645 1803 1681 1868 ad

262 1950 269 1961 ·
362 1906 539 1991 dactylicum
563 1906 717 1971 transduci
739 1909 834 1990 possit
856 1917 885 1972 et
908 1907 1044 1972 adhaec
1067 1927 1144 1991 quae
1168 1905 1300 1971 diximus
1328 1906 1541 1972 choriambica.
1564 1931 1582 1972 a
1610 1927 1681 1972 con·

362 2013 485 2077 tinuatis
508 2009 628 2076 duobus
651 2010 739 2094 epodi
762 2011 964 2077 commatibus
987 2011 1096 2076 elatum
1119 2013 1150 2075 in
1174 2031 1209 2076 ea
1232 2010 1303 2083 ode,
1330 2014 1415 2076 cuius
1438 2012 1557 2076 initium
1581 2020 1635 2082 est,
1695 2032 1720 2075 rs

627 2117 724 2200 'quis
746 2115 860 2180 multa
885 2114 1047 2204 gracilis
1071 2123 1106 2180 te
1129 2134 1224 2196 puer
1248 2117 1284 2178 in
1308 2133 1403 2178 rosa.

362 2236 431 2283 nam
453 2221 636 2302 praepositis
659 2217 776 2283 duobus
808 2219 945 2285 versibus
975 2219 1089 2302 duplici
1113 2215 1289 2282 choriambo
1314 2217 1547 2283 subsistentibus
1574 2218 1684 2284 subicit

363 2321 475 2406 epodos
497 2322 586 2393 duas,
611 2341 687 2406 quae
703 2330 832 2397 mutato,
856 2335 960 2388 contra
984 2341 1073 2406 quam
1091 2329 1196 2387 auctor
1218 2322 1379 2404 disposuit,
1405 2323 1509 2387 ordine
1525 2325 1683 2408 priapeunr

362 2419 480 2491 versum
504 2425 700 2508 complebunt
722 2427 772 2500 lta,

775 2539 883 2612 grato
907 2531 1022 2613 Pyrra
1044 2528 1112 2594 sub
1136 2541 1263 2604 antro,
1386 2561 1391 2573 ·
1696 2551 1723 2594 ao

755 2635 837 2698 -cui
859 2632 995 2697 llaaam
1019 2631 1162 2714 religas
1184 2652 1334 2697 comam.

364 2740 473 2803 horum
495 2745 723 2822 praeposterato
746 2739 805 2801 situ
830 2739 989 2802 memorati
1014 2757 1118 2802 versus
1140 2739 1238 2802 lorma
1261 2736 1464 2819 praestabitur
1488 2743 1545 2812 sic,

570 2843 617 2906 cui
641 2842 747 2906 tiaram
770 2842 879 2924 religas
902 2859 1032 2916 comam,
1057 2851 1143 2922 grato
1168 2839 1260 2938 Pyrra
1283 2839 1339 2905 sub
1363 2851 1466 2914 antro,

365 2954 518 3029 tamquam

629 3048 710 3113 hune
732 3047 833 3112 lucum
857 3048 912 3112 tibi
936 3048 1042 3113 dedico
1066 3067 1273 3133 coosecroque
1296 3049 1413 3133 l‘riape.
1614 3131 1617 3137 Ι

365 3153 476 3217 dehinc
498 3162 598 3218 cetera
622 3157 687 3216 eius
711 3155 835 3216 asmatis
851 3153 1018 3218 decurrunt
1033 3153 1138 3217 eadem
1162 3153 1296 3236 strophe.
1326 3172 1398 3218 sanc
1415 3151 1488 3216 nihil
1511 3152 1561 3216 hie
1576 3153 1684 3227 oberit,

363 3260 391 3321 si
412 3259 503 3340 primi
526 3260 681 3320 coauuatis
704 3257 815 3320 'ultirna
845 3256 958 3338 syllaba
981 3259 1132 3340 positione
1164 3259 1203 3320 sit
1226 3255 1328 3337 longa,
1359 3265 1392 3321 ut
1420 3267 1465 3320 est
1493 3273 1572 3319 marn
1605 3259 1683 3338 (nam

364 3361 516 3444 excipitur
536 3357 548 3444 ΙΙ
571 3380 587 3422 a
610 3379 628 3441 g
652 3367 682 3422 ct
706 3379 730 3430 r,
756 3361 854 3441 ‘grato
878 3361 995 3442 Pyrra',
1026 3361 1095 3440 quia
1119 3379 1239 3440 semper
1267 3359 1370 3423 ultima
1394 3359 1506 3442 syllaba
1530 3371 1561 3424 et
1583 3363 1614 3424 in
1639 3363 1684 3424 in·

365 3474 451 3546 tegro
480 3473 510 3526 et
537 3463 567 3527 in
598 3475 746 3528 commate
776 3465 858 3527 omni
888 3465 954 3544 lege
983 3462 1154 3534 litlibcra,
1186 3481 1239 3526 seu
1268 3467 1336 3546 quia
1365 3465 1449 3546 prius
1479 3485 1595 3529 comma
1625 3485 1684 3529 non

366 3585 544 3650 numquam,
568 3555 715 3650 utsupra
739 3566 880 3640 diximus,
906 3569 1019 3630 cretico
1043 3565 1200 3630 clauditur.
1375 3611 1380 3623 .
1698 3589 1725 3631 ao

452 3669 564 3745 Quarta
588 3689 667 3735 nunc
690 3691 706 3734 a
731 3670 816 3735 nobis
846 3673 962 3753 species
984 3669 1192 3743 inchoabitur,
1224 3689 1284 3734 nou
1313 3681 1346 3735 ut
1374 3673 1512 3754 superior
1542 3672 1684 3756 perplexa

367 3795 424 3840 neo
447 3774 619 3855 multiplex,
643 3779 727 3839 cuius
751 3785 830 3838 tome
854 3773 910 3838 sub
934 3773 992 3839 hoc
1016 3793 1104 3838 versu
1128 3774 1196 3838 talis
1219 3776 1336 3848 existit,

434 3986 468 4035 22
487 3983 579 4033 horam
598 3993 793 4050 praeposterato
813 3983 864 4032 situ
882 3999 908 4049 p.
932 3983 988 4043 aaa,
1002 3985 1036 4034 28

371 4087 575 4101 ---Ι

435 4153 613 4222 3tribruchys
632 4170 702 4207 corr.
721 4153 859 4220 dihraclrys
877 4156 903 4206 A
932 4153 1075 4221 tribrachys
1094 4153 1150 4212 ςΒ
1166 4154 1225 4206 Vol.
1313 4153 1395 4224 quood]
1421 4158 1465 4220 qui
1490 4156 1515 4207 B
1603 4157 1686 4208 otri-

367 4227 455 4279 bruchl
473 4243 544 4282 corr.
562 4223 679 4276 dibraclri
699 4225 722 4274 A
746 4223 870 4289 dibrachy
893 4223 952 4280 Vol,
976 4223 1096 4275 tribrachi
1115 4223 1141 4275 B
1164 4225 1327 4282 tribrachos
1408 4226 1467 4278 thr
1487 4239 1539 4289 qao
1559 4226 1592 4276 sit
1611 4225 1634 4276 Α
1658 4226 1685 4276 in

367 4337 419 4386 quo
439 4321 467 4372 lit
485 4319 540 4379 ςΒ
619 4321 651 4370 11
671 4332 737 4383 quae
755 4317 873 4385 spondeo
893 4319 982 4375 Alte
1054 4321 1086 4372 13
1105 4329 1132 4371 et
1149 4319 1182 4370 ad
1201 4319 1464 4386 dactylicumsVol.
1485 4289 1685 4384 et³ddactylicum

368 4393 437 4443 Aet
454 4389 608 4456 dactylicum
629 4387 655 4439 B
717 4389 748 4440 to
767 4384 856 4454 spodi]
877 4390 943 4455 epici
962 4389 1101 4440 Santeaius
1119 4390 1145 4440 in
1168 4387 1270 4440 Terent.
1284 4389 1369 4442 ,uaan
1388 4405 1415 4454 p.
1430 4391 1490 4440 366.
1522 4389 1599 4456 epodi
1617 4403 1686 4441 conr-

293 4499 296 4506 ,
368 4471 437 4511 mata
459 4459 609 4512 Victorinus
627 4459 728 4511 dimisse
746 4459 847 4508 uidetur
864 4465 988 4510 commota
1006 4460 1084 4524 spodi
1102 4461 1158 4510 loco
1176 4460 1272 4526 posito.
1299 4459 1347 4509 sed
1364 4463 1442 4508 antea
1460 4459 1486 4509 io
1504 4461 1598 4510 lacuna
1612 4475 1686 4526 parma

368 4530 479 4581 indicaui
500 4528 564 4582 bueo
588 4529 647 4590 scre
671 4528 840 4586 exciderunt,
869 4527 937 4577 idem
960 4539 1068 4578 metrum
1097 4527 1167 4594 apud
1186 4527 1320 4578 Hortarium
1344 4527 1486 4578 irrrenitur:
1519 4529 1555 4592 os.
1583 4527 1686 4580 ibent.

370 4599 458 4652 ahaua.
476 4600 546 4650 2⁷93
567 4611 679 4664 namque
691 4596 732 4648 his
745 4597 915 4647 commatibus
936 4597 1040 4648 Flaccus
1055 4595 1174 4648 Horatius
1187 4597 1294 4648 histrum
1313 4597 1473 4662 composuit:
1494 4597 1539 4648 sed
1556 4595 1685 4648 choriaru-

368 4667 439 4718 bicos
458 4665 498 4716 Ex
517 4666 583 4718 binis
603 4665 712 4735 pedibus
733 4667 884 4731 praeposuit
901 4666 981 4720 datos:
1005 4665 1077 4717 Tunc
1096 4665 1144 4717 hos
1164 4667 1249 4733 iungit
1265 4663 1374 4731 spodos,
1399 4677 1485 4732 partes
1510 4679 1537 4716 ut
1554 4665 1632 4717 modo
1651 4665 1686 4718 do

368 4736 435 4788 duas
515 4732 735 4801 aequumne]
756 4733 1013 4804 Hor.oorrn,15,1
1086 4737 1117 4788 18
1137 4736 1237 4802 epodus
1256 4735 1321 4786 diras
1341 4733 1365 4784 Α
1385 4726 1519 4804 ἐπῳδοὺς
1546 4734 1611 4786 ditas
1631 4735 1687 4792 :B

437 4806 471 4858 22
488 4803 581 4856 horum
601 4831 633 4842 -
651 4806 685 4857 23
703 4819 806 4856 comam
827 4805 852 4854 ia
870 4821 949 4871 murp.
967 4805 1073 4857 addai
1152 4806 1185 4856 211
1204 4806 1260 4856 eius
1279 4801 1394 4861 emsa
1472 4806 1505 4856 27
1525 4814 1552 4855 ut
1570 4804 1687 4872 est(oo-

369 4888 436 4924 mam
456 4873 567 4994 addmglt
580 4886 654 4940 grato
674 4889 753 4941 pyrra
769 4888 827 4924 uam
842 4874 970 4940 excipitur
988 4889 1003 4924 a
1021 4889 1039 4942 g
1057 4886 1082 4926 et
1100 4891 1112 4926 r
1130 4876 1192 4939 quia
1210 4889 1313 4940 semper
1332 4871 1426 4930 Aac
1479 4875 1512 4926 22
1531 4889 1577 4926 seu
1590 4876 1688 4939 quiae

369 4959 414 4994 seu
434 4956 484 5007 qua
