3874 5556
800 1570 851 1624 DE
870 1571 1056 1626 Postrvnn

354 1673 513 1737 Distiuctio
542 1685 587 1738 est
611 1677 756 1758 temporis
779 1683 813 1738 et
832 1696 938 1740 sensus
965 1677 1075 1748 buitim
1106 1677 1320 1742 subdistinctio
1348 1693 1395 1744 est
1426 1700 1482 1746 nec
1512 1692 1588 1748 tern-

268 1778 350 1858 poris
373 1795 429 1840 nec
452 1797 558 1840 sensus
582 1780 691 1849 finitio:
722 1798 807 1842 mora
836 1790 882 1844 est
910 1783 1031 1861 requies
1060 1783 1161 1846 anirni.
1207 1783 1287 1844 inter
1310 1783 1536 1851 distinctionem
1559 1800 1589 1850 et

266 1879 549 1945 subdistinctionem
574 1890 603 1944 et
624 1901 742 1946 morem
765 1882 824 1945 boc
848 1885 983 1956 interest,
1008 1885 1089 1968 quod
1105 1885 1256 1948 distinctio
1280 1887 1448 1968 perfectum
1464 1909 1587 1954 sensum

239 1985 407 2062 adeelerat,
420 1985 643 2049 subdistinctio
656 1988 765 2050 inferri
788 1986 899 2070 ciiquid
924 1989 1080 2068 significat,
1105 2007 1189 2052 mora
1206 1989 1301 2051 reiicit
1318 1989 1461 2054 lectorem
1485 1995 1588 2056 simui·

265 2105 323 2168 que
345 2088 486 2153 sensibus
509 2090 610 2152 iumen
634 2091 848 2153 accommodat.

830 2297 881 2350 DE
902 2295 1017 2349 onitin

350 2399 438 2464 Cbria
468 2411 513 2464 est
541 2399 613 2464 dicti
643 2402 687 2463 vui
720 2401 789 2463 iacti
817 2403 977 2483 praecipua
1011 2403 1202 2466 memoratio:
1228 2401 1315 2472 iacti,
1352 2414 1384 2467 ut
1407 2405 1584 2486 ‘Diogenes

264 2505 387 2586 cynicus
409 2504 624 2586 pbilosopbus,¹
640 2523 707 2566 curu
732 2504 994 2568 anirnadrertisset
1017 2524 1130 2588 pueros
1153 2504 1270 2568 nobiles
1292 2507 1457 2570 inburnonc
1480 2509 1583 2573 cibum

226 2593 450 2690 ronppetentes,
476 2609 681 2689 paedagogum
706 2627 811 2670 eorum
834 2611 970 2690 scipione
994 2612 1175 2690 percussit’.
1221 2609 1294 2673 dicti
1318 2619 1417 2674 autum
1441 2611 1526 2676 ebrie
1549 2616 1580 2675 in

263 2721 326 2774 tres
348 2714 466 2794 species
489 2711 648 2775 dividitur:
679 2720 724 2774 est
753 2713 832 2774 enirn
856 2713 1072 2795 praepositiva,
1097 2721 1130 2774 ut
1153 2713 1257 2775 ‘Titus
1279 2710 1302 2796 †
1326 2713 1470 2778 Genetius
1493 2735 1583 2799 cyrus

263 2815 340 2878 dixit
361 2819 442 2879 viros
467 2815 562 2878 bonos
584 2816 665 2877 scire
688 2823 828 2893 oportere
853 2815 929 2877 maie
952 2832 1060 2894 agere,
1091 2815 1142 2877 sed
1168 2833 1228 2876 nou
1253 2821 1376 2896 agore',
1402 2829 1581 2900 percuncta-

262 2921 334 2990 tira,
363 2929 396 2982 ut
417 2920 473 2982 ‘bb
498 2919 623 2981 Porcius
647 2917 718 2981 Coto
741 2921 960 2998 interrogatus,
991 2917 1063 3001 quid
1088 2920 1127 2981 ite
1152 2928 1219 3000 post
1241 2919 1503 3002 quadragesimum
1527 2943 1581 2987 an-

263 3043 335 3086 num
357 3023 473 3086 litteras
496 3012 620 3103 graecas
643 3021 790 3092 disceret,
821 3021 897 3085 dixit
919 3023 999 3086 ‘non
1029 3031 1059 3085 ut
1083 3021 1203 3094 doctus,
1231 3021 1284 3085 sed
1314 3032 1346 3085 ut
1374 3043 1412 3087 ne
1441 3024 1581 3091 indoctus

224 3129 423 3196 ttmoriur'’;
448 3127 679 3214 refutetire,'ut
703 3125 928 3195 ‘Antisthenes
959 3125 1080 3206 cynicus
1103 3125 1313 3208 philosophus,
1346 3134 1414 3190 cuni
1443 3129 1577 3192 oluscula

262 3231 373 3293 lavaret
402 3237 432 3292 ct
460 3231 723 3293 animadvertisset
745 3231 928 3312 Aristippum
960 3229 1145 3310 Cyrenaeum
1176 3227 1388 3310 pbilosopbum
1419 3249 1487 3293 curn
1511 3232 1578 3295 bio·

261 3335 359 3414 upsim
385 3343 511 3413 tyranno
535 3332 719 3403 Siculorum,
744 3333 979 3412 ingredientem,
1004 3331 1079 3394 dixit
1102 3333 1278 3416 ‘Aristippo
1302 3337 1326 3396 si
1351 3334 1397 3396 bis
1420 3343 1581 3399 contentus

260 3455 352 3506 esses,
377 3453 436 3498 non
461 3439 542 3516 regis
565 3437 658 3518 pedes
673 3437 866 3516 sequereris':
911 3437 959 3498 cui
976 3435 1133 3517 respondit
1148 3436 1316 3517 Aristippus
1339 3439 1382 3499 ‘at
1405 3447 1436 3500 tu
1460 3441 1486 3501 si
1510 3459 1578 3521 pos·
1647 3498 1650 3505 .
1700 3492 1705 3505 .

261 3559 309 3603 ses
337 3540 496 3602 commode
524 3559 591 3602 cum
621 3559 693 3620 rege
722 3538 820 3621 loqui,
852 3557 911 3601 non
940 3537 987 3600 bis
1016 3545 1178 3601 contentus
1208 3544 1329 3602 esses’'.
1375 3541 1504 3605 adicitur
1534 3541 1578 3606 bis

222 3655 401 3726 eoquartum
418 3661 539 3726 quoque
562 3661 669 3722 genus,
694 3641 773 3724 quod
797 3659 905 3721 graece
928 3636 1102 3703 δεικτικόν
1125 3645 1247 3714 dicitur,
1272 3642 1364 3706 tattuc
1389 3643 1577 3708 demonstra·

258 3750 351 3810 tirum
375 3745 434 3809 dici
457 3753 570 3825 potest,
594 3755 628 3808 ut
649 3744 798 3808 ‘Achilles
820 3747 1033 3825 interrogatus.
1057 3745 1206 3827 quemad
1231 3746 1352 3809 modurn
1377 3749 1496 3811 vicisset
1518 3749 1576 3812 He·

260 3860 388 3920 ctorem,
419 3867 501 3912 arma
526 3849 691 3920 ostendit'‚
723 3866 812 3928 quam
842 3847 961 3930 quidam
985 3849 1017 3910 in
1040 3849 1111 3910 iacti
1134 3851 1268 3930 speciem
1292 3851 1485 3930 redegerunt.
1532 3860 1578 3914 cst

184 3950 187 3957 ⁴
258 3956 329 4016 item
346 3961 375 4015 et
391 3954 590 4023 coniunctius,
616 3961 648 4014 ut
663 3951 838 4032 ‘Diogenes
862 3953 986 4033 cynicus
1002 3950 1209 4033 philosophus,
1234 3971 1302 4016 curn
1319 3972 1409 4016 ruanu
1432 3953 1574 4016 inaurien-

259 4067 318 4118 tern
342 4057 487 4120 rusticum
511 4055 547 4118 ad
571 4055 734 4137 potandum
758 4072 865 4136 aquom
882 4055 1014 4126 vidisset,
1038 4053 1190 4136 poculum,
1207 4056 1286 4137 quod
1304 4059 1334 4118 iu
1351 4075 1423 4138 pera
1439 4056 1573 4137 gerebat,

220 4176 245 4218 rs
260 4149 370 4223 obiecit
393 4169 422 4222 ct
445 4161 519 4222 dixit
541 4159 611 4221 ‘boc
634 4176 690 4240 ego
713 4157 807 4220 levior
824 4177 890 4220 esse
914 4161 973 4220 ianr
997 4177 1118 4240 possum
1128 4160 1161 4219 ”.

328 4369 341 4418 l
361 4365 496 4416 Distinetiu
515 4377 554 4418 est
572 4393 605 4404 -·
623 4367 640 4417 6
659 4364 838 4416 accommodat
856 4365 939 4418 otum.
960 4367 1050 4424 4329

259 4481 461 4490 —-—-—-—-

359 4549 385 4600 B
418 4549 505 4602 cortex
526 4548 669 4599 Vaticanus
686 4548 755 4596 5210

359 4633 376 4676 ς
419 4620 499 4670 editio
515 4619 642 4683 princepe
660 4615 722 4667 Iani
739 4613 878 4665 Parrhasii
896 4614 1042 4666 Mediolani
1059 4631 1085 4666 a.
1104 4617 1172 4666 150⁴

326 4704 396 4756 ibe
413 4706 530 4772 positure
548 4715 574 4766 ς,
593 4705 620 4753 ia
639 4705 731 4752 taetrae
750 4699 837 4752 omli
890 4699 972 4750 iDE
991 4698 1092 4751 cunin
1111 4715 1159 4750 aar.
1173 4712 1199 4760 ς,
1218 4698 1319 4753 addi?
1373 4701 1404 4748 12
1422 4713 1576 4766 percuncte-

259 4775 310 4822 tiuu
328 4773 353 4823 B
375 4775 602 4841 percunctatines
691 4773 723 4821 tt
740 4771 838 4820 litteras
857 4783 964 4834 graecus
988 4785 1035 4820 am.
1054 4785 1080 4834 ς,
1099 4767 1199 4820 (ΜΒ
1287 4770 1317 4819 17
1342 4769 1529 4834 ingredientem
1549 4770 1575 4820 B

258 4843 415 4908 gradientem
434 4857 452 4900 ς
521 4843 555 4892 20
573 4855 665 4907 graece
684 4829 832 4890 δεικτικόν
852 4838 931 4886 iatine
950 4837 974 4888 B
993 4850 1116 4904 graece*
1136 4838 1228 4888 intinne
1247 4849 1263 4894 ς
1337 4838 1371 4889 22
1391 4837 1540 4905 redigerunt
1557 4853 1574 4896 ς

324 4914 357 4963 23
374 4915 435 4963 item
454 4923 479 4961 et
496 4909 660 4962 coniunctius
679 4908 704 4958 B
722 4911 781 4959 item
801 4909 827 4957 in
845 4909 1046 4965 coniunctione

307 5013 457 5044 omnnem
471 5012 552 5044 urm
565 5011 597 5044 vr.
1334 5009 1367 5060 18
