3906 5564
592 293 672 375 aar.
690 319 802 374 onan.
821 320 892 398 ura.
912 319 955 374 ιιι
976 321 1016 384 ιι,
1032 321 1061 372 ιι
1081 346 1115 358 -
1136 321 1206 382 rar
1496 313 1564 392 139

267 423 404 480 pnes-ee
419 423 442 466 r.
481 409 483 414 '
1368 431 1389 474 p.
1405 421 1495 462 ιιι-ιι
1509 416 1535 462 o.

243 521 394 594 tamquam
418 511 489 577 italo
512 521 543 576 et
570 513 731 595 indigenae
758 511 894 574 saturnio
923 513 986 575 sive
1014 498 1254 574 launio'nomen
1283 507 1378 573 dedit.
1423 508 1476 570 sed
1506 507 1561 571 ial-

243 616 358 680 luntur:
381 636 397 680 a
421 617 544 682 Graecis
567 618 648 681 enim
671 615 751 680 varie
774 625 805 678 et
827 614 1054 678 multiformiter
1077 614 1219 678 inductus
1242 621 1300 686 esi,
1326 631 1382 676 nec
1405 618 1520 673 tantum
1544 629 1562 672 a

242 721 363 784 comicis
391 720 442 784 sed
474 724 565 786 etiam
589 739 606 784 a
629 722 760 802 tragicis.
806 719 902 782 nostri
930 726 1032 783 autern
1055 717 1170 798 antiqui
1193 719 1241 780 usi
1263 727 1332 782 sont
1361 735 1397 778 eo
1426 731 1486 777 non
1510 714 1562 777 ob-

242 831 356 888 seruata
379 823 446 906 lege
469 843 526 889 nec
549 845 610 890 ouo
638 842 752 906 genere
774 821 940 893 custodito,
969 823 1021 886 sed
1044 831 1256 905 praeterquam
1281 819 1359 904 qood
1384 819 1563 884 durissimos

216 927 393 1001 eiecerunt,
418 927 422 1010 Ι
448 929 537 993 etiam
561 927 634 992 alios
650 927 769 1009 longos,
794 924 867 990 alios
891 924 1046 990 breviores
1061 929 1270 998 inseruerunt,
1295 941 1423 1008 quornm
1441 928 1489 986 est
1503 921 1561 994 hic,

534 1031 631 1095 turdis
653 1029 798 1096 edacibus
821 1015 907 1094 dolos
930 1048 1089 1114 comparas
1111 1028 1223 1099 amice,
1242 1025 1253 1112 ll

242 1138 313 1200 item

432 1241 563 1302 lerunt
585 1237 768 1322 pulchras
791 1245 1002 1309 creterras,
1026 1255 1163 1300 aureas
1186 1234 1364 1316 lepistas,

244 1352 274 1408 et
296 1342 374 1428 apud
397 1344 543 1410 Naevium

201 1477 232 1530 ‚n
498 1465 629 1510 norem
653 1445 752 1510 loris
774 1445 984 1511 concordes
1007 1446 1118 1510 iiliae
1140 1461 1305 1509 sorores.

245 1546 361 1617 iidetur
384 1559 483 1616 tameo
501 1549 663 1615 eduorum
679 1567 819 1614 vemuurn
842 1547 988 1614 memhris
1005 1550 1204 1631 compositus.
1229 1547 1349 1611 dimetri
1367 1555 1397 1610 et
1412 1546 1561 1629 quadrati.

244 1664 361 1719 constat
382 1663 482 1719 autem
504 1653 634 1737 pedibus
656 1673 711 1718 sex
734 1663 764 1717 et
785 1653 949 1737 semipede.
994 1671 1064 1716 nam
1087 1655 1203 1736 primos
1225 1659 1288 1714 tres
1304 1649 1396 1733 pedes
1419 1655 1449 1714 et
1470 1652 1561 1714 semi·

243 1759 350 1844 pedem
374 1759 465 1822 habet
487 1777 524 1822 ex
546 1767 632 1841 parte
655 1759 751 1842 prima
775 1757 910 1830 dimetri:
941 1757 1075 1838 reliquos
1098 1775 1168 1820 vero
1192 1765 1253 1819 tres
1276 1753 1386 1836 pedes,
1416 1755 1563 1838 quisunt

244 1861 356 1934 ultimi,
387 1861 478 1926 habet
500 1881 517 1926 a
540 1871 625 1942 parte
653 1863 751 1945 prima
774 1861 911 1942 (quadrati
935 1862 1043 1941 tragici
1067 1851 1225 1932 trochaici,
1250 1868 1283 1922 ιιι
1385 1914 1391 1936 ,ι

208 1995 231 2036 ιι
486 1983 554 2029 cum
580 1966 673 2029 victor
696 1966 810 2029 Lemno
833 1963 959 2028 classem
984 1963 1122 2027 [loricam
1145 1963 1318 2046 appulisset.

245 2078 289 2132 cst
317 2079 419 2134 eutem
449 2069 566 2133 duabus
593 2071 700 2152 primis
732 2067 855 2151 syllabis
885 2067 1004 2150 longior
1034 2065 1072 2130 ab
1100 2065 1360 2150 hendecasyllabo.
1407 2085 1475 2128 narn
1502 2085 1562 2128 nno

244 2173 320 2256 pede
342 2175 374 2237 iu
397 2172 495 2254 capite
517 2172 759 2255 hendecasyllabi
775 2175 874 2257 posito
898 2172 1050 2236 saturnius
1072 2188 1175 2233 versus
1197 2171 1259 2242 liet,
1284 2171 1369 2234 cuius
1391 2167 1560 2252 exemplant

244 2275 354 2342 bletelli
376 2285 601 2360 proposuerunt
623 2277 660 2340 de
683 2276 794 2340 Naevio
818 2273 998 2358 aliquotiens
1021 2274 1058 2338 ab
1082 2294 1118 2338 eo
1142 2273 1273 2338 lacessiti
1296 2274 1351 2345 ita,

502 2380 636 2445 malurn
661 2378 803 2444 dabunt
825 2377 968 2442 Metelli
992 2377 1131 2442 Naevio
1154 2386 1303 2460 poetae.

207 2504 312 2556 noant
347 2485 476 2548 ‘malum
505 2483 622 2548 dabunt
649 2481 781 2550 hletelli’
805 2482 908 2547 clauda
943 2500 1014 2564 pars
1047 2481 1168 2545 dimetri
1203 2473 1324 2544 iambici
1358 2486 1417 2544 est:
1454 2479 1562 2543 dehinc

245 2590 367 2654 ‘Naevio
390 2591 507 2668 poetae’
532 2586 630 2651 tribus
654 2587 806 2651 trochaeis
828 2594 961 2659 constat,
985 2585 1065 2669 quod
1089 2583 1276 2668 phalaecionr
1302 2582 1305 2668 l
1332 2601 1482 2657 vocamus,
1506 2602 1563 2646 nec

245 2693 406 2775 quicquam
429 2692 528 2756 oberit
551 2692 693 2782 trochaeo
716 2691 796 2774 quod
820 2709 961 2773 suprema
975 2690 1064 2771 longa
1081 2698 1141 2762 est,
1165 2689 1245 2773 ‹qrtod
1267 2707 1389 2770 semper·
1410 2690 1441 2751 in
1457 2688 1563 2752 metris

245 2797 461 2866 indillecenter,
486 2796 564 2859 sicut
585 2798 726 2876 superius
749 2793 888 2866 diximus,
912 2796 1036 2876 ponitur
1058 2796 1164 2858 ultima
1186 2793 1313 2873 syllaba.
1347 2795 1438 2856 habet
1461 2798 1562 2855 cartem

245 2909 306 2964 tres
329 2899 446 2964 iambos
469 2917 537 2962 corn
561 2897 673 2981 syllaba
697 2907 727 2962 et
749 2909 811 2961 tres
833 2897 1003 2962 trochaeos.
1050 2916 1123 2979 ergo
1146 2899 1206 2960 erit
1229 2898 1324 2978 prirna
1348 2915 1432 2980 pars,
1462 2895 1491 2959 id
1517 2904 1563 2958 est

209 3003 367 3073 aa‘malum
396 3001 511 3066 dabunt
542 2999 682 3072 iletelli,'
718 3001 797 3074 talis,
828 3000 924 3082 qualis
955 3009 1000 3062 est
1028 2999 1124 3064 ‘adest
1152 2999 1234 3064 celer
1263 2998 1431 3081 phaselus,’
1457 2995 1469 3082 {l
1492 3000 1562 3062 itern

246 3105 467 3190 ‘blemplritides
490 3104 635 3190 puellae’;
659 3125 791 3189 sequens
806 3104 927 3168 ‘Naevio
943 3107 1060 3186 poetac’
1086 3103 1168 3177 talis,
1193 3111 1285 3167 otest
1307 3102 1436 3166 ‘bacche
1452 3101 1562 3186 plaude

248 3210 385 3274 bacche’.
430 3227 503 3274 sane
530 3218 563 3272 nt
588 3211 619 3272 in
646 3207 897 3292 hendecasyllabo
928 3210 1042 3292 primus
1071 3227 1124 3291 pos
1152 3210 1286 3272 incertus
1314 3215 1374 3280 est,
1404 3209 1444 3270 lta
1474 3214 1506 3270 et
1531 3207 1563 3268 in

216 3347 219 3355 ·
246 3314 303 3378 hoc
325 3315 385 3378 duo
407 3313 497 3397 primi
522 3297 613 3395 p'edes
636 3316 803 3388 variantur,

495 3418 559 3480 iam
578 3434 658 3480 uuuc
681 3425 766 3481 vocet
788 3417 935 3480 Camems
957 3419 1024 3496 qeeis
1046 3435 1153 3479 novern
1177 3434 1308 3487 sorores,

211 3522 295 3604 „qui
318 3532 351 3586 ut
374 3523 554 3584 terminatur
576 3521 721 3601 spondeo,
744 3525 789 3586 sic
811 3540 827 3584 a
850 3521 988 3604 spondeo
1008 3522 1121 3604 incipit.

313 3765 347 3817 ιθ
367 3762 466 3814 Bacche
483 3780 511 3831 p.
529 3767 573 3828 85,
587 3765 623 3816 ³0

316 3975 329 4024 l
348 3971 486 4037 indigenae
504 3969 559 4028 ee
578 3971 705 4038 indegene
725 3971 748 4022 A
813 3975 829 4024 3
848 3987 877 4024 eo
898 3973 992 4040 Atilios
1006 3973 1209 4022 l'nrtrenotionns
1227 3988 1253 4037 p.
1268 3973 1335 4021 2679
1354 3986 1384 4022 ea
1403 3972 1428 4022 A
1441 3970 1496 4027 Bc

248 4037 434 4108 lnec1neB
521 4039 568 4091 sed
586 4051 771 4112 propterquam
793 4040 816 4092 B
898 4041 997 4093 balius
1017 4042 1147 4092 breviores
1166 4039 1231 4090 alios
1251 4040 1382 4106 longiores
1401 4042 1565 4090 inseruerant

249 4111 341 4163 Atilius
359 4109 562 4161 fortunatianus
648 4112 665 4162 o
688 4111 770 4160 amice
793 4121 817 4160 et
839 4111 909 4178 opud
930 4109 1054 4160 Naevium
1078 4109 1162 4162 lerunt
1184 4137 1216 4146 -
1241 4109 1361 4178 lepistas:
1386 4110 1446 4160 item
1472 4123 1562 4159 novem

248 4181 314 4231 lovis
336 4195 395 4248 sqq.
423 4178 554 4231 Venientes
577 4181 603 4229 ln
628 4179 709 4234 Nece.
733 4181 766 4230 de
784 4178 841 4230 bell.
861 4197 922 4245 pren.
940 4181 988 4231 rel.
1012 4196 1038 4244 p.
1053 4182 1093 4231 11.
1128 4185 1260 4247 aeriamque
1283 4194 1381 4231 versent
1402 4178 1498 4230 allaeoio
1518 4179 1564 4228 tri·

246 4249 299 4301 dreit
315 4249 413 4301 Atilius
430 4249 642 4310 Fortunalioans,
658 4249 774 4315 priorem
786 4249 886 4301 Plotius
904 4265 930 4314 p.
950 4251 1028 4300 2650.
1055 4249 1205 4300 Victorinus
1224 4248 1395 4315 neglegentius
1413 4263 1564 4298 corrrnnnenr

245 4319 340 4380 sontem
358 4319 532 4384 exscripsisse
551 4318 661 4369 videtur.
736 4318 855 4369 filerunt
873 4316 995 4386 pulchras
1014 4330 1139 4368 creterras
1158 4333 1250 4370 nitreas
1269 4318 1375 4384 lepistus
1395 4317 1495 4368 Plotiae

248 4411 366 4480 pulchros
384 4422 510 4464 creterras
529 4411 555 4462 B
572 4397 681 4480 pulcllus
693 4423 824 4464 'creterras
844 4414 868 4464 A
889 4411 1010 4480 pulchros
1028 4428 1087 4464 aere
1106 4423 1186 4463 terras
1205 4425 1221 4469 ς
1295 4426 1439 4475 niueosque
1457 4411 1564 4478 lepistus

249 4482 339 4539 ΑΒς
427 4483 460 4534 10
478 4496 572 4533 nortem
591 4483 694 4538 louise
717 4483 794 4533 nortei
814 4497 904 4534 mortes
926 4480 988 4532 ΑΒ
1077 4485 1106 4532 ιι
1128 4483 1278 4533 violetur·
1298 4481 1419 4530 nrernhris
1438 4483 1465 4532 in
1482 4497 1563 4547 marg.

246 4553 307 4604 odd.
326 4553 351 4603 A
408 4551 438 4601 ιι
457 4551 556 4618 primos
574 4564 592 4608 ς
611 4553 710 4618 primns
731 4550 794 4601 AB
848 4553 878 4602 li
898 4549 1041 4618 positosB
1096 4551 1227 4602 saturnius
1246 4549 1301 4608 ςΒ
1319 4550 1494 4601 saturniosA
1598 4590 1602 4596 .

246 4623 277 4673 ιι
296 4620 451 4690 phalechnm
469 4619 496 4671 B
517 4619 656 4687 phallicum
676 4620 841 4685 Gaiasordins
927 4621 960 4670 ιι
983 4621 1028 4683 qui
1048 4621 1214 4687 supremoB
1300 4621 1334 4671 ι3
1358 4619 1447 4669 ultimo
1465 4617 1565 4684 syllaba

247 4688 320 4741 ltahet
338 4701 425 4742 autent
443 4705 491 4743 ote.
508 4687 600 4747 ene
687 4691 720 4740 ιι
744 4691 769 4739 in
790 4688 1006 4755 hendecasyllabo
1026 4687 1165 4742 Sortienios
1185 4691 1212 4740 in
1233 4688 1336 4740 Terent.
1356 4687 1444 4743 dione.
1463 4706 1491 4754 p.
1512 4691 1564 4740 355

247 4759 272 4809 in
289 4759 454 4826 decasqlluho
473 4755 567 4816 AB:
620 4759 655 4810 int
674 4769 699 4810 et
717 4756 855 4810 Sontene'tea
873 4759 908 4810 ito
929 4771 956 4809 nt
974 4757 1068 4814 ΑΒς
1124 4761 1157 4811 ιι
1177 4761 1226 4810 iana
1247 4753 1326 4824 uiroc]
1351 4756 1563 4809 Terentillam.

248 4831 314 4879 illl
333 4839 361 4880 ut
379 4829 401 4880 si
422 4827 495 4879 r‘ocet
513 4828 639 4880 Carnenas
658 4829 717 4893 quis
737 4843 829 4878 novem
849 4843 955 4879 sorores
1021 4827 1080 4891 quis
1099 4826 1234 4892 orn.AB,
1253 4829 1352 4882 adds
1422 4829 1456 4879 30
1474 4829 1518 4894 qui
1537 4839 1565 4878 ιιι

195 4966 201 4976 1
248 4899 370 4949 termium
389 4913 405 4948 a
423 4896 542 4965 spondeo
561 4899 653 4965 incipit
669 4901 691 4950 Δ
705 4897 759 4954 B„-
778 4898 822 4961 qui
841 4899 975 4949 sattrrnins
995 4913 1010 4949 a
1028 4899 1146 4964 spondeo
1166 4897 1257 4964 incipit
1275 4897 1439 4949 eanreran'ua
