3858 5560
393 337 458 404 212
563 348 567 353 ·
698 365 702 376 ·
775 330 778 338 ’
843 378 847 382 .
958 337 1150 392 murorum
1805 409 1808 412 Ι

422 440 597 497 passaran.
1011 503 1015 510 .
1084 427 1089 440 ’
1205 421 1245 448 '·
1530 440 1692 498 pascant.

548 537 573 616 †
594 528 704 592 rilem
728 528 933 612 spondeum
953 535 1082 592 totum
1106 517 1509 594 concludere.rersum

548 651 661 717 posse
684 631 775 694 lieri
797 632 961 713 iungens
984 631 1050 695 sed
1073 631 1265 715 dactylum
1289 641 1385 717 apte.

395 738 429 801 lu
453 757 540 802 versu
564 735 710 825 tredecim
733 733 915 818 syllabarum
939 735 1056 818 species
1079 747 1152 819 quot
1175 736 1264 801 sunti
1302 735 1453 818 Quinque.
1492 739 1603 822 quippe
1626 741 1657 802 in
1680 758 1714 802 eo

394 860 473 905 unus
496 839 631 924 dactylus
653 840 733 902 inter
761 837 913 923 spondeos
941 837 1089 904 admissus
1117 843 1249 923 quinque
1273 838 1348 904 locis
1370 843 1538 905 invertitur.
1584 841 1713 917 Ouidio

394 963 481 1008 rersn
504 942 743 1025 quattuordecim
766 941 947 1024 syllabarum
972 952 1045 1024 quot
1067 947 1185 1027 species
1207 944 1294 1007 sunt?
1317 943 1438 1009 Decem.
1477 944 1559 1020 Quae
1582 944 1700 1030 sontii
1726 971 1738 1012 c

393 1051 449 1112 Aut
472 1049 552 1110 eninr
576 1049 676 1130 primo
698 1056 729 1111 et
750 1045 885 1110 secundo
907 1045 973 1109 loco
997 1045 1132 1131 dactylus
1147 1049 1278 1132 ponitur.
1304 1056 1354 1110 aut
1376 1049 1476 1133 primo
1491 1057 1521 1112 et
1542 1051 1641 1121 tertio,
1665 1057 1715 1111 aut

393 1151 490 1233 primo
513 1160 543 1215 et
566 1159 682 1231 quarto,
708 1161 759 1214 aut
780 1149 879 1233 primo
902 1158 932 1212 et
954 1151 1068 1232 quinto,
1092 1161 1143 1216 aut
1165 1125 1300 1216 secundo
1323 1161 1354 1216 et
1376 1159 1482 1225 tertio,
1506 1165 1558 1217 aut
1580 1153 1714 1218 secunde

393 1265 422 1316 et
444 1265 561 1338 quarto,
585 1263 635 1318 aut
657 1253 790 1319 secundo
814 1261 845 1317 et
867 1254 981 1334 quinto,
1005 1262 1057 1318 aut
1072 1257 1162 1318 tertio
1185 1263 1213 1318 at
1238 1265 1355 1337 quarto,
1380 1267 1432 1320 aut
1447 1258 1537 1319 tertio
1554 1267 1584 1320 et
1598 1259 1712 1340 quinto.

392 1369 444 1422 aut
466 1368 574 1439 quarto
597 1367 627 1421 et
649 1341 766 1443 quinto.
811 1355 888 1431 Ouid
918 1357 948 1420 in
978 1377 1065 1420 versu
1092 1359 1266 1442 quindecim
1294 1358 1478 1442 syllabarum
1502 1361 1621 1443 species
1644 1369 1716 1440 quot

393 1461 481 1526 cunti
518 1461 663 1526 Similiter
686 1462 803 1546 decem.
844 1478 913 1524 nam
937 1469 969 1523 ut
990 1463 1022 1524 in
1044 1459 1096 1524 illo
1119 1463 1240 1545 quiest
1261 1461 1503 1545 quattuordecim
1533 1462 1712 1550 syllabamm
1726 1490 1749 1530 rc

393 1564 527 1649 dactylus
549 1565 649 1630 decies
673 1567 815 1636 variatur,
844 1565 885 1628 ita
909 1565 940 1626 in
964 1564 1021 1627 boc
1044 1566 1155 1628 totiens
1179 1563 1331 1648 spondeus
1353 1567 1523 1629 invertitur.
1570 1566 1711 1628 inversu

392 1669 523 1733 sedecim
546 1667 729 1751 syllabarum
752 1671 870 1751 specics
894 1675 967 1748 quot
989 1668 1076 1731 sunti
1112 1667 1251 1731 Totidem
1275 1677 1350 1748 quot
1371 1669 1402 1732 in
1425 1669 1588 1754 tredecim,
1614 1669 1644 1732 id
1668 1680 1714 1732 est
1737 1721 1749 1738 ,

391 1775 533 1856 quinque.
558 1790 628 1835 nam
651 1775 736 1836 utin
758 1771 818 1842 illo,
834 1769 968 1852 dactylus
990 1771 1124 1854 quinque
1146 1771 1222 1834 locis
1237 1773 1404 1844 invertitur,
1429 1771 1468 1834 ita
1492 1774 1522 1834 ln
1546 1773 1604 1836 boc
1620 1791 1711 1856 spon·

392 1876 467 1940 deus
488 1875 585 1940 isdem
599 1875 682 1938 'locis
705 1877 875 1957 totiensque
898 1876 1040 1938 variatur.
1085 1873 1162 1949 Ouid
1186 1875 1216 1937 in
1240 1894 1330 1940 uersu
1346 1875 1450 1939 decem
1474 1883 1504 1938 et
1525 1887 1642 1956 septem
1656 1876 1712 1958 syl·

390 1978 546 2043 labarum?
569 1978 715 2043 Similiter
731 1989 763 2042 ut
783 1981 815 2041 in
831 1977 1082 2061 duodecasyllabo
1104 1978 1222 2060 species
1243 1996 1301 2041 una
1323 1987 1378 2042 est
1407 1979 1517 2062 quippe
1540 1981 1565 2042 is
1581 1983 1712 2063 quinque
1725 2005 1749 2046 u

391 2082 514 2166 dactylis
537 2091 653 2145 constat
676 2090 803 2164 excepto
826 2082 932 2146 ultimo
956 2083 1048 2164 pede,
1077 2099 1167 2164 quem
1198 2099 1324 2146 necesse
1358 2091 1404 2146 est
1421 2081 1610 2166 disyllabum
1634 2102 1711 2156 esse,

391 2207 429 2250 ne
453 2196 557 2249 eontra
576 2168 730 2250 'rationem
754 2184 969 2265 supradictam
994 2187 997 2269 j
1023 2181 1204 2267 syllabarum
1227 2185 1357 2268 amplior
1380 2203 1527 2249 numerus
1548 2187 1715 2250 adcrescat.
1748 2261 1752 2270 ,

390 2289 468 2364 Quid
507 2291 599 2371 ergo?
643 2306 846 2370 numquamne
883 2288 1018 2370 dactylus
1050 2290 1094 2358 in,
1123 2289 1184 2353 linc
1222 2289 1364 2372 ponitur?
1386 2289 1535 2368 'Ponitur
1573 2290 1713 2373 quideme

391 2413 495 2457 rerum
519 2410 579 2458 non
603 2393 633 2455 in
658 2412 695 2456 co
716 2411 822 2465 versu,
852 2393 903 2475 qui
933 2399 1052 2455 ceteros
1076 2390 1209 2474 dactylos
1231 2391 1323 2457 habet
1345 2393 1375 2456 in
1399 2411 1447 2466 se,
1476 2393 1570 2461 reluti
1593 2403 1639 2458 est
1661 2393 1711 2457 ille

388 2499 420 2561 in
444 2499 605 2578 georgicis,
923 2533 929 2548 ·
1299 2557 1304 2566 ,
1723 2523 1748 2564 sa

582 2609 619 2663 et
640 2617 791 2680 spumas
815 2601 973 2662 miscent
1003 2600 1156 2680 argenti
1178 2601 1338 2680 vivaque
1361 2599 1534 2684 sulpura,
1568 2652 1598 2670 ,,

389 2723 480 2786 quem
504 2703 626 2786 quidam
647 2705 834 2765 invertentes
856 2704 899 2764 sic
920 2701 1034 2783 legunt,
1059 2703 1102 2765 ‘et
1124 2701 1248 2785 sulpura
1272 2704 1360 2767 rira'.
1389 2705 1460 2767 item
1524 2783 1526 2788 Ι

390 2788 399 2801 ’
498 2807 737 2890 bispatriae
767 2805 944 2868 cecidere
974 2824 1119 2875 manus,
1143 2809 1230 2888 quin
1259 2810 1436 2888 protinus
1465 2811 1602 2880 omnia,

276 2967 279 2980 ,
389 2929 480 2994 quem
504 2910 624 2992 quidam
649 2929 704 2991 per
726 2907 913 2992 synaltpbam
938 2908 1109 2980 excludunt,
1135 2921 1168 2972 ut
1190 2911 1241 2972 liat
1265 2911 1439 2976 scandendo
1461 2931 1562 2984 omna,
1587 2930 1643 2976 nec
1665 2914 1709 2975 in·

391 3011 538 3094 tellegunt
559 3013 748 3096 synalipbam
771 3020 844 3076 tunc
867 3031 943 3085 esse,
966 3031 1036 3075 cuna
1058 3011 1176 3076 uocales
1191 3013 1271 3076 inter
1292 3033 1324 3077 se
1347 3015 1518 3096 confligunt
1541 3033 1595 3078 seu
1617 3016 1708 3089 solae,
1721 3041 1746 3082 es

390 3187 442 3239 lum
466 3187 538 3250 (iunc
556 3186 594 3238 cis
612 3185 658 3237 sed
676 3184 764 3236 dactili
783 3185 842 3238 eod.
855 3135 952 3250 bera.)
975 3194 1035 3250 apte
1053 3185 1079 3237 A
1102 3185 1138 3236 ita
1161 3186 1280 3252 posuerit
1302 3183 1378 3236 uilem
1402 3187 1521 3252 spondeo
1545 3199 1628 3239 totum
1646 3202 1709 3240 con·

389 3255 494 3336 cludere
514 3269 619 3336 uersum
643 3268 723 3321 posse
744 3253 801 3305 lieri
823 3253 868 3305 sed
884 3254 985 3372 'loripes
1003 3253 1122 3320 dactylus
1146 3265 1207 3322 apte
1227 3254 1301 3336 thd.
1319 3269 1383 3307 unae
1405 3270 1495 3308 cerrus
1510 3257 1563 3321 suit
1580 3261 1606 3308 la
1624 3269 1650 3320 ς,
1675 3259 1708 3309 ita

389 3335 520 3444 posuerit:
540 3323 623 3375 Vrlem
636 3323 758 3390 spondeo
776 3332 857 3374 totum
875 3322 1029 3374 concedere
1047 3337 1162 3375 uersum.
1190 3321 1243 3374 Sed
1261 3339 1353 3390 umgas
1366 3323 1497 3391 dactylum
1510 3337 1570 3394 epte
1581 3328 1608 3391 in
1621 3342 1709 3380 nemra.

411 3393 521 3446 redeoim
540 3393 699 3459 syllebarnm
718 3401 767 3445 etc.
787 3393 852 3444 dame
869 3393 908 3444 sic
926 3393 1058 3444 resederit
1071 3392 1272 3456 dammam,
1291 3391 1375 3443 Vilem
1394 3395 1514 3460 spondeo
1534 3407 1586 3447 toto
1605 3395 1709 3448 conclu·

389 3464 450 3514 dere
473 3478 590 3513 versume
609 3459 691 3512 Posse
714 3463 818 3526 quidem
842 3459 906 3521 fleri,
930 3460 1090 3528 seddunges
1109 3461 1238 3527 dactylum
1258 3459 1311 3522 (ael
1327 3463 1374 3513 sed
1395 3463 1469 3530 iungi
1487 3462 1617 3530 dactylus)
1639 3479 1708 3532 apte.

388 3533 486 3583 rectius
506 3531 589 3584 scribi
606 3537 713 3596 poterat
736 3530 809 3582 Vites
833 3530 950 3598 spondeo
975 3541 1057 3581 totum
1080 3529 1234 3581 concludere
1256 3545 1374 3593 uersum:
1402 3530 1487 3583 Posse
1509 3547 1571 3601 puta
1594 3533 1662 3599 llari,
1686 3535 1708 3585 si

390 3603 484 3666 iungas
507 3599 629 3666 dactylon
653 3611 720 3667 apte.
747 3601 798 3652 aed
819 3599 935 3651 dubitari
955 3605 1052 3666 potest,
1078 3615 1136 3650 naon
1159 3601 1275 3666 inteproe
1297 3599 1388 3652 Albini
1412 3617 1503 3654 uersus
1527 3607 1709 3669 prmius

388 3672 507 3736 posuerit
562 3667 997 3736 bquippeom.0,add.Atiotlr.
1053 3667 1337 3734 linter-spondeos]
1359 3669 1571 3738 uelspondeoO
1598 3717 1600 3722 .
1623 3675 1724 3725 incer·

389 3739 451 3791 titur
469 3738 495 3788 A
514 3739 689 3788 internectitur
707 3735 729 3786 G
739 3749 755 3793 ς
813 3739 829 3788 b
847 3735 877 3786 R.
898 3736 986 3788 decern
1004 3735 1054 3788 int.
1073 3751 1125 3800 que
1142 3745 1204 3788 sunt
1220 3736 1251 3792 li.
1269 3748 1355 3789 autem
1374 3739 1460 3806 primo
1479 3751 1504 3791 et
1521 3742 1635 3794 seeundo
1652 3741 1709 3793 loeo

389 3805 508 3872 dactylus
527 3808 633 3874 ponitur
650 3818 695 3856 aut
713 3807 923 3872 primoectertio
942 3808 967 3858 Α
987 3803 1069 3855 Xaut
1100 3807 1165 3857 rimo
1179 3816 1204 3856 et
1216 3808 1333 3859 tercioc
1384 3809 1522 3860 toracem
1541 3810 1707 3876 oee.0‚add.

389 3877 414 3928 A
428 3875 502 3928 dcet.
577 3877 607 3926 11
620 3875 657 3924 ita
669 3889 717 3926 orae.
732 3873 760 3934 C,
774 3876 875 3927 adm
947 3876 1064 3924 inuersa
1077 3820 1253 3928 §Videcimo
1271 3877 1464 3942 syllabarumc
1534 3879 1707 3944 minemo,

388 3945 488 3998 addA
543 3945 575 3996 13
593 3941 757 3994 daotllumC
806 3945 842 3994 itc
854 3944 880 3993 in
895 3941 946 3994 hoe
958 3942 1091 4008 spondeus
1113 3945 1136 3996 A
1155 3945 1191 3995 ita
1206 3955 1233 3995 ut
1245 3945 1271 4008 ip
1285 3945 1335 3998 boc
1347 3945 1517 4014 spondeusC
1568 3949 1600 3998 11
1613 3949 1707 3999 totiens

389 4015 504 4064 eraricum·
523 4013 547 4064 Α
607 4015 640 4064 lb
658 4010 776 4063 similiter
795 4024 822 4062 uc
839 4014 865 4062 in
884 4011 1091 4078 cludecasyllabo
1111 4011 1273 4066 &similiter
1285 4017 1311 4064 iu
1331 4029 1361 4065 eo
1374 4015 1440 4064 utin
1453 4014 1669 4082 dcadeeasyllaba
1682 4018 1706 4067 A

312 4132 315 4140 ,
458 4083 522 4150 quip
543 4082 581 4132 eis
599 4081 624 4130 V
642 4079 761 4147 dactylus
780 4090 849 4132 ostat
866 4081 888 4132 G
906 4082 970 4148 quip
990 4096 1004 4132 e
1021 4081 1063 4132 hic
1080 4082 1199 4148 dactylus
1218 4085 1334 4148 quinque
1351 4086 1496 4134 constat'A
1551 4086 1583 4137 to
1602 4100 1707 4136 necesse

389 4151 429 4203 es't
441 4097 619 4218 dyasyflabum
632 4165 691 4202 esse
710 4151 735 4201 A
755 4163 910 4202 necesse.x.
932 4097 1060 4215 sylfebum
1079 4165 1137 4202 esse
1155 4151 1176 4204 G
1230 4155 1263 4204 tt
1280 4147 1381 4219 matra]
1396 4152 1452 4202 eius
1473 4151 1506 4204 0.·
1523 4164 1615 4204 coutre
1627 4155 1707 4206 retio-

389 4236 447 4273 nem
466 4234 547 4288 supra
564 4219 660 4271 dietam
679 4218 765 4270 mmai
846 4233 967 4270 numerus
986 4219 1166 4272 adcrescaseat
1183 4221 1205 4272 0
1222 4235 1358 4272 numerum
1375 4233 1474 4271 crescat
1491 4223 1516 4272 Α
1593 4223 1626 4275 18
1644 4223 1706 4288 quid

387 4305 451 4358 ergo
471 4303 646 4354 numquamne
664 4287 771 4352 etquid
790 4287 936 4354 eeqoquod
952 4288 1087 4353 numq30
1136 4290 1242 4356 ponitur
1260 4290 1364 4355 quidem
1383 4303 1445 4340 uero
1464 4303 1516 4340 nou
1535 4291 1561 4342 ln
1579 4306 1610 4342 eo
1630 4307 1707 4344 uersu
1812 4315 1815 4325 ·

388 4359 412 4411 0
433 4369 517 4426 potest
539 4359 643 4423 quidem
667 4372 758 4409 uerum
781 4371 832 4408 uon
857 4352 890 4408 in'
905 4371 935 4409 eo
955 4373 1032 4408 uersu
1051 4357 1126 4409 dact.
1150 4368 1237 4425 potest
1258 4360 1362 4424 quidem
1386 4369 1414 4407 ut
1436 4357 1492 4409 uult
1515 4360 1634 4428 uirgilius
1658 4375 1705 4413 nos

389 4439 474 4479 temen
499 4428 697 4479 obseruabimus
720 4427 745 4476 in
769 4441 799 4476 ec
825 4426 946 4477 uersuA
970 4437 1057 4493 potest
1074 4425 1189 4490 quidem.
1213 4438 1240 4477 ut
1258 4427 1313 4478 ruit
1330 4425 1464 4492 Virgilius,
1488 4428 1608 4482 sednon
1630 4431 1656 4480 ia
1675 4444 1707 4481 eo

387 4496 643 4565 Alddelrnuep.529
692 4497 723 4548 to
736 4496 782 4560 qui
794 4505 894 4547 ceteros
908 4509 998 4547 omues
1011 4495 1126 4560 dactylos
1140 4494 1217 4546 babet
1229 4495 1347 4548 uelutiA
1362 4493 1436 4546 darn
1482 4497 1709 4564 bletspumesc
1768 4505 1771 4518 '

388 4562 1706 4704 tttlttilttiitlt'tst·0⁵³⁰stillicidiali„tilit‘ut‘tttttai

389 4713 414 4754 et
432 4702 531 4755 sulfura
550 4706 672 4756 uitantena
691 4701 713 4756 0
737 4703 776 4754 sic
794 4702 883 4769 legunt
901 4714 926 4752 et
943 4715 1051 4768 spumas
1075 4701 1200 4769 sulphura
1218 4704 1290 4764 uiua,
1312 4703 1372 4752 item
1391 4713 1409 4758 ς
1495 4704 1528 4755 23
1548 4699 1600 4772 bis]
1624 4706 1706 4772 Verp.

276 4790 282 4804 ·
390 4773 580 4827 Aen.V133
660 4769 736 4839 quin]
756 4773 855 4837 quiae
933 4771 967 4822 et
992 4782 1019 4821 ut
1036 4771 1065 4822 dt
1081 4771 1317 4824 scandendoOut
1334 4771 1369 4822 sic
1386 4772 1412 4822 iu
1430 4771 1625 4825 scandenduA

390 4855 468 4892 canna
486 4854 502 4898 ς
522 4844 580 4892 o'm‘c
600 4841 658 4894 CA
727 4843 917 4894 tocuuceese
935 4853 993 4890 cum
1012 4839 1114 4891 uocales
1139 4842 1205 4893 inter
1222 4857 1251 4891 se
1268 4839 1455 4908 confliguntA
1485 4853 1545 4890 tune
1563 4843 1629 4894 inter
1647 4861 1733 4898 esse·

388 4924 448 4960 cum
467 4911 571 4960 uocales
588 4911 714 4977 ecrdigunt
734 4911 755 4962 C
