3904 5556
375 337 453 388 xxu
537 315 544 324 “
915 397 918 402 λ
971 337 1172 387 carcerario

374 518 510 578 illuximi
542 518 694 579 Victorini
724 517 983 580 contuenturium,
1034 517 1197 593 liquentes
1232 533 1299 596 sqq.
1352 534 1426 578 nora
1461 515 1538 578 ratio
1568 514 1699 578 editione

373 618 542 682 Basileensi
572 639 598 681 a.
630 615 721 688 1527,
747 634 836 695 quam
868 636 957 698 supra
983 638 1011 701 p.
1037 619 1074 680 tx
1098 619 1253 700 descripsi,
1279 617 1400 679 inducta
1424 629 1480 681 est.
1512 623 1542 681 in
1567 621 1698 681 eaenim

374 726 613 786 commentarius
642 722 679 784 de
709 717 849 784 ssoalibus
873 740 888 782 a
913 721 1015 784 codice
1038 721 1190 790 Palatino,
1215 721 1252 782 de
1275 739 1336 802 quo
1359 721 1420 784 dini
1446 739 1474 801 p.
1499 721 1573 794 Vltl,
1598 723 1699 786 editus

374 836 404 889 et
426 827 524 889 Servii
554 829 676 888 nomine
705 825 866 904 inscriptus
895 835 941 888 est
970 828 989 888 i.
1014 823 1072 896 55,
1103 826 1212 887 deinde
1242 835 1311 905 post
1340 824 1414 885 duos
1443 825 1529 887 Marii
1555 827 1698 902 Victorini

373 929 492 992 libellos
526 929 563 991 de
592 946 626 990 re
662 930 855 1008 grammatica
886 938 917 990 et
946 929 983 991 de
1012 932 1146 992 carmine
1181 929 1304 991 heroico
1333 928 1455 990 Maximi
1483 930 1632 992 Victorini
1661 929 1697 990 de

374 1033 492 1094 ratione
515 1040 682 1095 metrorum
704 1034 941 1095 commentarius
964 1033 984 1093 l.
1008 1029 1060 1096 82.
1100 1051 1165 1094 eam
1189 1034 1220 1094 in
1246 1030 1301 1092 beo
1324 1049 1444 1114 qaroque
1468 1041 1553 1112 parte
1577 1043 1699 1095 secutos

373 1145 420 1198 est
441 1135 619 1203 Pulsebiua,
650 1139 703 1217 qrri
732 1138 985 1199 commentarium
1015 1136 1053 1198 de
1084 1135 1223 1197 finalibus
1251 1135 1330 1196 inter
1354 1134 1449 1196 Seruii
1480 1134 1575 1196 libros
1598 1137 1698 1218 posuit

374 1259 401 1321 p.
422 1234 645 1308 ttae—1800,
670 1238 798 1301 alterum
823 1239 859 1301 de
879 1241 996 1300 ratione
1014 1247 1180 1300 metrorum
1197 1239 1277 1300 inter
1294 1237 1412 1300 Maximi
1431 1237 1576 1300 Victorini
1593 1238 1697 1311 libros,

372 1361 446 1424 quos
470 1342 597 1404 dixerat.
630 1351 696 1422 post
713 1342 885 1406 Petscbiuru
904 1342 1127 1404 Lindemannus
1150 1343 1180 1402 in
1205 1343 1303 1423 primo
1320 1341 1471 1404 volumine
1486 1345 1697 1420 grammatico-

371 1464 439 1507 rum
464 1444 625 1507 latinorum
649 1445 760 1508 librum
783 1446 905 1508 Maximi
923 1446 1068 1506 Victorini
1093 1445 1129 1505 de
1153 1449 1270 1508 ratione
1295 1457 1462 1508 metrorum
1487 1464 1555 1508 cum
1579 1445 1697 1506 duobus

374 1547 475 1618 libris,
506 1546 543 1609 de
572 1547 682 1630 quibus
711 1558 799 1610 antea
828 1548 940 1610 dictum
966 1558 1021 1619 est,
1046 1547 1187 1610 Bobiensi
1212 1561 1242 1612 et
1265 1549 1402 1611 Gotbano
1432 1551 1537 1612 codice
1563 1548 1696 1610 adbibita

372 1651 475 1714 edidit.
522 1651 633 1715 librum
662 1663 762 1714 autem
792 1653 829 1712 de
866 1651 1006 1714 besalibus
1035 1651 1129 1713 Maius
1158 1652 1245 1714 class.
1278 1661 1354 1713 auct.
1391 1672 1416 1712 v.
1440 1652 1479 1713 lii
1508 1671 1537 1732 p.
1567 1648 1632 1714 504
1662 1671 1697 1712 ea

376 1758 483 1827 iorrna,
507 1773 583 1836 qrras
599 1759 630 1818 in
648 1755 822 1817 recentibus
839 1754 982 1817 italorum
1000 1753 1155 1816 codicibus
1173 1765 1227 1825 est,
1253 1755 1346 1817 edidit
1362 1753 1419 1815 boe
1436 1754 1533 1822 titulo,
1551 1753 1697 1816 ‘Metrorii

372 1859 525 1920 Maximini
560 1858 597 1921 de
633 1859 732 1940 longis
766 1870 796 1921 et
830 1859 994 1922 brevibus’.
1046 1858 1175 1921 eundem
1206 1858 1453 1921 vindobonenses
1490 1857 1696 1920 analectorum

372 1963 637 2040 grammaticorum
672 1964 805 2024 editores
839 1981 865 2042 p.
900 1957 965 2024 455
998 1962 1099 2023 addita
1136 1962 1338 2043 discrepantia
1378 1963 1549 2039 scripturae
1584 1960 1696 2022 codicis

375 2063 531 2127 bobiensis
554 2075 585 2127 et
607 2064 849 2127 Vindoboneusis
871 2063 957 2128 3250
980 2066 1085 2146 qrrinto
1109 2064 1228 2126 decimo
1252 2063 1373 2126 saeculo
1397 2065 1500 2145 scripti
1525 2064 1694 2126 ediderunt.

372 2168 601 2249 inscriptionem
626 2178 727 2230 aretem
752 2166 822 2230 iibri
845 2172 875 2230 in
893 2167 1044 2230 Parrhasii
1062 2169 1193 2230 editione
1210 2159 1372 2249 repertam,
1398 2169 1531 2230 ‘Maximi
1548 2170 1696 2230 Victorini

247 2309 248 2313 =
337 2321 338 2325 ,
372 2273 622 2334 commentarium
647 2273 814 2334 secundum
838 2272 875 2332 de
899 2271 1040 2334 linaiibus
1065 2276 1256 2341 metrorum',
1280 2280 1474 2352 receperunt.

459 2374 491 2438 ln
515 2373 601 2437 libris
625 2376 675 2436 diu
699 2379 730 2437 iu
755 2373 869 2437 sobolis
891 2378 1160 2454 grammaticorum
1189 2376 1323 2436 tractatis
1354 2383 1384 2435 et
1407 2373 1525 2436 diverso
1553 2375 1643 2436 modo
1665 2376 1696 2435 iu

371 2476 528 2540 codicibus
551 2480 672 2558 scriptis
696 2497 764 2540 curn
788 2486 872 2539 certo
896 2478 956 2539 diei
980 2486 1123 2560 nequeat,
1154 2478 1226 2559 quid
1251 2499 1287 2539 ex
1319 2479 1526 2558 antiquissima
1550 2481 1696 2540 memoria

372 2580 532 2650 traditum,
564 2581 635 2663 quid
666 2580 772 2662 postea
795 2582 938 2644 omissum
963 2581 1008 2643 eei
1032 2581 1165 2642 additum
1195 2579 1239 2642 rel
1264 2589 1409 2642 mutatum
1433 2583 1488 2649 sit,
1512 2581 1541 2642 id
1567 2583 1696 2642 maximo

370 2684 559 2765 sequendum
583 2686 699 2765 putari,
730 2695 762 2746 nt
785 2685 874 2746 unitis
897 2683 1009 2746 codicis
1041 2683 1151 2754 iorma,
1181 2683 1284 2766 quoad
1309 2688 1374 2746 cius
1404 2685 1468 2746 iieri
1501 2693 1615 2764 posset,
1647 2702 1696 2744 ex.

371 2785 537 2850 biberetur.
584 2806 652 2850 eum
676 2788 756 2849 roiui
781 2807 847 2850 esse
872 2784 1070 2854 Bobiensem.
1098 2789 1185 2849 cuins
1209 2787 1368 2850 lectionem
1392 2789 1423 2848 in
1448 2787 1595 2850 Victorini
1619 2788 1696 2849 libro

277 2921 281 2927 ·
348 2890 408 2952 de
439 2892 556 2952 ratione
587 2903 753 2956 metrorum
787 2891 917 2954 schedae
946 2891 1143 2953 Lindemonui
1172 2890 1262 2972 paulo
1298 2893 1467 2952 accuratius
1501 2890 1695 2970 descriptam,

371 3011 461 3075 quiam
485 2992 523 3054 ab
546 2994 611 3074 ipse
636 2997 666 3056 in
690 2995 822 3056 editione
847 2997 998 3076 preposita
1024 3006 1102 3065 erat,
1133 2993 1352 3076 praebuerunt;
1381 2997 1411 3055 in
1436 2992 1515 3054 libro
1539 2993 1577 3055 de
1602 2995 1695 3055 [inali-

372 3095 428 3158 bus
453 3095 588 3158 circadam
613 3095 682 3158 iibri
706 3099 855 3177 scriptura
880 3100 910 3158 in
940 3096 1072 3160 editione
1097 3096 1319 3159 Vindobonensi
1350 3099 1478 3159 indicata
1508 3106 1581 3158 erat.
1627 3117 1695 3160 euni

371 3199 462 3279 igitur
486 3201 516 3260 io
542 3209 669 3282 utroque
693 3197 771 3262 libre
796 3204 833 3263 ita
859 3211 980 3263 secutus
1003 3221 1082 3273 sarm,
1108 3211 1149 3273 ut,
1174 3200 1223 3262 ubi
1248 3200 1284 3262 ab
1309 3221 1345 3262 eo
1369 3201 1585 3263 discedendum
1607 3210 1694 3272 esset,

371 3305 540 3390 scripturae
564 3303 796 3384 discrepantiam
820 3303 1036 3371 adscriberem.
1062 3305 1179 3366 omissis
1203 3315 1301 3366 taruen
1331 3303 1491 3367 levissimis
1515 3303 1696 3383 quibusdam

371 3405 479 3475 rebus,
509 3424 586 3488 quae
616 3405 848 3486 diligentissime
874 3426 889 3469 a
915 3407 1198 3470 Vindob'onensibus
1223 3409 1390 3478 editoribus
1413 3409 1575 3470 adnotatae
1599 3417 1694 3470 erant.

271 3589 273 3594 Ι
371 3508 408 3569 ad
433 3508 566 3571 lauricio
591 3509 669 3571 libro
693 3511 730 3573 da
755 3514 871 3572 ratione
897 3519 1061 3572 metrorum
1088 3511 1241 3592 adsumpsi
1263 3512 1337 3574 duos
1353 3511 1474 3574 codices
1492 3512 1694 3580 Monacenses,

288 3619 292 3625 '
371 3631 502 3693 quorum
526 3612 610 3684 alter,
635 3615 686 3694 qui
711 3614 782 3676 olim
806 3615 1008 3694 Frisiugensis
1031 3615 1095 3684 iuit,
1122 3631 1179 3676 una
1205 3633 1273 3676 curru
1297 3616 1451 3685 bobiensi,
1477 3596 1607 3696 quocum
1631 3613 1695 3695 ple·

372 3735 503 3797 rumque
527 3718 691 3786 consentit,
724 3719 940 3800 antiquiorem,
972 3727 1177 3780 verumtamen
1200 3717 1329 3796 singulis
1360 3718 1433 3778 locis
1457 3737 1547 3796 saepe
1571 3736 1695 3797 corrup·

371 3830 431 3881 tam
462 3820 672 3881 recensionem
702 3820 841 3901 praebet,
872 3819 947 3901 alter
977 3820 1046 3882 olim
1076 3819 1324 3899 Vegeruseeusis,
1356 3841 1424 3883 curu
1454 3821 1521 3884 aliis
1553 3821 1629 3884 locis
1657 3821 1695 3883 ab

295 3991 300 3998 ,
370 3922 430 3985 illis
454 3922 583 3992 recedit,
610 3933 671 3983 turn
696 3925 930 3984 commentarios
954 3924 991 3984 de
1016 3923 1183 4004 participiis
1207 3932 1235 3984 et
1259 3923 1295 3985 de
1320 3923 1472 3988 adverbiis
1496 3927 1696 4004 transpositos

371 4023 463 4087 babet
492 4035 520 4086 et
550 4027 673 4086 omnino
703 4027 904 4087 recentiorem
936 4029 1145 4087 recensionem
1176 4026 1312 4098 extribet,
1343 4047 1431 4110 qrram
1462 4031 1556 4107 ipsam
1585 4036 1615 4088 et
1645 4027 1694 4088 alii
1782 4053 1784 4058 ·

370 4128 440 4190 iibri
462 4147 553 4192 manu
575 4129 681 4208 ¹scripti
705 4127 876 4208 complures
900 4137 929 4190 et
953 4127 1134 4190 basileensis
1159 4130 1249 4191 editio
1272 4152 1306 4192 ex
1325 4133 1413 4194 simili
1430 4131 1534 4192 codice
1552 4149 1693 4212 expressa

371 4243 548 4316 sequuntur.
601 4232 826 4294 Monacensiurn
863 4251 984 4314 quoque
1018 4232 1155 4294 codicum
1190 4232 1350 4295 lectionem
1380 4236 1528 4312 integram
1557 4233 1693 4305 exlribui,
1792 4226 1796 4251 ²

371 4355 552 4417 quamquam
578 4335 706 4397 leuiores
730 4335 958 4416 discrepantias,
984 4335 1063 4398 velut
1080 4347 1226 4399 rrrutaturn
1244 4337 1419 4418 saepissime
1437 4337 1541 4397 ieviter
1557 4337 1693 4399 ordinem

371 4438 542 4508 verborum,
567 4439 767 4520 praetermisi.
803 4441 834 4499 in
858 4437 938 4500 libro
968 4439 1004 4500 de
1028 4439 1169 4501 irrralibns
1194 4453 1312 4521 praeter
1339 4439 1521 4503 Bobiensem'
1542 4441 1692 4520 scriptura

371 4539 500 4603 duorum
524 4543 677 4613 codicum,
702 4541 832 4603 Palatini
856 4549 886 4602 et
908 4541 1048 4611 Parisini,
1073 4543 1204 4607 iudicata
1228 4554 1285 4612 est;
1312 4547 1414 4622 paucis
1443 4541 1517 4604 locis
1541 4545 1631 4604 etiam
1656 4561 1692 4604 ex

371 4645 505 4726 reliquis,
530 4665 605 4726 qaros
629 4663 719 4728 supra
742 4644 882 4716 indicari,
907 4645 1054 4726 quaedam
1079 4647 1189 4708 addidi.
1222 4648 1273 4710 sed
1299 4650 1328 4710 in
1346 4645 1489 4708 Bobiensi
1513 4654 1542 4707 et
1559 4643 1692 4708 Palatino

370 4746 474 4810 codice
501 4767 568 4810 curn
598 4747 690 4811 multa
722 4748 890 4830 posteriore
916 4767 1005 4811 macru
1029 4749 1180 4830 adscripta
1203 4750 1277 4821 sint,
1307 4767 1433 4831 quorum
1463 4749 1592 4810 inaxima
1624 4767 1693 4828 pars

371 4868 431 4912 non
461 4849 498 4911 ad
526 4853 738 4930 corrigendam
762 4852 895 4933 priorem
926 4851 1106 4932 scripturam
1131 4855 1274 4932 pertinet,
1305 4853 1357 4914 sed
1387 4855 1481 4914 instar
1508 4851 1692 4914 scholiorum
