3906 5564
625 329 973 386 enumerantem
996 331 1094 394 na-
1120 323 1190 392 mn
1231 359 1233 363 -
1526 331 1567 398 ῃ

276 443 296 485 p.
310 432 368 474 eata.
386 432 409 472 tu
424 430 446 475 Ρ.
1388 443 1410 486 p.
1423 434 1502 478 tit-uu
1516 432 1541 478 G.

251 522 341 582 ltcrco
364 529 469 602 posset
491 519 611 584 adnecti
635 531 746 593 metro,
772 521 829 584 uisi
853 521 1019 603 incipiente
1042 520 1159 604 dactylo
1182 529 1211 584 et
1227 519 1389 584 subiuncta
1405 532 1568 606 anapaesto

251 623 364 686 mediae
389 623 495 686 breves
523 643 651 688 numero
680 633 821 708 quattuor
851 625 978 687 heroum
1003 643 1123 690 versum
1151 625 1374 690 deformarent:
1407 644 1461 688 seu
1484 629 1564 710 quod

250 729 400 810 anapaesti
422 747 477 811 per
499 729 634 810 syzygias
650 729 843 810 gradiuntur,
867 731 932 790 sive
955 729 1025 810 quia
1041 737 1208 793 metrorum
1229 729 1293 792 lere
1309 730 1443 792 omnium
1462 739 1566 794 natura

251 828 314 894 talis
336 841 397 902 est,
428 840 461 895 ut
483 840 609 896 careant
632 851 670 896 ne
699 833 834 914 singulas
863 839 965 913 partes
988 834 1134 896 orationis
1159 832 1347 914 singulorum
1372 833 1483 916 pctlum
1508 834 1566 897 line

225 934 442 1012 sccncludant,
465 935 518 998 sed
541 938 642 1019 potius
666 947 698 999 ut
722 935 813 999 rerba
837 934 881 997 rel
904 937 1025 998 nondun
1050 955 1085 1000 ex
1109 935 1231 999 residua
1255 937 1301 1001 sui
1325 946 1411 1019 parte
1435 954 1563 1018 sequen-

250 1037 325 1100 tihus
340 1037 467 1120 pedihus
483 1039 654 1112 adnectant,
680 1057 738 1121 quo
762 1047 851 1122 pacto
869 1041 968 1101 euenit
984 1036 1030 1124 us
1059 1057 1166 1104 vocum
1190 1042 1308 1122 integer
1332 1060 1385 1121 pes
1410 1039 1501 1110 essc,'
1514 1040 1566 1104 sed

249 1160 318 1205 saue
340 1151 373 1203 ut
394 1143 546 1225 perlectae
568 1147 648 1226 parti
671 1143 817 1207 orationis
840 1142 876 1206 de
899 1143 1038 1222 sequenti
1053 1161 1193 1206 sermone
1217 1141 1328 1226 aliquid
1353 1141 1485 1214 accedat,
1510 1161 1566 1206 neo

249 1264 387 1330 umquam
423 1244 509 1310 icelle
533 1266 600 1311 cum
632 1249 691 1310 tice
724 1246 810 1328 pedis
845 1247 1089 1329 parentationis
1117 1245 1289 1328 impleatur.
1334 1249 1365 1310 iu
1395 1249 1566 1329 anapaestis

249 1357 343 1413 autem
368 1361 472 1414 contra
497 1353 597 1414 evenit
618 1350 712 1414 istud:
738 1351 847 1412 etenim
871 1369 924 1432 pes
947 1351 996 1413 hic
1019 1349 1143 1432 siugulis
1167 1349 1427 1432 coniugationibus
1450 1360 1566 1433 partem

218 1454 393 1518 tentationis
421 1453 578 1518 includere
607 1458 691 1528 solet,
720 1456 796 1518 sicut
823 1455 854 1516 in
884 1451 1048 1518 cemoediis
1070 1453 1213 1538 pleraque
1237 1451 1374 1536 exempla
1403 1453 1567 1517 declarant.

250 1575 306 1620 nou
329 1574 493 1640 numquam
518 1557 592 1620 haec
615 1557 785 1621 obseruatio
809 1559 1071 1640 praetermittitur.
1118 1557 1171 1620 sed
1195 1557 1247 1639 qui
1270 1556 1383 1620 luerint
1404 1563 1468 1620 eicis
1484 1559 1569 1621 modi

249 1679 363 1734 rersrts,
396 1679 494 1744 neque
517 1679 625 1724 sonum
648 1681 746 1745 neque
776 1663 902 1742 gratiam
926 1661 1081 1725 habehant
1112 1671 1141 1724 ct
1162 1679 1272 1744 prosae
1301 1663 1430 1724 orationi
1453 1660 1566 1726 similes

249 1763 416 1828 audientur.
469 1765 630 1828 trochaeus
665 1783 793 1828 numero
829 1773 945 1828 tantum
986 1764 1168 1847 syllabarum
1210 1763 1345 1847 spondeo
1384 1783 1563 1845 congruens,

250 1868 326 1930 velut
348 1867 464 1931 alienus
487 1866 525 1931 oh
548 1868 605 1942 his,
630 1887 751 1951 semper
774 1869 803 1930 in
827 1870 937 1932 extima
960 1876 1047 1951 parte
1065 1886 1169 1932 versus
1192 1866 1353 1931 locabitur.
1398 1885 1565 1949 superque

213 1973 334 2036 raetiam
360 1991 440 2034 rruue
462 1973 542 2035 inter
564 1973 777 2052 grammaticus
799 1969 835 2034 lis
858 1972 980 2054 pandet.
1025 1989 1094 2034 nam
1117 1974 1169 2054 qui
1192 1990 1260 2036 eum
1284 1971 1438 2044 adserunt,
1463 1974 1565 2035 lerunt

248 2074 449 2157 pulchriorem
472 2095 592 2140 versum
616 2079 733 2158 epicum
756 2075 851 2146 ellici,
874 2078 899 2138 si
915 2071 1099 2156 κατάληξιν
1121 2075 1246 2147 haheat,
1271 2075 1300 2139 itl
1319 2082 1365 2138 est
1379 2077 1405 2140 si
1423 2076 1564 2138 trochaeo

248 2165 405 2244 claudente
421 2182 611 2252 terminetur,
625 2189 658 2243 ut
673 2179 875 2262 persuadeant
890 2177 1043 2260 dactylicis
1056 2178 1184 2262 pedihus
1197 2176 1393 2262 lentilliariter
1406 2179 1565 2242 trochaeos

248 2283 276 2344 in
298 2282 539 2366 depositionibus
561 2286 727 2364 corriugori.
759 2282 905 2346 adversus
928 2301 1005 2362 quos
1021 2283 1071 2345 alii
1094 2280 1152 2346 loci
1171 2284 1291 2354 extinti,
1315 2285 1347 2345 in
1372 2300 1431 2362 quc
1448 2291 1564 2346 tanturn

247 2383 402 2458 locabitur,
432 2389 671 2469 praescriptione
700 2389 851 2458 nituntur;
882 2405 938 2451 ttcc
966 2387 1131 2457 immerito,
1163 2393 1196 2448 ιιι
1224 2386 1384 2450 novissimo
1415 2389 1481 2450 eius
1504 2385 1563 2468 syl·

211 2487 326 2560 aolaha,
356 2509 433 2574 quac
455 2509 577 2573 semper
598 2489 699 2554 brevis
723 2501 782 2562 cst,
812 2509 896 2554 mora
920 2491 1066 2571 temporis
1089 2488 1311 2568 intercedente,
1343 2507 1421 2570 quae
1450 2491 1481 2552 in
1504 2490 1563 2552 fine

247 2613 347 2658 versare
363 2593 541 2660 naturahter
557 2595 718 2676 contingit,
728 2593 913 2676 suppleatur,
938 2611 998 2676 qno
1014 2602 1086 2656 tunc
1102 2591 1223 2656 demum
1240 2611 1297 2675 pro
1312 2591 1402 2674 longa
1417 2605 1561 2672 sumatur,

247 2697 320 2759 sicut
342 2696 506 2782 pleraeque
535 2699 566 2761 lu
591 2701 696 2762 metris
719 2697 824 2762 tiuales
846 2696 992 2778 sylluhae:
1019 2695 1064 2760 vel
1087 2695 1168 2778 qued
1191 2697 1222 2758 iu
1245 2699 1327 2758 omni
1344 2715 1434 2760 uersu
1457 2694 1562 2760 ultima

246 2799 341 2864 haeris
370 2795 578 2884 ἀδιάφορος,
607 2801 637 2864 id
666 2809 713 2864 est
741 2800 933 2872 indillerens,
965 2799 1121 2864 hahentur.
1167 2816 1244 2881 quae
1276 2809 1376 2863 tamen
1406 2803 1561 2882 persuasio

246 2905 276 2966 iu
297 2903 396 2968 medio
419 2907 516 2988 posita
540 2915 640 2990 potest
662 2916 692 2968 et
715 2905 857 2968 trochaeo
881 2903 1027 2966 accidere.
1075 2921 1134 2966 non
1157 2909 1236 2965 antat
1259 2910 1369 2976 autem,
1399 2914 1432 2966 nt
1447 2905 1560 2968 (lictum

210 3017 302 3080 aest,
330 3027 387 3091 per
415 3008 548 3090 singulos
571 3009 665 3093 pedes
689 3008 778 3072 rerba
803 3008 904 3086 llolre,
935 3007 987 3071 sed
1017 3007 1188 3070 itnmisccre
1217 3004 1354 3088 syllabas.
1375 3003 1389 3093 {l
1412 3026 1480 3070 nam
1510 3009 1560 3088 qui

247 3110 454 3192 persingulas
483 3114 575 3196 pedes
600 3113 689 3176 rerba
719 3113 902 3181 terminarit,
934 3113 991 3174 erit
1018 3111 1181 3180 indecens,
1211 3111 1290 3174 sicut

468 3215 590 3297 Pythie,
618 3216 721 3289 Delie,
751 3225 781 3278 te
804 3213 886 3286 eolo,
915 3217 1055 3297 prospice
1085 3221 1209 3295 votaque
1237 3213 1332 3276 firma.

247 3329 272 3380 at
298 3322 322 3381 si
352 3321 537 3384 misceantur
559 3319 706 3401 syllabae,
736 3322 795 3383 erit
818 3318 1065 3388 decentissimus,
1091 3327 1123 3380 ut

483 3431 520 3486 at
542 3426 674 3504 regina
697 3424 802 3504 gravi
824 3421 1039 3485 iamdudum
1062 3421 1192 3484 sarucia
1217 3439 1315 3488 cura.

207 3527 373 3605 scalaeque
396 3526 575 3590 observatur
599 3547 635 3590 ue
660 3529 765 3590 tertius
788 3546 840 3608 pes
865 3526 989 3589 verbum
1013 3525 1097 3588 liniat
1122 3542 1302 3606 uersumque
1326 3545 1341 3587 a
1366 3545 1397 3588 se
1422 3525 1557 3598 tlirlucat,

248 3636 276 3689 ut
295 3640 340 3693 est

422 3737 484 3796 cui
508 3754 579 3797 non
603 3734 730 3798 dictus
754 3731 865 3815 llylas
889 3751 984 3813 puer
1007 3740 1043 3795 et
1066 3731 1224 3795 Latonia
1248 3731 1370 3796 Delos.

327 3838 418 3900 llcroi
436 3855 539 3906 vorsus
555 3840 649 3900 vitiosi
668 3836 819 3900 hahentur
835 3837 886 3918 qul
902 3855 937 3898 ex
955 3835 1026 3898 solis
1042 3833 1166 3918 dactylis
1183 3834 1229 3898 vel
1244 3839 1296 3917 qui
1320 3854 1356 3897 ex
1379 3835 1451 3898 solis
1467 3855 1558 3916 spon·

248 3939 307 4004 deis
329 3950 483 4014 mustaut,
507 3943 577 4024 quia
600 3943 632 4005 in
656 3939 766 4004 talibus
789 3947 840 4004 aut
854 3941 955 4020 gravis
972 3937 1095 4002 tarditas
1117 3949 1169 4002 aut
1185 3938 1326 4002 velocitas
1341 3941 1435 4002 nimia
1453 3940 1555 4002 vitirrsa

308 4187 389 4236 iseo
407 4183 478 4248 quod
497 4183 631 4250 anapaesti
657 4198 702 4249 per
721 4181 834 4246 syllabas
847 4182 998 4248 gradiantur
1017 4179 1081 4232 AB
1092 4193 1122 4236 ςι
1145 4182 1181 4246 cs.
1202 4199 1232 4248 p.
1254 4186 1293 4241 76,
1307 4183 1351 4233 22.
1374 4181 1452 4233 uerba
1463 4189 1556 4247 pastea

243 4254 374 4320 adscripta
385 4270 443 4307 ease
455 4254 573 4305 rideatur
642 4253 657 4302 6
677 4253 762 4302 euenit
780 4266 875 4302 uocum
893 4263 980 4319 partes
998 4252 1111 4318 integros
1131 4267 1190 4302 esse
1207 4253 1294 4304 editor
1310 4251 1484 4302 Sorrctandr.:
1500 4253 1556 4315 ser·

243 4330 308 4374 tasse
326 4325 411 4374 evenit
429 4324 539 4373 duarum
559 4336 650 4372 vccnm
674 4321 773 4385 integer
810 4337 837 4371 es
857 4337 915 4372 esse
933 4324 973 4372 oei
990 4321 1074 4370 euenit
1098 4334 1148 4371 oon
1168 4335 1226 4370 cnm
1246 4321 1295 4370 line
1314 4319 1495 4370 vocabulorum
1516 4324 1556 4371 in·

244 4405 311 4459 teger
328 4409 375 4460 pes
394 4407 453 4442 osse
532 4393 565 4443 10
582 4391 649 4442 solet
666 4392 758 4442 om.A
812 4403 838 4456 ς,
857 4391 919 4442 add.
938 4390 1101 4441 Camerarius
1182 4388 1555 4447 transponamur

309 4463 340 4512 ta
358 4463 380 4512 sl
400 4462 426 4511 in
444 4459 553 4511 catalexi
572 4459 666 4510 lrabeat
683 4456 822 4510 Santonon
840 4461 866 4510 in
888 4459 991 4510 Terent.
1011 4457 1100 4512 Maur.
1116 4475 1146 4526 p.
1166 4461 1218 4509 m
1302 4460 1333 4510 18
1352 4457 1400 4508 loci
1420 4460 1508 4509 extimi
1529 4459 1554 4510 iu

244 4543 292 4596 qno
311 4542 409 4581 mutum
431 4529 531 4580 locatur
549 4527 688 4581 sanamur
706 4527 754 4578 loci
774 4530 871 4578 extimo
896 4529 920 4578 ln
941 4543 992 4592 quo
1011 4537 1109 4579 tentiam
1129 4527 1203 4579 lceuli
1222 4527 1247 4578 A
1261 4526 1314 4584 Βς
1391 4529 1422 4578 19
1441 4543 1487 4578 nec
1506 4529 1554 4578 im·

244 4601 328 4650 meritc
346 4611 364 4656 ς
381 4613 428 4650 uec
446 4599 538 4650 merito
557 4597 622 4652 AB
691 4599 725 4648 20
740 4597 935 4663 fortassequac
952 4612 998 4663 per
1014 4613 1044 4674 se
1062 4599 1199 4648 hrerisest
1268 4596 1379 4658 quaein
1399 4591 1449 4647 line
1468 4609 1554 4662 §qun
1625 4663 1628 4670 Ι

243 4695 266 4743 in
284 4693 332 4744 line
351 4693 416 4746 AB
484 4695 516 4744 ut
541 4692 691 4744 nattuullter
707 4694 835 4759 ‹mntingit
852 4690 907 4750 ςΒ
930 4675 1080 4742 naturallirer
1098 4692 1206 4758 contigit
1225 4693 1249 4742 A
1275 4690 1423 4740 naturaliter
1443 4693 1554 4760 contigit

247 4762 301 4816 Vel.
387 4765 420 4814 22
439 4759 521 4829 qnod]
541 4778 591 4828 qne
609 4763 635 4814 B
722 4763 756 4812 dl
774 4761 889 4812 accidere
907 4761 962 4816 Βς
981 4761 1097 4812 occidere
1118 4763 1141 4814 A
1228 4761 1261 4810 25
1281 4775 1364 4823 namq.
1385 4775 1432 4825 per
1451 4757 1476 4808 B

243 4833 272 4881 di
290 4831 370 4898 pithie
388 4834 413 4883 A
433 4832 513 4898 phltle
532 4831 558 4883 B
639 4831 672 4883 29
690 4841 717 4880 ct
735 4828 837 4896 regina]
861 4831 940 4896 Verp.
958 4832 1026 4881 ,iem
1047 4830 1116 4882 1111
1135 4834 1148 4880 1
1230 4831 1263 4882 30
1281 4841 1389 4893 utaequa
1407 4829 1432 4878 A
1446 4827 1471 4879 Β

243 4899 342 4951 didrtcat
359 4899 386 4951 B
403 4901 514 4952 deducat
532 4904 588 4958 Ας
657 4901 690 4953 32
709 4903 749 4950 cui
770 4903 832 4962 ιιοιι]
856 4901 934 4967 aurp.
951 4917 1040 4966 peorp.
1063 4900 1113 4950 111
1131 4904 1147 4950 6
