3906 5564
386 363 389 370 ,
622 303 703 360 ana.
721 301 835 360 esan.
854 303 925 359 om.
944 302 987 356 m
1005 307 1029 366 s,
1049 305 1063 354 a
1083 329 1115 341 -
1135 305 1161 364 t,
1181 305 1198 354 c
1512 299 1570 366 101

278 417 298 458 Ρ,
311 405 370 450 255⁶.
383 405 410 448 ω
424 401 447 448 ρ,
1384 415 1406 458 p.
1420 403 1466 446 tib.
1480 403 1505 444 tt
1520 402 1546 446 G.

254 479 376 566 tiar'ttm,
399 493 522 578 quibus
534 486 768 577 ἀσυνάρτητα,
793 495 823 557 id
848 503 893 558 est
915 496 1079 567 inconexa,
1104 493 1300 576 colliguntur,
1323 504 1464 576 quattuor
1485 492 1573 556 milio

253 610 337 662 xcvi
358 615 486 680 genera,
511 617 589 682 tynae
610 616 666 682 per
689 608 855 664 metrorum
883 597 1033 662 clausulas
1056 608 1158 662 mutua
1182 597 1348 662 earundem
1371 596 1570 660 alternatione

254 703 431 766 elliciuutor.

338 905 448 997 [Qvo't
476 924 525 974 nx
547 922 751 974 otenrnmo
777 922 900 974 aeneo
929 923 1127 976 unononvu
1155 923 1299 975 essese
1324 912 1574 997 osnrvsurvn]

227 1013 520 1080 sCoosideractibos
543 1013 647 1086 nobis,
671 1022 746 1096 quot
769 1033 804 1076 ex
829 1013 978 1097 dactylico
994 1013 1088 1077 heroo
1112 1033 1167 1096 per
1189 1017 1324 1096 singulos
1342 1025 1571 1099 prototyporum

254 1136 382 1183 canonas
404 1127 572 1181 metrorum
595 1119 713 1200 species
736 1128 956 1200 procreentur,
981 1117 1141 1182 manifesta
1164 1116 1280 1184 ratiohe
1303 1123 1426 1204 reperio
1441 1124 1570 1204 primam

225 1225 317 1286 ‘citas
340 1220 432 1285 veluti
454 1219 592 1286 subolem
622 1241 639 1286 a
668 1229 858 1306 pentametro
883 1239 972 1284 versu
1004 1223 1150 1304 coepisse.
1199 1222 1278 1286 unde
1301 1227 1499 1308 consequenti
1522 1245 1571 1288 ra-

148 1317 150 1322 ’
254 1327 332 1389 tiotm
356 1327 479 1389 initium
507 1327 640 1408 suscepti
668 1327 771 1408 operis
796 1323 849 1406 [de
874 1343 959 1388 versu
984 1321 1187 1408 pentametro]
1217 1325 1256 1390 ab
1284 1326 1391 1390 eodem
1415 1328 1571 1392 ordiemur

255 1427 345 1514 [qood
369 1439 501 1492 metrum
517 1424 1008 1510 τεσσαρεσκαιδεκασύλλαβον
1026 1424 1202 1510 carpende
1218 1439 1247 1492 et
1262 1427 1418 1494 αἰολικόν
1433 1431 1570 1514 dicitur}

218 1534 330 1617 eoquod
353 1543 482 1596 metrum
505 1535 657 1598 iuvenisse
680 1535 780 1597 lectur
803 1531 957 1598 Callinous
980 1531 1137 1614 Ephesius.
1191 1533 1241 1596 alii
1264 1552 1334 1596 vero
1356 1534 1570 1598 Archilochum

254 1639 315 1700 eius
338 1645 494 1701 auctorem
519 1636 720 1708 tradiderunt,
750 1636 873 1720 quidam
896 1634 1115 1718 Colophonium
1139 1636 1302 1718 quendam,
1327 1657 1418 1720 super
1440 1657 1570 1722 quor-ttm

252 1741 391 1824 opinione
415 1741 494 1824 apud
517 1743 729 1822 grammaticos
752 1759 859 1822 magna
883 1740 1033 1804 dissensio
1057 1748 1112 1806 est.
1157 1740 1181 1804 is
1204 1750 1305 1804 autern
1329 1759 1433 1806 versus
1456 1762 1471 1806 a
1495 1743 1569 1806 duo·

251 1844 347 1907 decim
371 1842 495 1926 syllabis
519 1847 550 1907 ln
573 1844 817 1926 quattuordecim
834 1846 955 1908 crescit.
993 1863 1061 1907 nam
1079 1847 1265 1926 compositus
1282 1853 1326 1907 est
1342 1844 1379 1908 de
1395 1845 1571 1909 hexametro

252 1949 307 2014 ita.
331 1957 364 2010 nt
386 1947 425 2010 de
448 1951 538 2012 tertio
560 1950 637 2032 pede
662 1958 779 2031 partem
804 1945 951 2011 orationis
974 1946 1146 2028 complente
1169 1949 1300 2029 semipes
1324 1947 1460 2020 tollatur,
1484 1952 1572 2013 item·

217 2069 309 2132 rstyoe
333 2071 369 2132 ex
393 2048 499 2116 ultimo
521 2053 608 2134 pede,
633 2071 722 2133 quem
746 2052 914 2134 spondeum
939 2069 1004 2114 csse
1034 2049 1148 2115 debere
1175 2052 1206 2115 in
1236 2052 1361 2116 dubium
1392 2072 1452 2116 non
1482 2055 1571 2126 verrit,

252 2155 383 2239 adaeque
407 2165 559 2238 postrema
583 2155 695 2240 syllaba
720 2155 907 2226 retrahatur,
933 2164 966 2219 ut
989 2165 1036 2218 est

378 2261 458 2324 blare
482 2269 575 2342 pater,
601 2261 675 2324 haec
699 2261 827 2342 pateris,
853 2279 929 2340 ettae
952 2279 1009 2323 uos
1031 2277 1152 2341 quoque
1174 2279 1264 2342 posse
1289 2277 1441 2340 negamus.

253 2365 340 2429 huius
363 2365 622 2447 penthemimeres
647 2363 739 2428 ‘biars
764 2373 849 2446 pater
872 2363 947 2426 baec
970 2363 1107 2445 pateris,’
1131 2363 1242 2426 dehinc
1265 2367 1354 2446 ‘quae
1378 2381 1434 2426 nos
1452 2383 1572 2446 quoque
1620 2371 1629 2394 ·

252 2487 337 2551 posse
353 2469 524 2548 negamus)
570 2469 793 2548 minoritanus
819 2467 996 2530 hexametro
1021 2465 1065 2528 rel
1079 2465 1178 2529 trihus
1202 2467 1246 2529 rel
1270 2465 1387 2529 duabus
1410 2465 1532 2547 syllabis

216 2581 305 2641 nest,
329 2571 445 2644 tribus,
470 2573 609 2654 ‹yrrotiens
625 2573 732 2633 tertius
756 2573 787 2633 iu
805 2570 981 2634 lterametro
1004 2569 1140 2652 dactylus
1156 2572 1324 2642 invenitur,
1350 2568 1466 2632 duabus
1490 2589 1570 2640 vero,

252 2678 390 2758 quotiens
413 2676 574 2758 spendens,
621 2677 753 2758 optimus
776 2684 877 2737 autern
901 2684 958 2745 est.
982 2675 1123 2756 ‹protiens
1144 2675 1221 2736 duos
1244 2675 1427 2736 tenuissimos
1443 2692 1571 2756 artapae·

252 2787 313 2841 stos
336 2778 443 2850 lanbet,
472 2781 526 2861 qui
558 2781 633 2842 llunt
654 2781 711 2848 ita,
741 2781 766 2840 si
790 2777 851 2840 duo
874 2788 945 2841 ante
968 2778 1108 2842 ultimum
1132 2777 1301 2841 hexametri
1332 2795 1434 2839 versus
1462 2777 1570 2859 pedetu

252 2883 359 2966 dactyli
382 2899 468 2953 suot,
492 2893 525 2946 ut
547 2893 593 2946 est
616 2882 681 2954 ille.

380 2987 459 3050 biars
482 2995 584 3068 pater,
609 2985 683 3049 haec
707 2987 834 3068 pateris,
859 2985 936 3068 quae
959 3005 1014 3048 nos
1037 3002 1157 3065 quoque
1181 3003 1271 3066 posse
1295 3003 1449 3064 negamus.

215 3115 239 3156 ss
253 3087 320 3153 huic
344 3092 370 3152 si
393 3091 493 3173 spatarii
517 3087 603 3170 pedis
626 3091 755 3168 primam
778 3087 924 3170 syllabam
948 3089 1091 3152 detrahas
1120 3099 1149 3150 et
1173 3089 1326 3152 novissimi
1351 3087 1570 3172 ultimatntiet

253 3211 355 3256 versus
378 3191 383 3276 Ι
407 3193 619 3258 claudentibus
642 3211 711 3255 enni
735 3194 850 3256 duodus
872 3175 1044 3275 anapaestis
1069 3191 1151 3264 talis,

441 3297 522 3360 biars
544 3307 630 3378 pater
653 3296 727 3360 haec
752 3299 862 3378 pateris
885 3316 961 3380 tynae
984 3315 1105 3378 quoque
1128 3316 1216 3378 posse
1240 3315 1357 3376 negant.

253 3401 322 3462 item

456 3503 662 3568 barbarico
686 3512 813 3586 postes
837 3523 928 3568 auro
952 3503 1169 3586 spoliisque
1192 3503 1364 3585 superbi:

215 3633 239 3672 so
254 3616 438 3689 pentameter

573 3710 733 3775 barbarico
756 3723 858 3791 postes
882 3731 936 3774 atu·
959 3710 1125 3795 spoliisque
1147 3732 1249 3794 super.

253 3815 302 3876 sed
326 3825 356 3876 et
378 3814 429 3876 ille
452 3816 631 3898 perspicuus
661 3824 848 3897 pentameter
873 3815 1032 3878 habebitur
1056 3836 1174 3886 versus,
1205 3819 1256 3896 tyui
1286 3827 1353 3898 post
1381 3817 1456 3878 titios
1479 3817 1571 3898 pedes

253 3921 365 4000 prioms
394 3918 563 4001 semipede,
601 3920 652 4000 tyni
680 3929 820 4000 superest
850 3919 886 3980 od
909 3920 1169 4002 penthemimeren
1195 3929 1310 3990 totrren,
1348 3921 1471 3982 rerlnuu
1497 3922 1568 3982 linit.

319 4109 585 4162 bdonslderantibne
615 4135 634 4144 -
659 4091 762 4166 ttojtt)
782 4109 939 4160 arbitrentur
961 4107 1065 4160 Terent.
1085 4109 1172 4162 dictur.
1192 4111 1373 4162 itti-1800

318 4267 336 4317 t
354 4263 423 4325 Quot
441 4279 474 4315 ex
492 4263 620 4329 dactylico
639 4263 719 4314 heroo
744 4275 883 4314 meu-orum
902 4263 1168 4330 generarierineutur
1186 4263 1260 4314 etde
1279 4279 1356 4314 rrersu
1374 4275 1536 4330 pentametro
1555 4280 1572 4322 ς

318 4335 335 4386 8
353 4335 385 4385 de
404 4349 480 4385 versu
499 4345 659 4400 perrtsmetrn
677 4333 799 4384 hocloco
817 4349 865 4385 om.
885 4345 902 4388 ς
990 4333 1122 4384 ordiemur
1144 4333 1274 4384 i‘renla'ue
1294 4333 1384 4385 Gottin.
1403 4351 1430 4398 p.
1446 4339 1480 4384 16
1502 4335 1571 4385 ordi·

253 4417 341 4454 nemer
361 4405 385 4455 A
395 4402 421 4454 B
440 4402 590 4454 ordinemus
611 4415 627 4458 ς
688 4403 705 4454 9
723 4402 794 4465 qttod
807 4427 840 4438 -·
854 4403 947 4452 dicitur
964 4401 997 4452 ob
1015 4401 1063 4452 hnc
1081 4405 1137 4455 loro
1156 4405 1242 4453 alieno
1260 4417 1316 4454 erae
1335 4403 1469 4454 adnotavit
1490 4402 1572 4466 Bery-

252 4472 307 4524 kt'tre
328 4475 355 4524 t‘n
376 4474 587 4525 commentatione
611 4473 758 4523 academica
782 4470 898 4535 beneficii
921 4471 1178 4536 Wolsremsdorfleni
1198 4473 1254 4536 depe
1277 4473 1350 4522 edito
1372 4471 1436 4522 Hel.
1459 4491 1483 4523 n.
1505 4476 1570 4523 1861

252 4559 277 4608 p.
291 4545 316 4596 8.
343 4533 494 4607 empseris
506 4549 532 4593 et
544 4531 680 4594 ulcissc'v
692 4556 728 4591 em
741 4542 772 4590 lie
785 4557 850 4607 quae
868 4543 940 4604 infre
958 4558 985 4606 p.
999 4543 1057 4602 110,
1073 4543 1109 4592 34
1128 4541 1160 4592 de
1180 4557 1253 4590 verm
1271 4543 1371 4592 aeolico
1393 4545 1494 4606 scripta
1511 4551 1571 4592 erent

252 4612 298 4662 dee
315 4614 397 4663 inloto
415 4625 473 4663 etse
491 4612 652 4664 indicaverat
670 4608 800 4660 Froubius
817 4611 834 4666 l,
854 4625 875 4659 e.
933 4611 963 4661 10
982 4623 1091 4660 metrum
1110 4627 1156 4662 orn.
1172 4611 1196 4660 Α
1211 4607 1265 4664 Βς
1319 4611 1351 4660 ld
1370 4609 1474 4660 tollatur
1493 4627 1568 4673 qtteur

252 4682 395 4746 spondeum
413 4695 472 4730 esse
489 4679 583 4732 debere
601 4679 746 4732 irrelnbiurn
769 4693 819 4728 nou
845 4679 915 4729 ttenit
933 4679 1045 4742 itemque
1070 4677 1142 4744 (item
1155 4695 1224 4730 corn.
1239 4679 1351 4742 itemque
1365 4681 1402 4742 A)
1426 4695 1458 4729 en
1479 4680 1569 4730 ultimo

254 4750 315 4816 pede
332 4751 367 4801 ed
386 4764 453 4814 quae
471 4745 598 4814 (ctqrreli
616 4751 731 4812 udaeque
750 4750 778 4810 ς)
799 4761 929 4813 postrema
950 4747 1040 4804 ΑΒς
1117 4751 1150 4800 et
1170 4742 1249 4815 duos]
1269 4748 1321 4798 dno
1341 4747 1401 4798 AB
1472 4751 1505 4800 25
1525 4749 1568 4800 liet

253 4821 388 4872 comitet
413 4819 439 4870 A
526 4820 560 4872 26
584 4820 686 4872 duobus
710 4832 757 4868 om.
777 4815 867 4873 Aee
954 4819 987 4868 29
1011 4813 1158 4886 barbarico]
1192 4815 1271 4883 Verp.
1291 4817 1359 4867 Aen.
1379 4817 1412 4868 11
1431 4821 1482 4870 50⁴

254 4889 284 4938 ³1
302 4903 349 4940 nor
367 4885 422 4947 ee
446 4902 510 4939 narro
530 4890 554 4940 Α
637 4891 671 4942 33
688 4887 732 4952 qtti
753 4898 873 4954 superest
891 4886 946 4942 ςΒ
969 4887 1038 4950 dat.
1050 4903 1072 4940 e.
1094 4885 1170 4952 quae)
1189 4899 1309 4952 superest
1328 4889 1352 4938 Α
