3888 5550
392 370 458 437 412
947 389 1166 438 rnnsurram

393 486 415 525 p.
430 475 494 516 tlte.
514 475 539 516 te
553 477 577 516 P.

652 572 754 645 posset
779 564 872 627 videri
897 562 1022 627 claudus
1045 564 1095 628 hic
1120 568 1287 635 triuretrus,
1356 599 1364 618 ·

652 669 728 730 duos
751 678 784 728 ut
806 687 872 730 esse
895 668 1034 747 duplices
1059 671 1174 751 primos
1198 669 1289 751 pedes

652 771 879 855 trahuntque
903 777 1027 835 siccas
1051 772 1247 835 machinae
1270 781 1420 854 putemus,

651 874 790 938 claudum
814 876 1027 940 autilracclmm
1051 879 1100 959 qui
1126 878 1198 940 lacit
1221 879 1382 938 carinas.

585 979 819 1042 arescentem
844 979 974 1060 epodum
998 979 1111 1042 dicitur
1135 979 1254 1041 dedisse

651 1081 855 1146 Callimachus
879 1096 948 1146 ante
972 1084 1010 1146 de
1033 1082 1132 1146 tribus
1157 1083 1318 1152 trochaeis,

650 1189 683 1248 iu
706 1187 765 1251 line
790 1205 908 1250 versum
933 1187 1071 1267 plrallicis
1095 1195 1262 1253 sonantem.

651 1307 741 1371 quem
766 1289 833 1353 dico
857 1289 970 1352 dudum
995 1277 1177 1372 sapphicum
1202 1289 1378 1357 vocandum,

651 1395 775 1456 siccas
798 1393 924 1457 ducite
949 1395 1097 1456 rraritae
1121 1393 1283 1456 carinas.

585 1509 720 1558 mnam
746 1497 804 1559 tale
827 1498 927 1558 cernis
949 1498 1102 1558 navitae
1126 1499 1291 1564 carinas.

651 1609 684 1663 ut
707 1601 774 1662 duis
796 1600 846 1662 ille
870 1611 926 1668 cst,
952 1601 1050 1662 reris
1074 1611 1110 1662 et
1134 1601 1271 1661 levoni.

649 1713 678 1766 et
700 1721 882 1787 quamquam
906 1701 1040 1764 iambum
1066 1702 1189 1764 Flaccus
1212 1705 1373 1772 antemisit,

649 1805 883 1887 trahuntque
906 1809 1049 1877 siccas,

650 1913 747 1990 magis
771 1910 935 1990 putandum
960 1919 1007 1971 est
1029 1919 1091 1972 tres
1114 1910 1199 1972 datos
1222 1909 1392 1980 trochaeos,

585 2026 638 2070 raso
652 2030 741 2091 quaur
765 2022 832 2095 post
854 2011 971 2074 iambos
994 2012 1134 2075 ultimum
1158 2012 1378 2084 antibacclrum,

650 2126 779 2196 uterque
801 2117 869 2178 linis
893 2116 958 2194 lege
982 2123 1014 2176 ut
1037 2125 1118 2179 esset
1141 2135 1215 2178 uua:

650 2218 831 2282 ‘solvitur
855 2223 957 2280 acris
981 2220 1102 2306 hiems
1125 2226 1231 2299 grata
1255 2221 1337 2281 rice
1362 2222 1464 2282 reris
1487 2226 1524 2281 el
1548 2218 1691 2299 latoni,

650 2322 882 2402 trahuntque
906 2325 1033 2384 siccas
1056 2321 1252 2384 machinae
1275 2325 1458 2384 carinas’.

649 2425 804 2507 semeique
829 2425 960 2488 metrum
984 2425 1043 2488 tale
1068 2423 1226 2504 copulavit.

584 2541 636 2584 reat
695 2527 794 2590 lieroo
818 2530 990 2590 trimetrum
1014 2527 1107 2590 semel
1132 2527 1213 2590 idem
1238 2527 1375 2591 subdidit
1397 2547 1500 2600 uorrm,

649 2633 786 2710 geminus
809 2639 841 2692 ut
864 2631 920 2692 iste
945 2649 1048 2693 versus
1071 2630 1211 2692 ostendet
1236 2631 1299 2700 tibi,

648 2732 775 2796 ‘mella
799 2723 885 2796 cara
909 2742 1123 2796 manenter
1148 2733 1252 2796 ilice:
1280 2735 1473 2798 circuitibus
1496 2735 1590 2798 altis

647 2837 743 2899 ieris
766 2849 924 2899 sonante
948 2836 1097 2917 lympha
1121 2836 1268 2899 dissilit
1291 2837 1411 2918 pede'.

647 2948 811 3020 utrumque
834 2949 970 3022 apertum
996 2950 1059 3002 est:
1084 2942 1240 3003 immor-ari
1265 2940 1411 3002 desinam.

584 3055 636 3098 asso
694 3041 730 3104 Et
753 3043 915 3106 dimetrum
940 3043 1034 3105 heroo
1057 3042 1148 3104 talem
1172 3042 1326 3105 subiunxit
1354 3044 1495 3125 epoduru,

649 3144 695 3208 his
718 3164 790 3208 usus
814 3146 870 3209 hoc
893 3165 949 3211 nec
973 3147 1110 3225 amplius,

650 3247 797 3310 ‘mollis
820 3251 958 3312 inertia
983 3267 1054 3310 cur
1076 3257 1218 3311 tautum
1243 3249 1450 3313 dilluderit
1473 3253 1556 3313 imis

648 3350 880 3416 oblivionem
904 3351 1113 3422 seusllrus’,

648 3455 734 3516 ‘uox
759 3464 855 3526 erat,
880 3463 917 3516 et
939 3445 1041 3516 caelo
1067 3455 1243 3534 fulgebat
1266 3454 1349 3518 luuu
1374 3475 1514 3519 sereno

583 3559 748 3620 uererer
772 3559 914 3619 minora
938 3558 1092 3619 sidere’.

692 3659 835 3722 Necnon
861 3662 997 3722 trimetro
1023 3661 1112 3722 talem
1137 3661 1267 3744 epoduur
1292 3672 1463 3744 corruperat:

650 3765 826 3845 pentametri
852 3773 968 3844 partem
993 3763 1168 3846 dactylicam
1194 3765 1301 3826 suhicit

648 3875 737 3946 atque
761 3866 910 3928 dimetrou
935 3865 971 3928 ad
997 3866 1067 3938 lruc,
1093 3886 1246 3946 urtumque
1272 3886 1389 3930 uersum
1416 3869 1556 3938 reddidit,

393 4041 599 4054 ψ

457 4112 526 4162 2940
551 4110 625 4161 Caes.
650 4105 729 4158 Burs.
753 4109 814 4171 258,
836 4109 868 4157 25
940 4107 1112 4159 2960-2965
1137 4108 1207 4158 Mor.
1230 4109 1329 4160 Victor.
1355 4112 1413 4168 171,
1434 4113 1539 4161 12-19
1609 4109 1706 4160 2996-

389 4198 457 4249 2975
477 4195 548 4247 oller.
572 4195 671 4246 Victor.
691 4195 750 4256 170,
772 4195 857 4243 7-13

456 4386 524 4436 2996
543 4385 628 4452 possit
647 4383 793 4437 Brineaeur,
814 4383 918 4434 illarius
934 4383 1082 4434 Victorinus
1101 4401 1128 4449 p.
1148 4387 1207 4441 ldd,
1227 4387 1260 4435 Η
1330 4385 1397 4436 este
1416 4385 1442 4434 iu
1462 4383 1513 4434 llue
1532 4399 1624 4435 uersus
1643 4383 1707 4447 Sap·

386 4471 455 4538 phici
475 4483 620 4526 sonantem,
641 4483 716 4532 quem
730 4467 787 4518 dico
800 4467 898 4518 dudum
914 4467 1053 4534 plrallicum
1070 4471 1217 4520 eorundum
1230 4471 1342 4522 coniecit
1354 4469 1533 4520 Lucdmaruma
1592 4470 1707 4536 plralliris

386 4557 541 4608 Petrecr'nue
558 4564 584 4608 et
597 4555 732 4606 Duroesius
750 4557 819 4604 miae.
834 4556 893 4604 crit.
913 4571 938 4620 p.
959 4557 1001 4616 2⁶,
1023 4555 1153 4620 plrrdrtecis
1174 4555 1206 4606 di
1272 4557 1340 4608 ueta
1358 4551 1467 4622 dudum]
1486 4573 1510 4607 o.
1531 4557 1602 4606 25⁴⁵
1620 4571 1675 4622 sqq.

386 4644 454 4694 2947
476 4657 500 4692 et
524 4655 672 4706 qunuqucm
693 4640 814 4702 :iiiryllus
839 4637 990 4704 Quanquam
1015 4640 1047 4691 ,u
1114 4643 1181 4692 2950
1206 4655 1267 4706 post
1285 4641 1385 4691 iambos
1404 4641 1526 4706 Micyllus
1545 4643 1628 4706 poscit
1647 4643 1708 4690 tam-¹

390 4729 437 4778 bos
458 4730 491 4780 Μ
558 4726 983 4792 tuotuor.epou.1c,ataq.
1054 4728 1122 4778 2958
1146 4730 1267 4786 sonante]
1291 4739 1414 4793 crepante
1437 4743 1473 4777 ex
1496 4727 1613 4778 Horatio
1634 4727 1705 4776 liric-

385 4829 462 4863 anem
532 4811 619 4862 desilit
640 4813 817 4862 Lachmannuc
888 4813 955 4862 2962
975 4811 1043 4865 Ηον.
1063 4813 1139 4877 epod.
1160 4816 1202 4870 ld,
1222 4818 1236 4863 1
1254 4829 1293 4878 sq.
1364 4813 1433 4864 2963
1458 4811 1626 4863 Sttdstut's
1647 4811 1677 4863 :ll

456 4899 523 4948 esur
543 4899 610 4948 Hor.
625 4899 702 4963 epod.
719 4901 758 4952 15.
774 4899 789 4946 1
807 4913 846 4962 aq.
918 4899 986 4947 2998
1000 4898 1116 4948 'reddidit
1134 4911 1151 4954 ς
1170 4899 1254 4947 reddit
1274 4899 1306 4947 ,u
