3858 5560
701 333 750 385 DE
769 331 907 386 METRIS
926 335 980 398 5,”3
1001 359 1032 370 -
1050 335 1104 396 8,3

269 445 291 489 ρ,
305 435 364 476 idid.
377 433 404 475 80
418 431 440 477 l’.

345 497 358 518 ⁹
536 522 658 606 †sedet
680 521 721 586 ibi
745 523 867 587 Bromia
890 523 944 589 dea
969 524 1046 607 pede
1071 523 1193 595 rrrulier,

537 627 627 690 modo
650 647 760 708 pecora
784 629 894 710 rapida
912 646 1004 711 caper
1027 631 1119 710 agitat
1141 628 1238 700 humi,

536 739 627 814 eaput
647 732 780 795 inanime
804 740 885 812 tepet
907 731 992 795 arida
1015 749 1114 812 neque
1138 733 1254 796 manus.

186 895 191 903 -
245 851 334 914 hahet
359 849 408 914 hie
432 870 537 915 versus
559 852 827 934 proceleumaticos
850 862 925 933 tres,¹
947 863 1087 936 quartum
1105 852 1302 937 pariambum,
1326 853 1481 936 semipede
1501 853 1564 915 clu·

160 983 165 991 ·
218 954 335 1026 editur,
363 957 403 1018 lta
427 965 460 1017 ut
482 955 617 1018 detracta
640 956 894 1038 proceleumatico
922 955 1036 1040 syllaba
1060 960 1089 1019 in
1115 957 1298 1020 tribrachum
1328 957 1415 1022 cadet
1439 967 1469 1020 et
1492 959 1563 1018 insi·

246 1068 386 1131 statne,
411 1068 444 1122 ut
466 1059 536 1131 diri,
562 1078 707 1123 nourerus
729 1062 777 1132 sit,
802 1078 862 1122 non
887 1068 1029 1123 metrum.

602 1434 607 1441 ¹
701 1339 749 1419 oe
772 1354 962 1419 sarvnmo
987 1354 1107 1418 versv

314 1513 374 1599 ‘lle
389 1514 526 1574 saturnio
543 1531 628 1574 verso
646 1509 804 1574 dicendum
824 1521 878 1582 est,
903 1529 993 1591 quem
1018 1513 1112 1575 nostri
1137 1513 1385 1574 existimaverunt
1406 1511 1562 1594 proprium

246 1634 310 1677 esse
333 1613 455 1678 italicae
479 1617 622 1701 regionis,
647 1615 699 1678 sed
717 1613 871 1677 falluntur.
906 1633 921 1676 a
945 1615 1069 1678 Graecis
1085 1619 1164 1678 enim
1188 1617 1268 1677 varie
1292 1611 1322 1677 et
1345 1614 1445 1678 mrrltis
1466 1614 1564 1676 modis

206 1729 390 1782 retractatus
419 1727 474 1790 est,
504 1737 564 1804 non
593 1717 691 1782 solum
720 1737 736 1780 a
766 1719 899 1785 comicis,
927 1719 978 1782 sed
1009 1721 1098 1782 etiarn
1123 1738 1139 1781 a
1163 1721 1293 1800 tragicis.
1339 1721 1436 1781 nostri
1465 1728 1563 1780 autem

225 1824 371 1902 antiqui,
396 1831 430 1886 ut
451 1840 522 1885 rere
545 1821 641 1884 dicam
666 1823 745 1904 quod
770 1832 904 1904 apparet,
933 1824 977 1885 osi
1001 1833 1071 1885 sunt
1094 1843 1130 1886 eo
1155 1841 1213 1886 non
1238 1821 1395 1885 observata
1418 1820 1485 1902 lego
1508 1839 1564 1882 nec

246 1945 305 1989 uno
334 1943 447 2006 genere
474 1925 640 1998 custodito,
670 1935 703 1990 ut
724 1929 804 1988 lnter·
826 1944 859 1989 se
883 1923 887 2008 l
913 1927 1101 1990 consentiant
1123 1945 1244 1997 versus.
1273 1925 1325 1988 sed
1354 1933 1563 2007 praeterquam

246 2031 326 2111 quod
349 2029 527 2094 durissimos
555 2029 701 2101 iecerunt,
732 2031 821 2092 etiam
850 2027 925 2092 alios
954 2028 1118 2102 breviores,
1147 2029 1222 2092 alios
1251 2029 1403 2110 longiores
1428 2030 1564 2091 inserue-

247 2144 326 2206 runt,
349 2137 382 2197 ut
405 2135 451 2195 rix
474 2135 642 2196 invenerim
667 2133 744 2216 apud
769 2135 924 2204 Naevium,
948 2150 1024 2214 quos
1046 2151 1103 2216 pro
1126 2133 1264 2214 exemplo
1288 2151 1441 2215 ponerem.
1486 2131 1565 2212 apud

164 2299 169 2310 ,
207 2257 233 2299 15
248 2237 421 2318 Euripidem
445 2245 476 2300 et
498 2237 712 2302 Callimachum
736 2245 767 2301 et
789 2237 935 2320 quosdam
958 2237 1099 2318 antiquae
1122 2237 1296 2300 comoediae
1317 2238 1482 2317 scriptores
1507 2234 1565 2297 tale

245 2343 345 2404 inveni
367 2359 473 2422 genus,

544 2444 641 2508 turdis
663 2443 806 2534 edacibus
829 2443 914 2508 dolos
937 2462 1094 2527 comparas
1118 2445 1228 2514 amice:
1246 2441 1258 2528 ΙΙ
1335 2530 1342 2546 υ

247 2548 324 2630 apud
349 2547 564 2612 Archilochum
587 2550 659 2620 tale,
894 2549 909 2624 ,“
1176 2563 1179 2570 “

502 2672 591 2736 quem
615 2669 674 2714 non
698 2654 823 2716 rationis
847 2662 988 2736 egentem
1012 2653 1081 2715 vicit
1103 2652 1313 2725 Archimedes,

208 2774 234 2815 ao
248 2766 278 2820 et
300 2759 421 2820 tertium
444 2775 555 2838 genus,

517 2859 656 2923 consulto
678 2859 818 2948 producit
842 2879 910 2924 eum
933 2879 994 2942 qoo
1017 2860 1055 2922 sit
1077 2859 1290 2942 impudentior.

248 2983 326 3064 apud
349 2991 469 3045 nostros
492 2988 592 3044 autem
615 2983 645 3043 io
670 2979 778 3044 tabulis
801 2983 941 3066 antiquis,
971 3001 1045 3064 quas
1069 2981 1283 3062 triumphaturi
1307 2979 1400 3042 duces
1427 2981 1457 3042 io
1481 2979 1567 3058 Capi·

249 3085 320 3149 tollo
344 3084 476 3166 figebant
498 3087 700 3164 victoriaeque
728 3105 799 3147 suae
825 3083 944 3148 titolum
968 3086 1112 3148 saturniis
1136 3084 1271 3149 versibus
1294 3083 1566 3166 prosequebantur,

249 3190 317 3253 talia
339 3189 461 3272 repperi
484 3187 636 3271 exemplar
660 3207 696 3252 ex
720 3187 828 3270 Regilli
851 3188 950 3252 tabula

212 3333 237 3374 es
425 3308 554 3372 duello
577 3328 708 3392 magno
733 3309 947 3372 dirimendo
970 3310 1125 3391 regibus
1148 3308 1391 3392 subigendis,

251 3434 300 3514 qui
325 3440 371 3494 est
392 3429 554 3494 subsimilis
577 3433 605 3500 ei
628 3449 718 3512 quem
742 3430 829 3513 paulo
852 3441 921 3494 ante
944 3433 1045 3513 posui,

500 3533 658 3632 ¹consulto
681 3533 821 3616 producit
844 3554 913 3599 eum
937 3554 996 3618 quo
1019 3537 1059 3598 sit
1079 3535 1302 3618 impudentium

251 3641 280 3702 in
302 3636 389 3721 hoilii
411 3637 583 3706 Glabrionis
605 3637 706 3700 tabula
1081 3634 1088 3647 '

458 3758 588 3822 lundit
610 3757 713 3838 lugat
737 3763 951 3841 prosternit
973 3762 1148 3824 maximas
1172 3760 1356 3841 legiones.
1425 3729 1428 3734 ι

214 3879 330 3962 eoapud
354 3879 497 3942 Naevium
521 3889 640 3961 poetam
665 3880 719 3942 hos
743 3881 865 3964 repperi
887 3881 1021 3953 idoneos.

252 4017 457 4031 ——n—-C

319 4105 431 4158 thanet
448 4131 482 4142 -
499 4107 516 4155 s
534 4115 643 4156 menum
663 4105 733 4156 Mar.
758 4085 857 4159 Vrcro'r.
874 4107 918 4170 ee,
940 4109 1036 4158 s-ro
1057 4105 1160 4158 rerem.
1180 4107 1268 4157 ¹feruor.
1279 4109 1400 4157 4466-
1412 4108 1478 4156 rm

251 4178 266 4228 7
286 4174 322 4226 De
345 4176 462 4226 saturnio
486 4189 561 4226 verso
587 4175 649 4228 Ater.
675 4173 781 4232 i'ortua,
800 4178 864 4240 2⁹3,
883 4177 918 4226 24
942 4176 1013 4228 dicer.
1037 4173 1138 4228 Victor.
1159 4178 1221 4239 138,
1241 4179 1276 4228 30
1294 4201 1326 4212 -
1346 4177 1439 4235 didi
1464 4174 1568 4228 Terent.

253 4245 340 4296 Maur.
358 4247 428 4295 2497
437 4269 461 4280 -
471 4247 543 4295 2524
552 4281 553 4284 ,
562 4243 630 4296 Plot.
649 4245 718 4295 2650

323 4437 336 4484 1
360 4432 422 4484 sede
444 4431 490 4484 tihi
513 4433 613 4484 bromio
635 4431 683 4484 dea
702 4433 768 4499 pede
790 4433 882 4484 molier
900 4437 925 4487 Α
939 4435 964 4486 B
982 4435 1044 4486 sede
1063 4435 1107 4484 tihi
1127 4434 1225 4485 bromie
1246 4434 1341 4484 deuoto
1360 4433 1425 4500 pede
1445 4434 1535 4484 mulier
1553 4447 1570 4489 ς

253 4503 325 4554 sedet
347 4501 391 4561 ibi,
416 4499 528 4564 Bromie,
551 4513 630 4553 terete
652 4504 718 4569 pede
742 4502 837 4553 mulier.
856 4502 995 4555 Soateaiar
1018 4507 1043 4554 in
1071 4503 1174 4556 Terent.
1198 4504 1287 4554 ⁴llour.
1311 4519 1338 4567 p.
1363 4507 1421 4554 114.
1451 4503 1569 4566 sortasse

253 4572 325 4623 sedet
343 4573 378 4622 ibi
398 4569 527 4630 Bromius,
546 4573 571 4622 id
591 4587 649 4638 age,
671 4584 736 4638 pere,
754 4569 846 4620 molier
915 4575 931 4623 2
951 4573 1027 4622 morlo
1047 4585 1125 4629 oms
1194 4575 1211 4624 6
1229 4587 1279 4621 non
1300 4584 1408 4621 metrum
1428 4585 1507 4628 oens

254 4643 286 4692 12
303 4640 434 4692 custodite
453 4641 519 4691 inter
535 4657 563 4690 se
575 4643 738 4691 cousentiaot
750 4655 842 4690 rrersus
856 4641 901 4692 sed
916 4645 938 4694 ,4
951 4641 976 4690 Β
994 4643 1124 4692 eristodito
1142 4641 1208 4692 inter
1226 4657 1253 4690 se
1272 4656 1363 4690 uersos
1383 4642 1427 4691 sed
1448 4654 1464 4696 ς
1483 4654 1570 4692 custo-

253 4709 371 4761 ditesco
390 4710 497 4762 Murius
519 4709 669 4763 Victorinus
734 4720 913 4774 praeterquam
933 4709 1004 4774 quod
1023 4723 1039 4766 ς
1059 4724 1161 4775 praeter
1179 4709 1247 4773 quod
1268 4708 1331 4760 AB
1398 4711 1429 4760 15
1448 4723 1473 4760 et
1491 4725 1572 4774 qnos·
1621 4742 1625 4755 ·

252 4777 310 4828 dam
330 4779 459 4841 antiquae
471 4779 622 4829 comoediae
640 4780 780 4844 scriptores
799 4791 877 4834 om
930 4779 979 4829 cole
998 4780 1083 4829 inueni
1103 4781 1129 4830 A
1148 4779 1235 4828 inueni
1254 4778 1303 4828 rule
1321 4777 1376 4834 ςΒ
1430 4781 1462 4830 19
1481 4779 1571 4830 hrehi-

235 4858 376 4904 'merress
446 4849 480 4898 ‘tt
498 4862 531 4897 ex
549 4847 643 4914 Regilli
662 4843 759 4913 rabula]
779 4845 838 4898 Lio.
857 4851 898 4910 40,
911 4851 945 4899 52
1009 4848 1135 4915 ,hegiae
1199 4847 1232 4898 ‘28
1252 4848 1432 4902 Aetatiteme.
1453 4847 1572 4900 hoiliiB
1629 4899 1631 4906 ,

255 4914 347 4967 Aelnilii
365 4923 392 4968 et
410 4917 435 4966 in
453 4931 533 4981 merp.
553 4915 569 4966 i.
589 4916 664 4970 Acilii
684 4919 708 4970 Α
730 4916 808 4966 hoelli
827 4929 843 4972 ς
913 4920 946 4970 30
965 4917 1068 4970 Paetum
1088 4915 1213 4969 Naeuium
1233 4929 1250 4973 ς
