3888 5550
369 375 433 446 408
930 395 1147 452 rasusrrnnr

369 496 392 534 p.
404 485 464 526 2445·
477 486 502 527 td
517 486 541 526 Ρ.

563 591 615 632 aros
629 595 666 638 ex
689 573 769 638 binis
791 575 920 658 pedibus
943 583 1119 660 praeposuit
1142 580 1226 652 duos,

628 687 699 741 tuno
723 679 777 742 hos
800 681 897 760 iungit
920 683 1043 763 epodos,

627 793 730 866 partes
753 785 897 846 ulmodo
921 786 961 848 do
983 788 1067 852 duas.

628 890 695 970 ipso
719 892 853 952 carmine
877 892 936 952 iam
961 891 1016 954 tibi
1041 893 1091 954 liat
1114 892 1216 972 regula
1240 892 1338 974 plana,

629 993 730 1072 ‘quis
754 991 867 1055 multa
890 995 1049 1073 gracilis
1073 1007 1108 1058 te
1132 1016 1226 1078 puer
1251 999 1285 1058 iu
1310 1014 1394 1057 rosa

565 1096 811 1177 eaooperlusus
834 1097 995 1179 liquidis
1018 1111 1131 1180 urget
1153 1099 1337 1162 odoribus

628 1209 753 1280 grato,
776 1199 937 1282 Pyrrha,
962 1201 1029 1265 sub
1053 1206 1187 1266 antro?

629 1307 690 1368 oui
714 1305 850 1368 llaram
873 1305 1016 1386 religas
1038 1308 1207 1370 oomaml’

628 1417 758 1490 pergunt
780 1418 881 1472 cetera
904 1413 974 1491 post
995 1411 1146 1474 consimili
1170 1413 1306 1495 strophe.

628 1532 735 1576 versus
758 1513 808 1575 hio
831 1515 922 1592 igitur
945 1523 1016 1578 suut
1038 1515 1149 1597 pariles
1172 1516 1240 1587 cluo,

564 1619 713 1700 osusquis
736 1617 850 1679 rnulta
877 1617 1034 1697 gracilis
1058 1629 1093 1682 te
1118 1639 1211 1701 puer
1234 1623 1270 1682 iu
1294 1641 1378 1684 rosa

629 1722 811 1804 pertusus
833 1720 994 1802 liquidis
1017 1733 1133 1802 urget
1156 1723 1348 1788 odoribus.

630 1835 697 1908 post
720 1824 776 1887 hos
799 1844 877 1907 quae
900 1829 1023 1889 veniunt
1045 1839 1193 1891 commata
1217 1831 1376 1910 perspicis,

629 1940 752 2010 grato,
776 1928 936 2010 Pyrrha,
960 1930 1027 1992 sub
1050 1941 1175 2004 antro,

630 2036 689 2096 oui
713 2033 848 2096 llaram
873 2033 1016 2114 religas
1040 2055 1190 2099 comam.

564 2141 692 2210 aarooui
715 2137 853 2200 flavam
877 2137 1022 2218 religas
1044 2159 1183 2203 comam
1208 2143 1304 2223 prima
1329 2151 1416 2223 quarte
1439 2141 1564 2211 locetur,

629 2244 680 2306 ssat
702 2260 818 2305 comma
842 2243 1007 2305 seorrndum
1031 2243 1305 2327 gratoPyrrha
1330 2245 1398 2307 sul
1422 2254 1551 2308 antro:

630 2363 748 2408 versum
772 2364 830 2408 non
855 2345 980 2408 dubium
1005 2357 1050 2408 est
1073 2351 1138 2410 lore
1161 2369 1251 2430 quem
1276 2349 1379 2412 dicunt
1401 2352 1569 2430 priapeum,

629 2453 687 2514 cul
704 2449 838 2514 llaram
855 2449 1000 2530 religas
1017 2469 1148 2514 contem
1165 2461 1287 2532 grato,
1312 2452 1470 2535 Pyrrha,
1493 2450 1560 2514 sub
1577 2459 1693 2512 antro.

629 2573 685 2616 neo
708 2554 786 2636 quod
810 2555 921 2616 desinit
944 2557 975 2616 iu
1000 2572 1151 2627 comam,
1175 2559 1201 2619 si
1225 2557 1256 2617 lu
1279 2558 1364 2617 tertia
1389 2555 1487 2635 longa,

565 2659 702 2721 osredum
726 2671 749 2719 u
773 2675 904 2721 consona
928 2659 1078 2739 iungitur,
1103 2669 1210 2740 grato
1234 2659 1376 2740 Pyrrha
1400 2659 1472 2721 sub
1496 2667 1621 2726 antro,

629 2773 734 2844 peocat
758 2761 893 2843 dactylus
916 2764 993 2840 istic,
1017 2782 1102 2834 curn,
1128 2764 1315 2825 sicutmodo
1339 2764 1410 2831 dixi.

630 2867 719 2949 primi
743 2869 900 2929 commatis
924 2865 1026 2930 ultima
1050 2867 1101 2930 dat
1124 2867 1219 2930 libera
1243 2866 1327 2947 legis.

629 2979 699 3032 suut
722 2970 796 3031 liaeo
819 2969 887 3032 talin
910 2970 1009 3032 Flacci
1033 2974 1109 3032 satis
1132 2974 1264 3033 carmina
1288 2973 1429 3052 qtdnque.

674 3073 734 3136 lam
760 3073 867 3136 divisio
891 3083 995 3155 quarta
1021 3093 1080 3136 uon
1106 3093 1224 3138 morosa

565 3179 749 3259 sanqualem
773 3180 965 3257 suggerimus
989 3189 1088 3240 tomen
1113 3177 1248 3250 habebit,

631 3300 778 3344 carmen
802 3299 916 3344 suave
941 3280 1119 3352 dedistis,
1144 3302 1162 3343 o
1186 3283 1379 3345 Conreuae.

631 3405 700 3448 nam
724 3403 792 3448 cunr
816 3383 1030 3448 sustulerimus
1053 3405 1071 3448 o
1095 3384 1297 3456 Camenae,

630 3507 701 3571 pars
724 3489 845 3552 heroica
869 3490 919 3550 fiet
941 3489 1016 3550 haeo
1039 3489 1150 3562 relicto,

630 3612 708 3674 quae
731 3603 800 3675 post
823 3591 876 3654 hos
899 3595 1035 3672 geminos
1060 3595 1152 3672 pedes
1176 3593 1297 3656 habebit

565 3713 616 3756 osas
631 3697 749 3759 clusum
773 3697 893 3759 trontius
916 3698 1040 3759 tertium
1066 3697 1249 3768 trochaeum,

630 3818 782 3864 cartuen
806 3819 921 3862 suase
946 3801 1124 3863 dedistis.

630 3905 704 3966 haec
729 3905 849 3968 heroica
874 3905 930 3966 ianr
954 3914 1034 3966 tonte
1058 3905 1182 3986 probata
1207 3916 1260 3975 est.

631 4009 850 4072 ‘iulaudum
874 4009 1037 4088 regina'.

631 4131 699 4174 uam
724 4131 828 4174 versus
851 4111 907 4173 siut
933 4123 1019 4194 parte
1042 4115 1180 4174 restituto

566 4233 617 4276 asso
630 4215 776 4279 iulaesum
800 4215 952 4278 revocabit
974 4216 1193 4287 hexametrum,

548 4301 555 4316 ⁸
632 4339 784 4384 carmen
808 4339 920 4382 suavo
945 4319 1106 4382 dedistis
1131 4319 1369 4402 Olympiades
1391 4319 1483 4381 milri
1506 4317 1643 4388 llusae,

632 4424 862 4496 ‘infandum
887 4425 1036 4504 regina,
1061 4423 1170 4487 iubes
1193 4441 1375 4486 renovare
1398 4421 1598 4484 doloreru'.

675 4528 712 4592 Et
734 4531 867 4611 quintam
892 4527 1024 4590 breviter
1048 4539 1150 4592 tomen
1176 4528 1346 4609 largiremur.

378 4715 578 4728 ——n—-—

415 4745 420 4754 Ι
444 4783 512 4833 otuu
530 4777 640 4833 elatat
660 4792 708 4827 uno
727 4791 802 4826 uersu
821 4777 970 4825 ronirmrtoe
987 4773 1062 4824 dtrbe!
1077 4773 1112 4832 .l!,
1127 4774 1250 4824 distinxit
1263 4771 1384 4836 ‚lliryllus
1454 4771 1521 4820 utut
1540 4769 1573 4820 do
1592 4785 1639 4820 om.
1655 4767 1692 4830 Μ,

375 4871 438 4923 odd.
458 4869 597 4919 Sonleniue
667 4865 734 4914 9799
755 4863 823 4912 Hor.
849 4877 928 4914 cornu.
956 4860 1049 4924 15‚1
1075 4879 1131 4926 sqq.
1203 4859 1272 4910 asts
1297 4857 1359 4906 lrsrso
1383 4855 1443 4906 talia
1461 4856 1614 4906 Petraeirurs
1632 4855 1693 4906 traso

375 4957 426 5006 atio
447 4955 477 5005 ¹lI
546 4955 612 5003 ’3939
636 4953 715 5015 l'ery.
734 4951 799 4998 Aera.
821 4947 853 5022 Il
874 4951 891 4996 3
