3850 5560
402 356 494 425 5981
797 409 805 418 .
903 373 1016 426 utam
1038 373 1227 426 rmononr
1320 379 1321 384 ¹
1714 401 1727 417 „

1550 459 1732 520 pmtttti.
1806 507 1814 514 .

402 549 583 631 antispastos
605 546 741 630 dactylus
766 569 801 614 ao
824 549 934 612 deinde
962 549 1108 633 spondius
1138 551 1199 614 sire
1229 551 1392 616 trochaeus
1421 551 1591 618 adhibetur.
1638 553 1731 616 liuius

403 652 574 735 exemplum
775 644 777 651 ¹
1405 677 1407 681 ·

558 759 640 838 rapit
662 755 732 830 tela,
756 756 859 820 rolens
882 775 964 827 ecce.
989 775 1098 838 gerens
1121 777 1204 822 arma
1227 757 1338 823 Troius
1360 759 1460 824 heros

401 858 482 939 quod
505 869 639 924 metrum
661 861 694 923 ht
717 861 806 923 etlam
836 880 872 924 ex
896 859 1015 966 duobus
1044 864 1217 992 antispastis
1246 872 1277 925 et
1305 861 1423 945 dactylo
1451 872 1482 925 et
1509 862 1635 943 spondio
1661 865 1727 926 sire
1794 941 1797 946 Ι

265 967 268 974 ’
349 955 355 963 ’
401 961 557 1037 trochaeo
581 970 615 1027 ut
637 963 708 1037 hnc
718 973 774 1035 est,
1287 999 1296 1020 ι
1335 993 1337 996 ·
1509 1034 1514 1042 ,
1741 983 1756 1024 s

556 1068 634 1149 rapit
655 1067 714 1131 tela
737 1065 842 1130 solans
866 1085 937 1132 ecce
961 1067 1071 1132 Troius
1095 1069 1195 1132 heros.

400 1177 437 1258 ea
460 1187 520 1248 uno
544 1173 625 1234 enim
649 1174 817 1253 antispasto
839 1180 869 1233 et
891 1172 1008 1253 dactylo
1032 1183 1063 1234 et
1086 1173 1214 1254 spondic
1238 1174 1300 1257 sire
1323 1173 1469 1237 trochaeo
1491 1174 1523 1235 lit
1545 1175 1595 1243 ita,

307 1344 309 1350 y
556 1273 660 1348 volans
683 1292 753 1337 ecce
775 1275 886 1338 Troius
908 1273 1009 1338 heros.
1031 1265 1074 1360 Ι

303 1424 305 1430 .
400 1377 460 1440 tine
485 1381 577 1442 etlam
597 1378 720 1442 iambici
745 1381 844 1448 metri,
868 1377 949 1461 quod
973 1377 1102 1442 colobon
1127 1378 1248 1456 dicitur,
1273 1398 1333 1442 non
1356 1377 1488 1442 absurde
1511 1379 1569 1441 hoo
1593 1387 1724 1442 metrum

401 1481 594 1544 concluditur
618 1480 675 1543 hoc
698 1481 799 1554 modo,
1073 1539 1075 1543 .
1738 1500 1765 1542 ao
1862 1529 1864 1531 .

556 1585 636 1667 rapit
657 1584 716 1648 tela
739 1584 842 1648 rolens
866 1602 937 1648 ecce
959 1604 1071 1665 gerens
1092 1602 1176 1648 arma
1199 1586 1322 1668 ruitque
1346 1585 1452 1650 iaetus.

125 1687 140 1747 .“
231 1769 234 1776 μ
280 1645 287 1734 s
366 1683 435 1762 ‘tlt
456 1691 549 1750 etiam
571 1689 630 1752 hoc
652 1697 782 1753 metrum
803 1707 845 1751 ea
873 1690 992 1752 duobus
1018 1691 1199 1767 antispastia
1225 1696 1256 1752 et
1276 1691 1392 1753 daubata
1413 1690 1521 1752 iambis
1547 1699 1578 1752 et
1604 1677 1723 1774 syllaba

398 1791 456 1855 hoc
477 1792 575 1871 modo,

554 1897 662 1959 colom
683 1913 885 1973 receperent
906 1913 1008 1960 urano·
1019 1901 1141 1975 ruitque
1154 1900 1270 1961 xtaetus.

219 1971 222 1978 ¹
277 2014 283 2020 ·
375 2017 436 2062 ex
458 2016 520 2062 uno
544 1999 634 2062 etiam
657 2001 821 2088 antispasto
844 2011 874 2063 et
897 1998 1014 2063 duobus
1037 1999 1144 2063 iambis
1168 2011 1198 2062 et
1219 1999 1331 2082 syllaba
1354 2001 1387 2063 iit
1409 2001 1467 2064 hoc
1488 2001 1587 2074 modo,
1730 1991 1757 2053 aa'

441 2139 446 2146 ·
555 2119 671 2184 gerens
689 2121 773 2166 arma
795 2105 919 2187 ruitque
941 2101 1047 2166 laetus.
1451 2157 1454 2162 .

400 2206 557 2269 selendum
587 2223 673 2278 saue,
706 2225 774 2269 cum
805 2210 989 2289 antispastus
1012 2225 1065 2288 pes
1094 2215 1254 2270 constet*
1287 2225 1343 2288 pro
1372 2207 1470 2289 primo
1493 2215 1594 2270 autem
1624 2209 1649 2268 si
1672 2213 1723 2267 aut
1796 2193 1801 2202 ¹

223 2353 231 2408 ⁴,
309 2339 312 2344 ¹
400 2302 518 2375 iamb'us
542 2317 593 2372 ant
615 2309 788 2392 pyrrichius
811 2319 862 2372 aut
884 2311 1032 2406 spondius
1054 2319 1106 2374 aut
1130 2310 1291 2374 trochaeus
1314 2319 1490 2391 poneretur,
1521 2311 1610 2372 huius
1632 2309 1720 2372 netri

34 2421 35 2430 ’
254 2461 258 2464 -
311 2490 313 2494 ¹
401 2411 599 2476 excellentior
623 2423 654 2477 et
675 2413 763 2478 latior
786 2431 859 2476 usus
882 2424 971 2476 esset

703 2612 706 2622 “
789 2601 849 2666 nti
872 2601 1005 2666 ustno
1028 2602 1159 2670 lONlCO
1181 2601 1328 2666 matous
1385 2677 1391 2684 ι
1644 2627 1647 2632 v
1732 2619 1758 2659 ao

393 2757 397 2765 ·
443 2721 614 2804 silotrum
643 2723 776 2785 lonicum
811 2743 827 2786 a
858 2723 971 2786 maiore
999 2733 1117 2786 constat
1149 2720 1185 2787 ea
1212 2723 1322 2786 ionicis
1356 2721 1519 2798 maioribus
1546 2722 1662 2785 duobus
1691 2729 1721 2784 et

321 2851 324 2858 ¹
399 2826 528 2908 spondio
551 2827 614 2888 sive
637 2821 792 2898 trochaeo,
816 2835 851 2889 ut
872 2834 918 2888 est
941 2825 1015 2889 illud
1039 2827 1118 2908 apud
1142 2824 1258 2899 iubam,
1310 2840 1314 2846 ’

401 2962 607 2975 -ψ

374 3065 378 3074 ·
405 3079 408 3084 .
468 3029 701 3084 1011111111Τῆ0
721 3027 834 3086 lonico
856 3031 999 3088 Iuliamd

469 3206 483 3256 1
502 3204 657 3272 antispastis
676 3205 701 3254 Α
746 3200 889 3274 ,drapitJ
907 3219 943 3256 ex
962 3205 1060 3258 &nbat
1077 3205 1194 3258 uersibus
1215 3205 1330 3271 Ver-pilii
1346 3205 1414 3258 Aea.
1431 3198 1508 3256 Vm
1525 3207 1575 3255 111
1594 3215 1719 3271 raptoque

398 3289 469 3341 volat
487 3289 537 3341 telo
557 3291 650 3343 obvius
668 3292 729 3358 ipse
748 3297 774 3342 et
791 3293 846 3342 5³0
863 3291 910 3342 aed
922 3291 1016 3343 Troius
1035 3291 1112 3342 beros
1130 3290 1258 3358 adgnovit
1276 3290 1392 3342 sonitum
1410 3293 1553 3356 exemptum
1561 3293 1648 3355 pictura
1664 3305 1720 3342 erre

369 3435 377 3442 ,
401 3376 512 3428 comsit
535 3375 694 3427 Weatzelhtr
712 3375 791 3441 rpntb.
810 3377 869 3426 erit.
888 3379 914 3427 ia
932 3377 1024 3431 hiatur.
1044 3379 1135 3443 script.
1158 3377 1200 3427 rei
1221 3385 1294 3428 metr.
1312 3377 1360 3428 iat.
1384 3376 1575 3442 (Vratt'elaoiaa
1599 3373 1718 3440 111851)

398 3479 426 3529 p.
446 3465 480 3514 0⁷
561 3464 646 3513 'tet
663 3467 725 3512 uate
742 3459 845 3527 dactylo
863 3475 912 3514 nat.
931 3461 974 3512 Α.
1049 3461 1175 3514 ituolena
1196 3461 1221 3512 P
1311 3461 1397 3514 illue
1415 3467 1493 3513 etlam
1512 3465 1537 3512 Α
1557 3459 1585 3512 dt
1604 3464 1679 3512 etiam
1697 3461 1743 3526 P⁸

327 3543 330 3550 '
468 3547 598 3615 colophon
618 3546 668 3599 ΡΑ
774 3549 805 3598 11
826 3549 894 3616 rapit
912 3547 961 3598 tela
980 3573 1014 3585 —
1033 3550 1066 3600 lb
1084 3547 1133 3598 boc
1152 3547 1231 3599 modo
1250 3547 1338 3602 om.P
1441 3551 1473 3599 tt
1493 3545 1615 3600 titatium
1635 3573 1667 3585 -
1686 3549 1717 3598 tt

399 3622 482 3684 laetus
501 3650 548 3686 ora.
568 3633 627 3689 ΡΑ.
665 3635 737 3700 opud
754 3634 884 3685 dulim
902 3635 1129 3701 despumantes
1147 3641 1228 3685 nebo
1250 3636 1352 3700 scripto
1368 3641 1428 3685 auat
1445 3635 1509 3686 boec
1525 3651 1554 3700 p.
1574 3637 1617 3692 57,
1643 3632 1726 3694 Quale,

399 3730 509 3770 metrum
528 3719 662 3784 sequitur?
699 3721 915 3786 hutispastieum,
953 3717 1046 3779 Quales
1066 3718 1146 3786 pedes
1165 3719 1273 3786 recipit?
1309 3717 1375 3770 Tres
1399 3735 1463 3771 suos
1487 3721 1663 3786 antispastus,
1686 3721 1718 3769 ita

399 3815 427 3854 ut
444 3805 573 3869 dactylico
593 3805 644 3856 line
662 3805 840 3869 concludatur,
860 3817 888 3856 ut
905 3805 1116 3856 choriambicum.
1148 3801 1185 3854 Da
1204 3805 1260 3855 eina
1280 3804 1437 3872 exemplum.
1468 3803 1618 3871 ‘Rapitteia
1631 3805 1721 3856 volatis.

51 3903 59 3910 ·
83 3872 87 3880 Ι
116 3937 122 3946 ,
218 3915 225 3923 ·
334 3919 337 3925 -
370 3941 373 3948 ,
399 3906 569 3958 eccegerens
588 3905 660 3942 erma
678 3891 772 3942 Troius
792 3889 892 3943 heros’.
923 3889 996 3950 Quod
1016 3889 1153 3954 sequitur?
1184 3889 1258 3950 Quod
1277 3901 1377 3942 constat
1395 3905 1428 3940 ex
1446 3890 1550 3941 duabus
1568 3891 1717 3958 andspastis

398 3977 526 4042 dactylico
545 3977 596 4028 line
620 3977 781 4028 conclusum.
818 3975 856 4027 Da
881 3977 937 4026 eius
960 3975 1118 4042 exemplum.
1137 3987 1152 4024 s
1170 3975 1260 4044 ‘Rapit
1278 3975 1441 4038 telarolaus
1460 3991 1517 4027 ecce
1536 3991 1627 4042 gerens
1650 3990 1717 4024 orma

398 4063 501 4126 ruitque
521 4059 628 4114 laetua’.
666 4061 741 4121 Quod
765 4063 900 4126 sequitur?
942 4059 1016 4120 Quod
1039 4071 1142 4112 coarstnt
1165 4077 1198 4112 ex
1222 4061 1325 4113 duobus
1348 4064 1504 4130 antispastis
1527 4063 1636 4113 iambico
1660 4061 1715 4110 hue.

199 4185 200 4188 ,
295 4211 298 4216 Ι
324 4127 328 4135 ⁵
399 4147 438 4200 Da
456 4149 512 4202 eiua
531 4148 688 4216 exemplum.
720 4148 832 4200 ‘Volane
852 4161 910 4198 eece
929 4161 1022 4214 gerens
1041 4161 1113 4197 arma
1132 4149 1234 4211 ruitque
1252 4146 1346 4199 laetus’
1428 4152 1460 4201 to
1478 4150 1554 4198 etiam
1570 4148 1599 4198 H
1614 4149 1716 4198 animat

469 4237 500 4287 l'l
524 4235 651 4299 ‘sortasse
673 4236 821 4300 scripserat
845 4240 937 4284 unctor
964 4247 1021 4282 cum
1047 4235 1209 4300 antispastus
1234 4251 1281 4300 pes
1304 4234 1408 4285 duobus
1433 4233 1557 4300 pedibus,
1586 4234 1670 4284 ientbo
1693 4243 1716 4282 et

352 4349 356 4358 ·
398 4320 531 4386 trochaeo,
550 4318 658 4371 constetss
694 4321 782 4386 punito
800 4328 861 4386 post
878 4318 957 4370 uerba
974 4329 1019 4369 aut
1042 4319 1144 4368 iambus
1166 4335 1362 4386 superuacaneo
1384 4321 1514 4372 uidentnr'
1534 4320 1716 4385 Heroeinpem.

400 4409 474 4485 immo
492 4409 570 4474 pluro
589 4409 666 4458 etiam
678 4407 842 4466 exciderunt,
863 4406 962 4474 paribus,
981 4421 1037 4456 murt
1048 4407 1209 4473 antispastus
1226 4421 1275 4471 pes
1286 4413 1385 4458 constet
1404 4421 1441 4456 ea·
1452 4405 1534 4457 iurabo
1553 4413 1578 4456 et
1589 4404 1717 4464 trochaeo,

174 4525 177 4532 .
279 4543 283 4552 ,
353 4490 448 4560 'pro
465 4499 575 4562 utroque
598 4494 666 4560 pede
688 4497 769 4560 pedes
786 4509 868 4561 supro
892 4493 1006 4560 scriptos
1021 4496 1087 4559 porti
1100 4507 1180 4559 porte
1199 4494 1293 4552 dietum
1311 4499 1369 4544 erut
1458 4491 1490 4544 te
1509 4490 1549 4542 his
1568 4491 1655 4540 metris
1674 4495 1743 4539 etr-¹
1815 4554 1817 4560 Ι

398 4578 530 4631 cellentior
548 4580 574 4631 P
594 4577 636 4630 his
655 4581 729 4632 metri
753 4579 832 4631 ltulus
857 4577 1022 4630 excellentior
1039 4580 1098 4631 eod.
1117 4577 1253 4645 Serapem.
1273 4577 1313 4629 his
1332 4579 1406 4628 metri
1425 4577 1533 4630 huiusce
1552 4576 1675 4627 torrentior
1692 4575 1715 4624 A

399 4664 440 4717 hia
459 4666 548 4718 metris
567 4665 676 4718 huiusce
693 4665 812 4718 licentior
829 4667 939 4726 coniecit
953 4666 1131 4731 Heauiupems
1201 4667 1238 4740 2⁰.
1252 4663 1290 4715 De
1302 4677 1385 4716 metro
1403 4665 1487 4716 ionico
1505 4665 1610 4715 roaiore.
1640 4660 1716 4722 Qrtale

398 4763 507 4802 metrum
531 4753 668 4816 sequitur?
704 4751 819 4804 lonicum
844 4755 936 4808 mains.
979 4751 1016 4801 Ex
1041 4745 1135 4815 quibus
1164 4752 1274 4818 pedihus
1297 4753 1416 4802 onustat?
1459 4749 1499 4799 Ex
1521 4748 1604 4799 tribus
1627 4749 1715 4798 ionicis

398 4837 541 4888 maioribus
560 4849 585 4888 et
603 4838 715 4905 dactylo,
734 4840 769 4891 ita
789 4851 816 4890 ut
834 4840 981 4906 spondeum
1005 4851 1049 4888 ιιιιι
1068 4838 1216 4889 trochaeum
1241 4835 1334 4888 habeat
1352 4837 1377 4887 in
1402 4837 1461 4888 dare.
1487 4835 1535 4886 lia
1556 4835 1612 4884 eins
1631 4847 1716 4884 exem·

398 4923 479 4989 plum.
511 4922 596 4975 ‘Tunc
613 4923 719 4976 insolita
737 4927 775 4976 sio
794 4941 859 4992 puer·
877 4923 965 4976 aethra
985 4927 1035 4975 ruit
1053 4939 1152 4989 aequor
1170 4927 1194 4975 ln
1214 4923 1316 4974 ultum'.
1352 4926 1412 4994 item
1432 4921 1534 4973 duobus
1552 4921 1645 4972 ionicis
1663 4933 1716 4970 ma·
