3904 5556
455 413 458 418 ¹
641 347 1226 411 mmmmmm
1552 353 1677 422 m,

301 459 322 502 ρ.
336 448 395 491 rest,
409 449 435 488 sa
449 447 471 490 u.
1419 469 1440 510 p.
1454 458 1487 499 to.
1501 459 1527 499 so
1541 456 1567 501 c.

276 539 404 607 minuat,
435 547 468 600 ιιι
489 540 697 623 ‘apparent
726 541 803 603 rari
827 545 989 614 nantes’,
1022 552 1072 605 aut
1102 542 1180 606 lorte
1212 542 1338 614 dividat,
1369 550 1401 605 ιιι
1429 551 1592 628 ‘septem

275 639 449 704 sublecta
465 643 609 706 trioni'.
641 645 721 708 unde
736 645 854 727 species
869 645 1137 710 innumerabilium
1155 643 1159 726 l
1177 649 1340 735 figurarum
1357 657 1497 732 repertae
1513 659 1592 713 stunt.

275 753 305 808 et
331 744 440 808 Graeci
467 749 597 811 maxime
625 747 829 812 schematibus
857 747 904 812 bis
932 758 1072 822 ιιιιιιιιιιι,
1102 751 1211 831 qulbus
1240 751 1335 814 maior
1363 770 1397 814 ac
1427 754 1594 834 speciosior

275 846 393 914 licentia
417 858 462 914 est
484 853 700 936 corrumpendi
723 853 883 916 sermonis.

419 1075 467 1140 DE
490 1077 670 1142 uunsvttt
694 1076 904 1142 tohclnvtt
929 1077 978 1140 ET
1003 1077 1170 1142 llllEVthl
1194 1077 1443 1144 sttttttattvtt

250 1133 263 1172 h

359 1213 438 1278 litter
463 1217 605 1280 metricos
625 1226 655 1280 et
670 1219 800 1280 musicos
816 1223 941 1299 propter
963 1216 1057 1300 spatia
1074 1226 1255 1299 temporum,
1278 1235 1356 1300 quae
1372 1216 1492 1300 syllabis
1509 1237 1591 1282 com·

273 1318 509 1402 prehenduntur,
540 1338 600 1383 non
623 1339 715 1404 parm
738 1319 884 1384 dissensio
907 1329 962 1383 est.
1011 1339 1080 1384 nam
1104 1321 1210 1384 musici
1233 1339 1294 1384 nou
1317 1339 1423 1385 omnes
1451 1323 1530 1385 inter
1558 1341 1591 1386 se

274 1421 375 1504 longas
397 1433 449 1486 aut
471 1423 578 1488 breves
601 1428 667 1505 pari
695 1442 848 1508 mensura·
862 1426 1046 1494 consistere,
1075 1422 1225 1506 siquidem
1255 1433 1285 1486 et
1315 1423 1396 1487 brevi
1420 1425 1589 1490 breviorem

274 1535 301 1588 et
322 1526 410 1608 lunga
427 1525 597 1607 longiorem
612 1527 713 1590 dicent
736 1545 825 1609 posse
840 1525 985 1610 syllabam
1001 1527 1083 1609 heri3
1108 1529 1224 1590 metrici
1240 1536 1356 1598 autem,
1380 1537 1472 1611 prout
1486 1530 1588 1594 cuius·

236 1649 328 1712 acque
358 1629 493 1710 syllabae
519 1629 740 1710 longitudoac
768 1630 897 1694 brevitas
926 1631 1033 1702 luerit,
1068 1633 1107 1694 lta
1138 1640 1308 1712 temporum
1343 1633 1437 1713 spatia
1469 1631 1588 1696 deliniri

272 1751 367 1816 neque
384 1732 499 1818 [tract]
518 1733 687 1798 breviorem
711 1745 761 1798 aut
777 1733 895 1819 [longa]
921 1735 1105 1817 longiorem,
1129 1753 1219 1818 quam
1236 1743 1341 1798 natine
1357 1736 1389 1798 in
1405 1734 1588 1818 syllabarum

272 1839 476 1900 enuntiatione
498 1837 639 1921 protulit,
669 1857 757 1918 posse
778 1837 908 1921 aliquam
932 1839 1072 1920 reperiri.
1118 1838 1154 1900 ad
1178 1837 1254 1919 haec
1277 1839 1398 1910 rrtusici,
1428 1842 1480 1920 qni
1510 1849 1586 1904 tem-

272 1958 374 2020 porum
399 1941 528 2004 arbitrio
550 1941 681 2026 syllabas
704 1944 910 2013 committunt,
934 1945 966 2004 in
985 1941 1165 2024 rhythmicis
1188 1939 1445 2005 modulationibus
1467 1954 1519 2006 aut
1542 1943 1584 2026 ly·

163 2075 167 2086 .
270 2045 337 2106 sicis
360 2044 553 2108 cantionibus
577 2065 631 2128 per
654 2047 813 2109 circuitum
838 2045 956 2128 longius
979 2053 1118 2108 extentae
1140 2045 1395 2126 pronuntiationis
1413 2055 1472 2109 tam
1488 2045 1587 2128 longis

234 2169 260 2211 rs
271 2146 420 2228 longiores
442 2168 532 2231 quam
556 2167 662 2212 rursus
678 2167 733 2231 per
756 2151 980 2231 correptionem
996 2148 1152 2212 breviores
1168 2145 1311 2212 brevibus
1332 2150 1504 2230 prolerunt.
1535 2149 1588 2214 ad·

269 2251 368 2314 lerunt
391 2253 482 2316 etiam
506 2253 660 2336 exemplo,
684 2270 762 2333 qnae
785 2253 815 2314 in
840 2255 975 2316 metricis
990 2251 1119 2334 pedibus
1134 2270 1238 2314 secum
1261 2252 1387 2324 iaciant,
1411 2254 1587 2320 adserentes

268 2357 440 2418 accessione
452 2357 844 2420 consonantinmmomenta
856 2364 1029 2438 temporum
1039 2374 1187 2427 crescere,
1197 2356 1584 2436 tamquamThersandrus:

267 2466 383 2522 constat
403 2458 522 2522 duabus
537 2457 549 2542 Ι
565 2463 716 2543 positione
741 2460 841 2541 longis
856 2467 886 2522 et
901 2458 985 2522 brevi
1000 2459 1114 2530 ultima,
1139 2461 1190 2542 qul
1205 2459 1239 2522 lit
1262 2479 1315 2542 pes
1337 2459 1585 2542 palimbacchius.

267 2561 356 2626 buius
386 2563 515 2644 primam
546 2565 693 2646 positione
722 2563 843 2644 longam
872 2571 1012 2645 correpta
1041 2583 1058 2624 e
1086 2560 1186 2626 littera
1216 2581 1282 2626 esse
1310 2561 1504 2628 manifestum
1528 2575 1585 2642 est,

232 2681 355 2744 nquam
380 2669 407 2730 si
431 2667 627 2749 produxeris,
650 2675 684 2731 ut
698 2665 852 2730 interdum
870 2669 961 2730 etiam
978 2667 1097 2730 metrici
1113 2665 1240 2738 iaciunt,
1265 2675 1298 2730 ιιι
1319 2685 1377 2748 pro
1400 2687 1416 2729 e
1438 2685 1585 2749 qgraeca

265 2767 364 2832 littera
388 2769 544 2842 audiatur,
575 2789 652 2853 quae
674 2789 795 2854 semper
821 2780 928 2834 natura
950 2769 1038 2852 longa
1062 2777 1121 2838 est,
1146 2769 1179 2832 ιιι
1201 2778 1235 2834 ut
1258 2771 1348 2832 etlam
1371 2770 1585 2836 accedentibus

267 2871 384 2936 duabus
413 2873 653 2938 consonantibus
680 2875 800 2956 longior
828 2873 1037 2956 prolixiorque
1065 2873 1216 2944 rideatur:
1253 2876 1365 2956 quippe
1394 2892 1464 2938 oum
1493 2876 1583 2938 trium

268 2985 435 3059 temporum
459 2979 557 3061 spatio
580 2987 667 3042 aucta
689 2981 744 3049 sit,
769 2995 847 3060 quae
862 2975 956 3041 duum
979 2977 1092 3048 lecerat,
1116 2995 1184 3040 curu
1200 2987 1280 3042 esset
1295 2995 1350 3061 per
1373 2997 1390 3040 e
1412 2986 1583 3058 correptam

267 3098 374 3143 nomen
404 3080 526 3146 elatum.
571 3083 642 3144 item
666 3075 900 3162 ἄμφιεσμὲνος
925 3072 1173 3164 ἠμφιεσμένος,
1207 3079 1287 3162 quod
1317 3082 1348 3144 ln
1378 3088 1476 3144 metro
1504 3083 1583 3165 apud

231 3183 396 3248 adrasus
419 3185 595 3268 frequenter
617 3185 793 3248 invenimus.
840 3185 933 3248 habet
961 3187 1097 3249 enimet
1124 3181 1163 3246 de
1191 3192 1297 3246 natura
1322 3193 1353 3246 et
1374 3183 1413 3247 de
1436 3186 1582 3264 positione

266 3286 408 3366 longioris
446 3288 578 3372 syllabae
620 3291 853 3352 incrementum.
904 3288 987 3352 brevi
1024 3295 1125 3350 autem
1164 3275 1336 3350 breviorem
1369 3289 1414 3351 sic
1447 3289 1583 3370 intellegi

267 3389 382 3461 volunt,
411 3399 444 3454 ut
472 3396 504 3455 iu
533 3392 639 3454 eodem
670 3393 791 3454 nomine
818 3390 1046 3455 Thessandrus:
1082 3391 1156 3453 drus
1190 3391 1270 3454 enim
1304 3389 1416 3472 syllaba
1446 3395 1582 3472 quamvls

235 3507 240 3519 ¹
268 3511 353 3558 unam
378 3493 510 3557 vocalem
536 3505 640 3558 natura
665 3495 787 3558 brevem
812 3493 934 3566 habeat,
964 3501 1027 3557 tres
1055 3501 1155 3556 tamen
1184 3491 1260 3556 aliae
1288 3503 1489 3558 consonantes
1512 3513 1581 3558 cum

267 3593 377 3681 ealdem
400 3595 495 3661 elatae
524 3617 585 3662 uon
613 3618 720 3682 parum
749 3600 895 3680 temporis
918 3600 948 3660 in
979 3615 1064 3660 mora
1092 3599 1350 3679 pronuntiationis
1377 3598 1579 3680 occupabunt.

230 3702 321 3764 uerlt
342 3718 417 3781 ergo
439 3699 513 3766 baec
535 3701 635 3766 brevis
657 3701 695 3765 ab
719 3721 755 3766 ea
778 3701 911 3782 longior,
935 3704 1039 3782 inqua
1062 3701 1124 3764 sola
1148 3719 1178 3772 u,
1202 3718 1292 3782 quam
1315 3719 1384 3764 cum
1400 3700 1464 3764 aliis
1484 3722 1579 3766 enun-

268 3807 334 3866 tiata
357 3803 468 3868 litteris
495 3803 583 3868 drus:
613 3809 780 3870 auctiorem
810 3808 890 3869 enim
918 3803 1153 3886 uberioremque
1180 3804 1305 3867 auribus
1333 3822 1439 3868 sonum
1468 3805 1577 3869 reddit.

266 3908 315 3970 sed
344 3907 418 3971 haec
440 3905 656 3990 scrupulositas
679 3910 803 3973 musicis
831 3917 861 3971 et
888 3907 1064 3990 rhythmicis
1086 3906 1288 3987 relinquatur.
1334 3927 1403 3972 nam
1431 3912 1511 3992 quod
1541 3911 1577 3972 ad

267 4031 318 4072 nos
339 4013 461 4081 attinet,
491 4021 630 4075 notemus
652 4011 813 4095 plerasque
841 4009 971 4094 syllabas
994 4011 1111 4074 ratione
1135 4029 1224 4092 pares
1247 4029 1328 4083 esse,
1357 4016 1454 4094 spatio
1478 4021 1577 4075 autern

266 4135 315 4178 scu
337 4134 412 4179 sono
435 4117 584 4198 impares,
608 4125 641 4178 ut
663 4115 790 4178 dicimus
813 4134 918 4178 omrtes
934 4116 1102 4178 Germanos
1126 4111 1232 4194 longos
1255 4133 1336 4186 esse,
1361 4116 1495 4194 quamvis
1518 4135 1577 4178 nou

230 4221 323 4282 sasint
345 4237 452 4281 omnes
482 4218 616 4280 eiusdem
639 4228 786 4280 staturae:
817 4219 860 4282 sic
888 4220 1023 4281 dicemus
1052 4218 1141 4280 etiarn
1170 4217 1224 4280 has
1254 4217 1383 4302 syllabas
1411 4218 1441 4280 in
1466 4235 1577 4299 genere

331 4445 344 4494 1
368 4439 509 4511 apparent]
532 4441 786 4510 Verp.Aen.11!8
872 4436 985 4509 septem]
1009 4443 1087 4508 Verp.
1103 4458 1169 4508 year
1188 4484 1194 4498 .
1214 4441 1265 4494 tlt
1286 4445 1337 4495 381
1424 4443 1440 4492 'd
1461 4443 1578 4506 sortasse

267 4526 320 4562 nam
338 4513 432 4563 musici
451 4511 540 4563 volunt
558 4525 610 4564 uon
629 4525 720 4564 omues
791 4511 876 4563 omrtis
900 4510 961 4564 AB
1034 4513 1051 4564 8
1075 4458 1186 4580 brevesf
1199 4513 1284 4564 breuis
1304 4509 1365 4563 AB
1441 4513 1470 4562 ll
1495 4529 1579 4577 ireque

265 4582 402 4633 breviorem
422 4593 468 4631 aut
484 4580 629 4648 longiorem
648 4581 763 4632 Hancine
781 4579 919 4634 Heliodor.
940 4579 1043 4632 b'aters.
1061 4597 1089 4646 p.
1104 4583 1154 4631 107
1204 4581 1257 4631 ·l'i
1274 4579 1453 4630 ttae-sondrae
1472 4593 1489 4637 ς
1507 4581 1579 4632 thes·

264 4651 372 4702 scodrus
391 4649 453 4702 AB
522 4653 557 4702 ut
583 4651 643 4702 item
661 4643 861 4717 ἀμφιεσμένος
880 4676 912 4686 -
930 4650 1074 4700 invenimus
1093 4651 1125 4701 iis
1142 4667 1209 4717 quae
1227 4651 1260 4701 de
1277 4651 1376 4702 moriae
1394 4647 1578 4702 Thessandrus

264 4721 395 4787 disputato
412 4727 490 4771 erum
506 4727 599 4784 posteo
611 4721 767 4786 interposita
778 4735 834 4770 erse
847 4719 966 4770 viderim
1034 4713 1204 4838 quodqquae
1221 4717 1248 4768 B
1317 4720 1350 4770 26
1368 4717 1472 4769 breuem
1491 4732 1577 4772 atatem

265 4789 404 4841 breuiorem
425 4787 486 4840 AB
503 4787 608 4840 breuem
625 4801 712 4841 autent
731 4788 994 4855 breuilongioremc
1063 4787 1096 4838 2⁷
1131 4787 1320 4844 ltersandrusc
1337 4787 1507 4840 thessandrus
1524 4789 1578 4842 AB

346 4859 382 4924 qn
406 4873 485 4908 ιιιιιιιιι
509 4859 536 4910 Α
562 4874 621 4910 oum
640 4873 718 4909 unnm
737 4856 762 4907 B
789 4873 868 4922 quum
889 4869 1004 4913 ιιιιιιιιις
1091 4859 1122 4910 31
1146 4852 1254 4924 sontum]
1273 4871 1379 4907 sensum
1399 4857 1491 4914 ΑΒς
1592 4887 1598 4897 ·

265 4928 295 4978 bi
312 4923 514 4998 scrupulositas]
534 4927 682 4997 scrupulosi
700 4927 726 4978 B
796 4921 879 4996 qnod]
899 4927 961 4992 qnia
979 4925 1068 4982 Alte
1137 4929 1171 4978 et
1194 4927 1278 4976 munis
1296 4939 1436 4992 germanos
1457 4927 1517 4979 AB
