3904 5556
332 281 423 340 xviii
897 284 1100 340 PRAEFATIO

265 537 269 543 ,
332 465 459 559 εεῑ,.ἀε
482 467 540 530 ode
564 476 594 530 et
617 467 696 530 melo
725 477 756 532 et
779 467 816 529 de
840 467 905 530 colo
930 474 961 530 et
983 477 1132 534 commate
1155 461 1251 552 pauca
1282 470 1443 536 adduntur.
1490 493 1567 557 quae
1590 455 1699 559 pars*

278 631 281 637 .
331 589 514 654 quamquam
545 573 633 634 unius
663 571 791 634 Parisini
820 571 934 633 codicis
964 572 1202 654 subscriptione,
1238 591 1314 652 quae
1347 575 1471 657 quidem
1500 599 1537 642 ex
1559 584 1661 662 primo

330 673 400 736 libri
431 677 528 756 repeti
562 682 694 756 poterat,
725 674 880 736 Victorino
910 676 1066 746 tribuitur,
1102 679 1132 738 in
1160 677 1298 740 Palatino
1333 689 1432 740 autern
1461 683 1566 745 codice
1595 687 1661 745 sine

264 791 271 803 ‘
332 779 455 840 uonrine
479 781 614 840 auctoris
637 779 748 859 scripta
774 787 830 850 est,
856 787 954 842 tamen
979 798 1038 841 non
1063 779 1195 842 dubitari
1214 799 1279 842 eam
1298 781 1452 844 Victorino
1469 789 1659 850 continuare.

331 898 399 944 nam
429 900 495 944 cum
524 881 598 943 nibil
630 882 660 942 in
692 878 738 943 bis
765 884 850 954 insit,
880 882 960 962 cpuod
988 885 1055 944 iure
1084 883 1121 947 ab
1152 882 1203 946 illo
1228 883 1359 946 alienum
1389 885 1518 950 indicari
1541 889 1658 962 debent,
1749 901 1750 906 ’

331 995 392 1046 tum
423 987 488 1066 ipse
517 985 590 1066 quid
620 995 743 1048 secutus
772 987 811 1048 sit
833 985 990 1048 verbisin
1020 988 1105 1050 initio
1130 991 1341 1050 contineutarii
1371 987 1407 1050 de
1438 994 1543 1053 metris
1566 993 1659 1056 llora·

330 1090 420 1150 tianis
456 1108 484 1169 p.
517 1085 595 1158 174,
627 1087 643 1150 1
673 1091 782 1170 positis
813 1089 967 1152 indicarit.
1020 1109 1088 1152 nam
1124 1092 1265 1171 quoniam
1301 1097 1488 1156 enumeratio
1523 1099 1659 1158 omnium
1743 1120 1746 1124 ·

329 1193 498 1258 carminum
533 1190 578 1252 vel
614 1191 652 1254 ob
682 1193 869 1272 dpbtlronio-
888 1211 949 1256 non
978 1191 1110 1256 exhibita
1142 1194 1186 1256 rel
1216 1212 1232 1256 a
1264 1195 1416 1256 Victorino
1446 1200 1554 1260 omissa
1584 1209 1657 1282 erat,

327 1295 403 1356 sicut
429 1293 543 1356 dictum
569 1305 614 1357 est
637 1314 666 1376 p.
692 1292 762 1366 161,
789 1295 838 1368 15,
863 1307 966 1379 postea
991 1296 1071 1357 hunc
1095 1297 1246 1359 delectum
1276 1302 1316 1360 ita
1346 1297 1508 1380 supplerit,
1539 1314 1571 1363 ut
1594 1305 1657 1364 sin·

327 1397 405 1476 gulis
429 1406 596 1460 metrorum
621 1401 784 1480 generibus
807 1402 907 1463 omnia
933 1401 1084 1469 carmina,
1108 1403 1137 1460 in
1162 1400 1273 1482 quibus
1297 1421 1330 1464 ea
1355 1404 1577 1474 invenirentur,
1606 1405 1665 1473 ati-¹

327 1510 466 1580 poneret.
507 1503 538 1562 in
563 1504 781 1564 commentario
806 1503 843 1564 de
868 1501 924 1565 ode
948 1503 1054 1582 paucis
1078 1521 1154 1584 qnae
1179 1522 1269 1584 supra
1292 1523 1324 1585 p.
1345 1502 1398 1576 54,
1422 1502 1443 1566 2
1463 1509 1522 1568 iarn
1545 1509 1656 1589 scripte

329 1611 415 1667 erent
439 1607 579 1684 repetitis
602 1605 750 1690 quaedam
774 1624 809 1667 err
834 1605 899 1668 aliis
922 1604 1058 1667 lontibus
1080 1606 1173 1686 petite
1199 1605 1323 1668 addidit.

339 1873 341 1878 ,
414 1810 484 1874 Post
507 1811 635 1874 llariuni
660 1812 848 1892 Victorinum
873 1815 962 1893 posui
991 1821 1134 1892 quattuor
1158 1811 1252 1874 libros
1283 1813 1416 1875 minores
1440 1815 1510 1877 olim
1536 1817 1656 1880 Maximi

329 1914 476 1977 Victorini
505 1915 630 1976 nomine
662 1916 837 1995 inscriptos.
879 1916 922 1976 de
953 1914 1064 1994 quibus
1094 1922 1128 1976 ut
1150 1917 1279 1984 rectius,
1310 1935 1399 1996 qnam
1424 1917 1522 1979 adbuc
1547 1920 1655 1983 lactum

326 2027 386 2089 ost,
417 2017 546 2081 iudicari
570 2019 683 2098 possit,
712 2018 858 2080 memoria
882 2035 973 2078 manu
997 2020 1182 2097 scriptorum
1211 2017 1367 2088 codicum.
1398 2040 1414 2082 a
1439 2021 1551 2100 quibus
1575 2023 1655 2086 edita

229 2136 230 2139 ’
326 2118 511 2204 epemplaria
535 2131 739 2190 recesserunt,
764 2119 942 2201 explicanda
966 2131 1012 2182 est
1035 2123 1214 2182 accuratius.
1253 2121 1305 2182 sed
1329 2124 1460 2203 primum
1485 2125 1521 2186 de
1538 2125 1656 2188 duobos

326 2224 413 2287 libris
437 2224 473 2287 de
497 2233 561 2286 arte
584 2227 781 2302 grammatica
806 2233 836 2284 et
860 2223 896 2284 de
914 2224 1028 2294 metris,
1053 2221 1163 2285 deinde
1180 2223 1217 2284 de
1234 2222 1358 2306 reliquis
1375 2225 1500 2299 duobus,
1526 2247 1653 2308 quorum

248 2343 250 2346 ·
325 2331 402 2390 ratio
427 2327 463 2390 ab
486 2327 547 2390 illis
563 2329 680 2388 diversa
697 2337 752 2397 est,
776 2327 884 2389 dicam.
914 2325 983 2388 illos
1005 2327 1097 2406 igitur
1121 2328 1152 2388 in
1177 2326 1274 2389 tribus
1298 2326 1455 2392 codicibus
1471 2332 1510 2391 ila
1528 2333 1655 2412 scriptos

324 2433 443 2528 inveni,
477 2439 509 2492 ut
544 2433 647 2513 priore
683 2431 749 2493 loco
782 2428 860 2492 liber
893 2430 931 2492 de
967 2438 1032 2515 arte
1065 2433 1259 2510 grammatica
1294 2434 1480 2515 praescripto
1510 2433 1654 2496 Victorini

326 2536 449 2597 nomina
478 2545 645 2616 poneretur
675 2536 761 2615 eique
790 2531 979 2595 subiceretur
1007 2533 1083 2594 atur
1112 2536 1163 2614 qni
1187 2542 1233 2596 est
1256 2532 1293 2594 de
1323 2537 1439 2597 metris.
1487 2537 1654 2618 exquibus

324 2659 357 2702 ea
382 2657 460 2721 quae
483 2637 542 2700 lruc
566 2639 719 2720 pertinent
742 2635 925 2698 adscribam.
965 2634 1060 2696 codex
1085 2634 1266 2714 Reginensis
1290 2634 1373 2700 1587
1398 2638 1521 2700 saec.X
1545 2643 1655 2718 incipet

322 2761 377 2805 urs
408 2743 571 2805 Victorini.
603 2745 664 2804 Ars
686 2742 762 2817 qnid
783 2750 885 2802 est-
902 2741 942 2822 (p.
961 2735 1031 2808 197,
1048 2733 1101 2818 21)
1125 2747 1179 2800 nul
1200 2757 1269 2802 cunt
1292 2752 1438 2818 correpto
1461 2746 1579 2804 nocctlis
1596 2762 1653 2812 ¹seu

322 2847 390 2909 sola
413 2863 467 2910 seu
489 2846 847 2908 consonanti.ndiunetn
869 2844 1020 2923 spltnbnm
1045 2843 1130 2917 fucit
1152 2859 1231 2919 quoe
1248 2851 1372 2920 portem
1395 2849 1544 2907 orationis
1562 2849 1654 2918 sirrint

322 2956 355 3010 ut
376 2935 401 3012 o
430 2953 522 3026 nlrpo
551 2966 634 3012 nouo
663 2951 706 3010 mi
730 2947 832 3022 facies
853 2980 897 2992 -
919 2964 998 3024 plene
1025 2949 1127 3007 ornnio
1156 2947 1187 3007 in
1210 2949 1314 3006 metris
1347 2949 1540 3010 obseruando
1573 2959 1651 3010 sunt.

321 3053 367 3114 De
389 3059 547 3115 exametro
571 3069 662 3114 uerm
685 3056 751 3114 siue
772 3041 904 3113 beroien.
940 3051 1074 3113 Metrum
1102 3051 1179 3125 quiri
1199 3059 1243 3110 est
1264 3081 1304 3092 --
1328 3068 1524 3128 exequemur.
1570 3071 1652 3112 corn·

322 3159 472 3219 montorio
503 3155 541 3217 de
571 3143 695 3236 spilabis
725 3154 825 3217 addita
854 3163 925 3216 sunt
955 3153 1101 3235 qrraedarn
1132 3152 1169 3213 ‹le
1198 3136 1323 3232 syllabis
1359 3154 1507 3230 positione
1542 3154 1650 3232 longis.

322 3260 439 3332 eadem,
465 3279 541 3342 qnae
565 3261 595 3321 in
614 3259 672 3320 boc
690 3259 793 3320 codice
810 3261 1018 3327 inveniuntur,
1043 3275 1078 3318 ex
1103 3267 1204 3320 vetere
1228 3255 1332 3317 codice
1356 3255 1454 3318 lacobi
1473 3257 1557 3318 llerii
1582 3275 1649 3317 cnm

322 3363 454 3426 editione
483 3361 620 3425 Putsclrii
656 3360 766 3423 collato
800 3371 830 3423 et
865 3365 1026 3422 ntoximam
1065 3370 1182 3441 partem
1218 3358 1371 3437 descripto
1405 3359 1584 3420 adseruntur
1619 3361 1650 3422 iu

323 3465 428 3528 codice
459 3465 600 3528 Leidrnsi
628 3464 831 3527 Perizonialro
859 3459 900 3526 oti
931 3463 964 3535 0.
1011 3462 1104 3523 codex
1134 3460 1349 3541 Neapolitanus
1379 3460 1416 3522 lV
1444 3465 1466 3523 Α
1494 3458 1537 3524 34
1571 3481 1649 3525 saec.

325 3569 364 3632 xt
389 3567 434 3631 vel
456 3568 510 3632 xit
534 3589 549 3631 a
574 3565 696 3631 lonellio
721 3567 848 3645 catalog.
873 3563 946 3628 bibl.
964 3565 1015 3628 lat.
1032 3583 1108 3626 rrius.
1127 3563 1259 3626 Borbon.
1278 3584 1307 3643 p.
1323 3559 1365 3624 et
1390 3565 1429 3625 ita
1455 3565 1647 3632 describitur.

321 3674 482 3735 ‘Victorini
507 3668 627 3734 libellus
651 3671 688 3732 de
713 3669 849 3752 partibus
873 3669 1017 3731 orationis
1040 3670 1167 3748 paginas
1190 3661 1209 3728 8
1234 3666 1377 3746 implens:
1406 3666 1482 3727 alius
1511 3685 1582 3727 vern
1612 3666 1648 3728 oli

323 3785 389 3838 nrte
413 3778 621 3854 grammatica.
647 3793 736 3856 quam
761 3773 853 3835 edidit
870 3771 1030 3834 l’ntscbius
1053 3791 1083 3850 p.
1104 3766 1198 3833 2450.
1236 3767 1353 3830 Titulus
1376 3770 1404 3829 in
1423 3769 1526 3830 codice
1544 3780 1649 3832 nostro

319 3881 434 3956 Incipit
459 3881 538 3942 liber
574 3880 731 3940 Victorini.
785 3876 906 3938 lnitium
936 3872 1072 3956 opusculi
1104 3879 1162 3933 Ars
1190 3875 1310 3948 peridem
1340 3874 1574 3948 uniuscuiusque
1602 3877 1650 3934 rei
1680 3893 1689 3911 ⁴

320 3986 462 4045 scientio:
487 3983 607 4044 Artium
628 3998 744 4056 penerel
767 3981 851 4057 quod
871 3987 942 4041 sunt
964 3993 1092 4054 prienes
1115 3978 1211 4036 nnimi
1233 3984 1347 4037 turrium
1362 3979 1501 4052 poeticae
1516 3979 1648 4036 mustene

319 4089 502 4161 nstrolopiae
533 4087 757 4160 pronmoricoe
791 4084 967 4145 rhetoricae
1000 4083 1076 4140 iuris
1106 4081 1260 4140 scientiae.
1324 4079 1462 4140 Eiusdem
1503 4077 1647 4140 Victorini

320 4188 439 4251 libellus
467 4189 504 4250 de
534 4187 708 4250 hexametro
732 4203 829 4247 versu.
878 4185 997 4247 initium
1023 4185 1156 4244 Metrnm
1186 4185 1262 4259 quid
1287 4177 1355 4242 est?
1397 4181 1660 4250 detonuerunt,

247 4281 251 4288 ’
318 4310 376 4370 pue
405 4310 560 4354 mensure.
613 4291 744 4351 illetrunr
771 4291 923 4366 poeticum
951 4283 1120 4364 quidest?
1157 4285 1353 4358 erersificandi
1385 4283 1550 4361 disciplina
1578 4302 1646 4347 eum

317 4397 497 4458 sillabarum
527 4412 566 4456 ccc
594 4403 764 4470 temporum
791 4393 911 4452 cutione
933 4394 964 4450 in
982 4391 1114 4468 peritius
1141 4390 1310 4450 obserentn.
1356 4385 1437 4448 Haec
1460 4391 1591 4468 praelixa
1616 4389 1664 4447 in'

218 4539 239 4550 -.
319 4497 423 4560 codice
452 4499 593 4578 Explicit
621 4497 699 4558 liber
734 4497 886 4558 Victorini
915 4495 953 4554 ele
983 4495 1164 4555 trexnlnetru
1193 4495 1254 4553 sice
1280 4493 1402 4552 beroico
1431 4508 1533 4558 cerem
1570 4510 1646 4572 quac

318 4613 421 4664 tamen
451 4603 494 4663 sic
523 4600 721 4662 emendantur
752 4597 788 4660 ad
818 4616 900 4660 oram
932 4596 1001 4658 libri
1025 4615 1115 4658 marcu
1148 4599 1237 4656 etiam
1263 4603 1378 4655 vetere:
1407 4591 1547 4670 Explicit
1568 4595 1647 4654 liber·

267 4787 269 4792 Α
324 4707 476 4767 Victorini
503 4707 541 4766 de
567 4705 726 4782 pertidum
763 4705 870 4779 incipit
904 4701 982 4762 idern
1012 4703 1049 4762 cle
1078 4701 1256 4762 hexametro
1290 4696 1354 4760 sice
1381 4698 1503 4758 bernice
1532 4699 1643 4758 cerun’.
1705 4765 1706 4768 Ἴ

317 4807 413 4871 codex
443 4807 598 4870 Gotbanns
630 4805 690 4869 117
719 4807 814 4868 cltart.
851 4823 930 4866 saec.
961 4803 1011 4865 xt'
1041 4805 1157 4882 Incipit
1180 4805 1256 4864 tiber
1293 4803 1448 4862 Victorini.
1479 4807 1539 4862 Ars
1573 4801 1648 4876 quid
