3874 5556
393 335 477 408 '350
964 353 1183 403 annaurim

419 457 439 495 p.
454 445 514 486 atot.
527 445 539 486 2
553 444 577 486 P.

569 531 706 616 partibus
729 532 782 594 sed
806 551 843 593 ex
867 529 985 594 duabus
1008 529 1099 594 verba
1123 531 1266 609 coniungi
1292 527 1389 591 vides:

517 651 556 694 cao
571 647 600 697 et
623 637 707 714 prior
730 653 791 698 uon
815 637 870 698 hac
895 631 1005 697 eavlem‘
1026 635 1204 698 terminatur
1228 633 1336 698 littera.

568 737 621 800 sed
646 757 753 800 sonum
777 739 938 802 eoniontlit
960 740 1026 820 ipsa
1050 741 1180 820 partium
1206 735 1344 798 conlisio.

569 827 713 923 quattuor
735 852 802 921 post
824 841 901 905 hanc
925 842 1037 904 locatas
1061 841 1195 905 Graecus
1219 839 1292 902 udas
1316 841 1466 902 nominat:

569 945 687 1008 lubrica
711 953 757 1008 est
780 953 887 1008 natura
911 944 1023 1008 inillis
1048 963 1176 1027 namque
1201 954 1231 1005 et
1255 943 1389 1006 alternus
1413 946 1507 1022 vigor.

571 1068 651 1112 nunc
675 1050 755 1111 enim
780 1050 892 1112 vocalis
914 1067 1019 1120 usum,
1044 1066 1124 1111 nunc
1147 1049 1321 1111 ministrant
1344 1065 1503 1117 consonae,

517 1161 601 1215 auset
622 1151 734 1236 pedum
760 1152 804 1215 vei
827 1152 899 1216 hinc
923 1151 968 1214 vel
992 1153 1061 1216 inde
1086 1151 1242 1216 sublevant
1265 1151 1451 1215 discrimina.

570 1258 641 1320 hinc
663 1256 721 1319 sibi
744 1259 874 1339 primam
898 1267 988 1338 atque
1011 1267 1148 1338 quartam
1173 1255 1362 1320 semivocalis
1385 1263 1485 1338 potest

571 1360 702 1424 subdere
726 1364 782 1424 isla
806 1379 894 1444 qttam
918 1361 1080 1442 loquebar,
1105 1360 1224 1443 quantulo
1249 1359 1372 1422 flabra
1397 1368 1426 1422 et
1449 1359 1634 1422 ttoscutos

571 1475 661 1546 atque
683 1467 756 1527 item
780 1464 924 1546 frugem
949 1475 1039 1544 atque
1063 1463 1236 1527 frondem
1261 1467 1398 1526 nominas
1422 1473 1451 1526 et
1475 1462 1554 1525 talia.

572 1587 631 1631 non
655 1571 725 1631 item
749 1579 849 1650 potest
870 1569 1035 1631 secundam
1058 1567 1203 1650 copulare
1227 1579 1257 1630 et
1279 1570 1408 1636 tertiam,

519 1675 641 1755 etoquia
666 1673 797 1735 secunda
822 1675 919 1752 mugit
941 1675 1020 1734 intus
1044 1671 1180 1735 abditum
1203 1681 1233 1734 et
1255 1689 1379 1734 caecum
1405 1687 1522 1740 sonum,

574 1777 694 1840 tertiam
718 1796 774 1839 nec
799 1774 879 1840 ullus
903 1775 946 1839 iili
971 1793 1071 1838 sermo
1097 1776 1249 1838 Romanus
1273 1775 1356 1854 ligat.

573 1899 629 1944 nec
653 1883 733 1943 sinas
756 1899 858 1942 errare
882 1897 1027 1961 puerum,
1052 1877 1172 1962 quaudo
1198 1876 1371 1958 Daphnin
1396 1879 1562 1958 scripserit,

572 1983 780 2048 semivocalem
805 1981 960 2045 locandam
985 1985 1113 2064 primam
1138 1991 1171 2044 ut
1194 1985 1282 2045 istam
1306 1984 1475 2044 existimet:

573 2091 684 2171 quippo
706 2107 777 2160 noe,
803 2089 826 2150 si
850 2087 971 2169 quaucm
994 2104 1137 2167 graecum
1160 2107 1187 2168 φ
1212 2105 1337 2150 necesse
1360 2094 1406 2148 est
1430 2087 1570 2167 exprimi,
1617 2165 1623 2178 ¹

520 2207 595 2254 eol>
619 2201 649 2254 et
672 2207 696 2254 Η
719 2191 805 2254 simul
829 2188 977 2258 solemus,
1002 2207 1061 2251 uon
1085 2188 1206 2251 latinam
1231 2189 1323 2262 banc,
1349 2207 1472 2271 ponere,

573 2297 659 2357 cuius
681 2313 696 2354 a
719 2313 828 2374 graeca
853 2293 967 2354 recedit
991 2292 1063 2355 levis
1086 2302 1176 2372 atque
1201 2293 1294 2355 hebes
1317 2312 1424 2356 sonus:

573 2397 817 2478 phosphoron
836 2396 1063 2479 Phrygasque
1085 2415 1153 2458 nam
1176 2396 1220 2458 vei
1244 2395 1477 2478 Pamphilum
1500 2398 1545 2457 sic
1566 2393 1734 2456 scribimus.

617 2501 771 2564 Consonas
795 2509 894 2562 autem
919 2517 973 2580 per
996 2517 1119 2570 omnes,
1143 2518 1219 2580 quae
1243 2498 1354 2579 quihus
1375 2501 1459 2578 iungi
1485 2507 1607 2576 queant,

573 2623 648 2687 quas
672 2613 751 2665 vetet
775 2614 881 2666 natura
904 2601 1023 2664 iunctas
1046 2604 1210 2665 convenire
1234 2607 1265 2666 in
1289 2601 1445 2684 syllabam,

521 2711 620 2772 accire
643 2710 703 2769 iam
728 2723 809 2768 nunc
832 2705 901 2768 ideo
925 2704 1011 2767 nubis
1035 2709 1131 2768 visum
1155 2711 1212 2768 erit
1234 2709 1411 2779 corrsultius,

574 2813 605 2874 in
631 2808 721 2873 breve
747 2820 778 2874 ut
801 2808 924 2872 redacta
948 2807 1032 2893 silva¹
1046 2810 1182 2871 demeret
1205 2810 1382 2890 caliginosum

576 2935 635 2977 neu
659 2913 785 2976 subesse
808 2920 928 2994 praeter
952 2913 1027 2974 istos
1050 2931 1126 2993 quos
1150 2911 1255 2994 loquar
1279 2933 1367 2977 casus
1389 2923 1487 2995 putes,

576 3019 627 3098 qui
651 3017 762 3100 pedum
788 3015 912 3079 turbare
936 3035 1083 3088 normam,
1109 3016 1229 3078 laedere
1253 3027 1456 3106 artt'metrum
1481 3026 1602 3095 queant.

620 3120 743 3183 Praeter
766 3118 839 3182 udas
863 3137 952 3199 ergo,
977 3138 1067 3201 sopra
1092 3122 1149 3181 iam
1174 3119 1249 3182 duas
1273 3139 1346 3198 quas
1368 3119 1480 3188 rettuli,

524 3223 651 3290 mohaec
674 3223 733 3286 sibi
757 3223 869 3286 nullam
893 3223 986 3302 ligare
1009 3223 1199 3284 semivocalis
1223 3232 1333 3303 potest.

620 3325 767 3400 Quattuor
790 3338 858 3408 post
881 3325 957 3388 hanc
982 3325 1140 3406 loquemur
1164 3325 1271 3388 ordine
1295 3326 1366 3386 urias
1390 3325 1501 3388 debito.

578 3447 653 3509 quas
675 3431 793 3511 priores
816 3439 885 3492 ante
912 3427 1025 3492 nullam
1049 3448 1212 3492 consonam
1238 3431 1459 3510 praeponimus,

579 3543 612 3594 ut
633 3543 723 3615 caput
745 3532 831 3595 verbi
855 3533 1000 3596 incohare
1024 3533 1163 3595 conditae
1187 3534 1277 3595 simul
1301 3543 1426 3614 ocream:

578 3635 733 3698 subdimus
757 3637 847 3698 mutis
871 3655 975 3698 earum
998 3636 1139 3717 piurimis
1164 3645 1279 3699 tautum
1303 3635 1386 3706 eluas,

526 3743 693 3804 aoosct'h'cet
715 3741 842 3820 primam
866 3749 954 3822 atque
978 3751 1127 3820 quartam.
1153 3741 1231 3819 quod
1256 3739 1353 3821 palam
1378 3740 1526 3821 exemplis
1550 3743 1617 3802 evit.

580 3861 708 3923 namque
732 3857 753 3903 Β
776 3856 796 3904 c
820 3855 858 3915 G,
884 3843 993 3906 deinde
1016 3857 1045 3913 P.
1070 3847 1186 3926 priores
1208 3861 1323 3924 ponere

579 3947 711 4026 singulas
735 3943 846 4028 possis,
871 3957 904 4008 ut
927 3947 985 4009 uda
1010 3948 1104 4028 prima
1129 3950 1172 4010 sic
1195 3947 1329 4011 subiecta
1354 3949 1400 4020 sit,

579 4049 750 4112 blandior
773 4071 839 4113 cnm
864 4053 946 4120 (lico,
971 4049 1076 4112 cludo
1099 4051 1206 4130 gleba
1231 4051 1339 4132 plebs
1361 4061 1412 4114 aut
1434 4051 1590 4115 Plinius.

427 4181 631 4198 Μ’

492 4273 631 4325 suo-906
648 4292 672 4328 o.
692 4277 864 4324 mor-1257

494 4466 545 4515 831
563 4466 613 4514 ista
632 4478 649 4520 ς
671 4467 746 4516 istam
766 4465 798 4516 ,11
868 4465 990 4515 lloscnlos
1009 4479 1026 4521 5
1045 4463 1240 4516 FLOSCVLVS
1261 4468 1293 4518 ,11
1358 4466 1409 4517 838
1432 4469 1550 4518 nominas
1574 4480 1598 4519 et
1621 4469 1739 4535 ,tttcpun

425 4550 530 4600 nomina
549 4551 596 4601 scd
615 4551 647 4602 ,11
714 4553 763 4602 841
783 4565 829 4600 uec
848 4550 913 4601 ullus¹
933 4551 969 4601 'tlli
983 4551 1122 4604 Suntent'ne
1140 4567 1186 4602 nec
1205 4553 1272 4603 ullus
1291 4552 1340 4603 illis
1355 4553 1387 4604 ,11
1453 4555 1503 4606 stt
1523 4555 1562 4606 uel
1575 4555 1737 4622 Pamphilum

426 4637 547 4701 Micyllus
572 4635 611 4686 uel
630 4635 756 4686 PHlLl'll
777 4636 809 4687 ,11
876 4638 927 4688 850
950 4641 1034 4688 uisum
1058 4641 1105 4688 erit
1128 4639 1306 4690 Luchmonmnv
1331 4641 1415 4690 [visum
1438 4653 1478 4690 est
1498 4641 1529 4692 ,11
1596 4643 1645 4692 858
1666 4653 1738 4709 putes

426 4723 581 4774 Petrecinus
604 4721 692 4789 plures
711 4723 743 4773 ,11
811 4725 862 4775 853
881 4737 925 4772 nrtt
943 4737 960 4779 5
978 4737 1061 4774 runem
1081 4726 1114 4776 ,11
1181 4729 1232 4779 855
1251 4722 1323 4792 haec]
1344 4727 1426 4777 ‘immo
1449 4724 1542 4792 primn’
1562 4727 1740 4780 Lachmannvs

461 4809 511 4861 856
530 4819 589 4876 post
606 4807 673 4859 hanc
692 4809 830 4859 Suetonius
848 4821 908 4874 post
927 4809 975 4858 hac
989 4811 1020 4859 ,11
1088 4812 1139 4863 880
1157 4813 1253 4862 seilicet
1269 4827 1316 4862 om.
1338 4811 1376 4868 11,
1397 4813 1458 4863 add.
1479 4811 1664 4864 Lachmnnmes.
1699 4813 1739 4864 lit·

431 4895 639 4961 terarnprimam
658 4896 766 4945 coniecit
785 4895 950 4946 Ahlwurdtur
