3906 5564
869 318 976 370 braun
993 315 1185 370 VICTORlNI

787 612 837 675 llll
860 611 1119 680 CllOltlhlllllCO
1143 613 1276 677 aternu

456 733 698 799 Clroriambicum
723 741 852 796 metrum
872 737 1073 816 compositum
1097 755 1132 798 ex
1150 733 1283 805 duobus,
1307 735 1406 816 cquis
1423 736 1569 816 originem
1588 736 1688 800 trahit.

368 841 458 904 etiam
482 837 612 901 rronrinis
635 833 837 917 appellatione
860 837 1045 902 declaratur:
1070 859 1138 902 nam
1154 838 1330 902 trochaeum
1346 847 1463 902 veteres
1485 839 1621 902 chorium
1637 858 1690 920 ap-

347 939 490 1026 pellant.
537 940 677 1004 subsistit
699 949 798 1004 autem
822 961 902 1005 nunc
925 962 941 1006 e
966 944 1048 1022 puris
1071 941 1239 1006 choriambi
1262 942 1522 1022 coniugationibus
1545 945 1602 1014 ita,

611 1063 685 1107 uror
708 1047 823 1108 amoris
845 1037 982 1118 stimulo,
1006 1063 1059 1109 cor
1083 1049 1178 1126 quatit
1201 1056 1285 1109 artus
1308 1044 1445 1127 pavidos,
1704 1074 1717 1112 a

369 1149 448 1232 quod
472 1158 517 1212 est
541 1155 748 1212 tetrametrum
771 1148 985 1219 acatalectum;
1010 1146 1021 1232 Ι.
1039 1168 1120 1212 nuuc
1142 1148 1272 1212 admixta
1297 1159 1327 1212 et
1348 1147 1360 1232 l
1382 1150 1476 1230 posita
1499 1150 1530 1210 in
1546 1167 1691 1231 quacum·

369 1271 428 1334 que
451 1252 523 1315 sede
546 1251 674 1316 iambica
696 1253 770 1326 basi,
795 1255 880 1317 corius
904 1255 992 1316 etiam
1016 1251 1210 1317 conclusione
1234 1253 1312 1316 liniri
1336 1255 1500 1336 praecipue
1516 1251 1635 1323 studet,
1659 1261 1691 1313 ot
1715 1318 1724 1330 ,

369 1366 415 1420 est
437 1357 511 1428 hoe,
536 1357 614 1439 rptrod
631 1356 722 1420 habet
744 1356 818 1420 duas
840 1356 983 1420 iambicos
998 1361 1116 1440 priores
1138 1358 1377 1438 corrugationes,
1404 1359 1525 1419 tertium
1541 1355 1691 1418 choriam-

371 1460 460 1534 bum,
485 1461 621 1525 ultimam
645 1460 803 1524 iambicam
828 1459 1007 1532 clausulam,
1031 1459 1112 1524 velut
1134 1462 1193 1524 hoe
1216 1467 1423 1524 tetrametrum
1446 1457 1663 1530 catalecticum.

634 1583 705 1645 apes
728 1563 831 1645 legunt
853 1563 913 1627 mel
937 1583 973 1626 en
996 1583 1080 1636 rosa,
1105 1573 1138 1628 tu
1161 1564 1241 1627 lalrlo
1264 1565 1425 1626 ministras.
1708 1587 1734 1630 ro

371 1669 479 1752 recipit
503 1669 591 1732 etiam
616 1665 805 1748 tribrachyn,
830 1687 865 1730 eo
887 1668 967 1750 quod
993 1687 1029 1730 ex
1053 1668 1154 1731 iambo
1178 1667 1224 1731 rel
1247 1668 1390 1732 trochaeo
1412 1666 1518 1730 solutis
1541 1669 1691 1736 nescitum

371 1790 441 1834 raro
464 1780 564 1836 autem
594 1769 773 1842 molossum,
807 1773 857 1854 ‹pd
880 1791 915 1834 ex
939 1775 1004 1855 ipso
1032 1773 1182 1835 formatur
1211 1771 1328 1835 duabus
1357 1771 1462 1834 mediis
1490 1770 1634 1834 brevibus
1661 1771 1691 1831 in

371 1895 462 1939 urnam
485 1877 603 1956 longam
621 1875 802 1946 coniunctis,
827 1876 906 1938 baud
929 1876 1001 1938 alias
1024 1895 1113 1957 quam
1137 1895 1227 1957 snpra
1243 1874 1417 1956 tribrachyn
1443 1893 1497 1955 per
1514 1873 1692 1938 divisionem

371 1978 479 2060 longae
501 1982 567 2042 deri
590 1981 726 2042 diximus.
774 1979 832 2041 hoc
859 1999 956 2060 genos
985 1979 1191 2042 catalecticum
1221 1981 1254 2042 tlt
1276 1978 1321 2043 vel
1351 1979 1516 2042 bacchica
1543 1977 1625 2040 brevi
1649 1979 1692 2040 in·

372 2085 503 2163 cipiante
528 2081 572 2145 vel
596 2103 632 2146 eo
656 2083 706 2163 qui
730 2081 961 2165 amphibrachys
984 2093 1121 2147 vocatur:
1153 2102 1222 2146 nam
1245 2086 1324 2146 sicut
1347 2100 1438 2166 saepe
1461 2082 1607 2152 diximus,
1638 2100 1692 2144 no·
1708 2107 1735 2147 1⁵

372 2187 493 2250 sissima
509 2185 685 2249 inditlerens
702 2195 756 2250 est.
787 2187 867 2270 quod
879 2205 975 2268 genus
991 2188 1017 2250 si
1033 2187 1242 2272 hexaruetrum
1258 2190 1313 2258 sit,
1337 2185 1491 2268 philicium
1507 2184 1545 2248 de
1561 2187 1694 2248 auctoris

374 2288 636 2372 tragoediogroplri
661 2291 782 2353 nomiae
804 2290 1039 2372 nuncupabitur,
1064 2299 1166 2374 aptum
1191 2289 1334 2354 canendis
1356 2287 1497 2352 laudibus
1520 2288 1640 2352 Cereris
1663 2297 1693 2351 ct

374 2393 514 2466 Liberae,
540 2402 572 2456 ut
596 2405 641 2456 est.

438 2497 600 2578 trogilerae
623 2517 710 2561 sacra
733 2497 822 2571 deae,
848 2516 925 2579 quae
948 2497 1060 2568 colitis,
1086 2500 1209 2580 mystica
1232 2505 1304 2560 sunt
1327 2507 1397 2560 neta
1421 2496 1483 2559 lovi
1508 2499 1633 2579 potenti.

374 2602 529 2665 scanditur
552 2610 650 2664 autem
673 2621 729 2684 per
752 2601 896 2684 dipodias,
921 2605 1006 2666 cuius
1029 2601 1199 2683 exemplum
1221 2603 1251 2663 iu
1276 2609 1451 2664 tetrametro
1475 2597 1649 2663 catalectico
1708 2627 1736 2667 eo

652 2713 757 2769 ocete
780 2724 881 2769 rerum
906 2715 1003 2777 sator,
1028 2722 1046 2767 o
1069 2706 1252 2786 principium
1275 2704 1414 2768 deorum:

375 2820 596 2872 monomctrum
620 2819 719 2872 certem
744 2809 981 2874 choriambicum
1004 2808 1296 2891 hypercatalectum,
1332 2807 1412 2889 quod
1436 2807 1524 2869 etiam
1548 2807 1696 2890 dactylico

375 2914 504 2977 dimetro
528 2912 704 2976 catalectico
728 2915 897 2985 concurrit,
922 2923 966 2976 est
988 2911 1061 2984 talc,

874 3037 892 3078 o
915 3020 984 3099 quis
1007 3016 1043 3080 ad
1067 3034 1188 3078 omnem

874 3138 958 3202 spem
983 3120 1159 3203 Cythereae.
1710 3145 1738 3186 aa

462 3224 558 3305 igitur
581 3233 614 3287 ut
635 3245 651 3288 a
675 3225 794 3304 lastigie
812 3227 901 3286 metri
924 3225 960 3287 ad
984 3227 1101 3288 minora
1124 3222 1287 3288 decursum
1304 3220 1487 3293 habeamus,
1512 3225 1570 3285 erit
1593 3223 1623 3286 in
1640 3221 1698 3286 boc

377 3330 586 3392 lrexametrum
615 3327 837 3408 catalecticum,
873 3329 953 3411 quod
987 3327 1144 3409 philicium
1173 3329 1342 3408 nuncupari
1371 3325 1516 3398 diximus,
1540 3326 1697 3410 ·quodque

377 3441 495 3496 constat
518 3452 554 3495 ex
578 3432 711 3514 quinque
735 3430 920 3494 choriambis
943 3440 973 3494 et
996 3431 1124 3495 bacchio
1147 3431 1253 3493 ultimo
1273 3429 1329 3502 ita,

378 3535 478 3617 Lydia,
493 3536 540 3598 dic
554 3537 683 3618 perdere
696 3555 749 3598 cur
762 3533 843 3598 hunc
855 3537 968 3617 cupias.
986 3536 1057 3618 quid
1069 3534 1196 3598 retices?
1212 3533 1283 3616 quid
1297 3533 1438 3598 dubitas?
1455 3531 1527 3613 quid
1544 3533 1669 3596 haeresi
1684 3531 1715 3616 ll·

378 3648 600 3722 pentametrum
624 3647 738 3711 autem,
768 3659 828 3721 quo
857 3637 1033 3722 frequenter
1057 3640 1197 3702 Cratinus
1220 3655 1292 3700 usus
1316 3646 1377 3706 est,
1412 3637 1619 3700 catalecticum
1643 3639 1697 3708 sic,
1714 3673 1741 3712 ω

507 3741 613 3825 Lydia,
637 3741 685 3805 dic
708 3744 837 3825 perdere
861 3761 916 3806 cur
938 3744 1020 3806 hunc
1042 3744 1159 3826 cupias:
1184 3739 1256 3823 quid
1281 3743 1391 3804 retices
1414 3739 1561 3822 rnaligoet

377 3855 587 3910 tetrametrum
609 3865 680 3908 roro

585 3948 692 4032 lydia,
716 3950 766 4013 dic
789 3950 917 4032 perdere
941 3969 994 4013 cur
1017 3949 1099 4013 hune
1122 3951 1238 4033 cupias:
1263 3949 1337 4030 quid
1360 3949 1486 4013 haeresi

380 4057 551 4118 trimetrum
575 4055 678 4126 etiam,
703 4054 782 4136 quod
807 4064 836 4118 et
860 4053 1103 4137 aplrrodisiacum
1127 4052 1252 4126 dicitur,

448 4281 464 4333 b
486 4294 549 4330 orror
572 4280 636 4332 Alit.
659 4280 767 4331 Fortun.
787 4281 856 4330 2611
945 4279 976 4328 le
1000 4277 1070 4341 quod
1094 4292 1177 4344 genias
1201 4303 1228 4314 —
1250 4279 1282 4328 19
1301 4277 1354 4326 lovi
1379 4277 1478 4344 potenti
1501 4276 1565 4330 Atii.
1592 4275 1699 4327 Fortun.

379 4352 448 4402 2678
466 4349 612 4416 Hephaeet.
634 4353 676 4409 31,
691 4352 724 4400 20
742 4351 783 4400 cd.
807 4347 928 4422 Westph.

451 4559 483 4609 15
501 4553 558 4622 qtri]
579 4556 648 4621 qrrod
667 4555 694 4606 B
783 4552 1256 4620 16111ἱοί1111]ΑΒρΙιηιιὶοΙιίιιπις
1339 4551 1371 4602 18
1392 4548 1498 4601 Liberae
1516 4549 1655 4602 Saateaius
1674 4555 1699 4603 in

385 4626 488 4678 Terent.
507 4627 595 4678 Maur.
614 4643 641 4692 p.
662 4629 716 4676 32⁵
740 4631 765 4676 et
788 4627 859 4690 apud
881 4626 986 4676 altilium
1010 4624 1222 4675 Fortunatianum
1246 4621 1385 4672 Salmasius
1408 4623 1433 4670 ia
1452 4620 1571 4671 Simmiae
1594 4623 1651 4670 alus
1672 4639 1699 4688 p,

382 4699 432 4748 18⁵
449 4696 523 4747 liberi
542 4695 634 4752 ΑΒς
698 4691 1138 4762 atptrtttcium1pnryniemume
1203 4685 1700 4756 hdhydia]es.Hor.earm18,1.
1781 4708 1788 4718 ·

380 4783 408 4831 p.
427 4769 488 4829 111,
502 4768 535 4817 18
602 4767 635 4816 30
654 4760 785 4830 Cratinus]
804 4763 920 4825 famaene
939 4761 1126 4812 Callimachus:
1146 4763 1181 4824 rs.
1202 4761 1343 4824 Hephaeat.
1361 4775 1386 4822 p.
1407 4761 1556 4819 311711.
1578 4759 1698 4825 Weatph.

381 4834 451 4888 Plot.
467 4851 496 4901 p.
516 4837 585 4886 265⁵
603 4833 675 4885 Sero.
694 4835 725 4884 de
744 4841 812 4885 cerat.
829 4841 901 4886 metr.
919 4849 945 4898 p.
965 4834 1026 4895 163,
1042 4835 1076 4884 13
1159 4835 1189 4883 31
1210 4830 1325 4895 maligna
1344 4827 1507 4880 Camerarius
1585 4831 1618 4882 33
1637 4831 1701 4891 troald
1801 4870 1805 4876 .

382 4900 487 4970 haeres]
502 4903 615 4967 qrridats
635 4905 659 4954 Α
673 4903 727 4959 as
781 4905 814 4954 at
832 4897 1144 4970 aptrrodisiaeum'Bas
1163 4899 1374 4966 aphrosidiacum
1390 4901 1414 4949 Α
1434 4900 1617 4966 aproesiaeum
1640 4899 1701 4954 Vat.
