<?xml version="1.0" encoding="UTF-8"?>
<!DOCTYPE html PUBLIC "-//W3C//DTD XHTML 1.0 Transitional//EN"
    "http://www.w3.org/TR/xhtml1/DTD/xhtml1-transitional.dtd">
<html xmlns="http://www.w3.org/1999/xhtml" xml:lang="en" lang="en">
 <head>
  <title>
</title>
<meta http-equiv="Content-Type" content="text/html;charset=utf-8" />
  <meta name='ocr-system' content='tesseract 3.04.00' />
  <meta name='ocr-capabilities' content='ocr_page ocr_carea ocr_par ocr_line ocrx_word'/>
</head>
<body>
  <div class='ocr_page' id='page_1' title='image "./grammaticilatin05hagagoog_0579.png"; bbox 0 0 3866 5562; ppageno 0'>
   <div class='ocr_carea' id='block_1_1' title="bbox 81 1606 1881 4990">
    <p class='ocr_par' dir='ltr' id='par_1_1' title="bbox 81 1606 1881 4990">
     <span class='ocr_line' id='line_1_1' title="bbox 359 1606 1594 1693; baseline -0.002 -23"><span class='ocrx_word' id='word_1_1' title='bbox 359 1607 443 1682; x_wconf 82' lang='lat' dir='ltr'><strong>Quae</strong></span> <span class='ocrx_word' id='word_1_2' title='bbox 466 1625 503 1670; x_wconf 90' lang='lat' dir='ltr'><strong>ex</strong></span> <span class='ocrx_word' id='word_1_3' title='bbox 526 1607 645 1670; x_wconf 91' lang='lat' dir='ltr'><strong>duobus</strong></span> <span class='ocrx_word' id='word_1_4' title='bbox 668 1607 895 1670; x_wconf 81' lang='lat' dir='ltr'><strong>commentariis</strong></span> <span class='ocrx_word' id='word_1_5' title='bbox 909 1606 1012 1693; x_wconf 15' lang='lat' dir='ltr'><strong>vllrriini</strong></span> <span class='ocrx_word' id='word_1_6' title='bbox 1036 1606 1072 1668; x_wconf 84' lang='lat' dir='ltr'><strong>de</strong></span> <span class='ocrx_word' id='word_1_7' title='bbox 1097 1607 1412 1669; x_wconf 84' lang='lat' dir='ltr'><strong>metriscomicorum</strong></span> <span class='ocrx_word' id='word_1_8' title='bbox 1435 1614 1594 1688; x_wconf 87' lang='lat' dir='ltr'><strong>poetarum</strong></span> 
     </span>
     <span class='ocr_line' id='line_1_2' title="bbox 272 1709 1595 1792; baseline 0 -22"><span class='ocrx_word' id='word_1_9' title='bbox 272 1719 304 1770; x_wconf 92' lang='lat' dir='ltr'><strong>et</strong></span> <span class='ocrx_word' id='word_1_10' title='bbox 325 1709 363 1771; x_wconf 87' lang='lat' dir='ltr'><strong>de</strong></span> <span class='ocrx_word' id='word_1_11' title='bbox 386 1713 604 1792; x_wconf 80' lang='lat' dir='ltr'><strong>compositione</strong></span> <span class='ocrx_word' id='word_1_12' title='bbox 628 1718 658 1774; x_wconf 87' lang='lat' dir='ltr'><strong>et</strong></span> <span class='ocrx_word' id='word_1_13' title='bbox 681 1711 818 1774; x_wconf 77' lang='lat' dir='ltr'><strong>uulneris</strong></span> <span class='ocrx_word' id='word_1_14' title='bbox 847 1719 1002 1772; x_wconf 89' lang='lat' dir='ltr'><strong>oratorum</strong></span> <span class='ocrx_word' id='word_1_15' title='bbox 1027 1709 1130 1772; x_wconf 91' lang='lat' dir='ltr'><strong>relicta</strong></span> <span class='ocrx_word' id='word_1_16' title='bbox 1154 1719 1234 1782; x_wconf 89' lang='lat' dir='ltr'><strong>sunt,</strong></span> <span class='ocrx_word' id='word_1_17' title='bbox 1259 1719 1329 1774; x_wconf 89' lang='lat' dir='ltr'><strong>ante</strong></span> <span class='ocrx_word' id='word_1_18' title='bbox 1358 1718 1498 1772; x_wconf 82' lang='lat' dir='ltr'><strong>octavum</strong></span> <span class='ocrx_word' id='word_1_19' title='bbox 1529 1727 1595 1770; x_wconf 89' lang='lat' dir='ltr'><strong>sae·</strong></span> 
     </span>
     <span class='ocr_line' id='line_1_3' title="bbox 201 1795 1596 1877; baseline 0 -3"><span class='ocrx_word' id='word_1_20' title='bbox 201 1795 207 1802; x_wconf 44' lang='lat'>⁸</span> <span class='ocrx_word' id='word_1_21' title='bbox 273 1811 374 1875; x_wconf 91' lang='lat' dir='ltr'><strong>culum</strong></span> <span class='ocrx_word' id='word_1_22' title='bbox 393 1815 504 1877; x_wconf 89' lang='lat' dir='ltr'><strong>inuno</strong></span> <span class='ocrx_word' id='word_1_23' title='bbox 527 1813 632 1875; x_wconf 89' lang='lat' dir='ltr'><strong>codice</strong></span> <span class='ocrx_word' id='word_1_24' title='bbox 650 1831 717 1874; x_wconf 88' lang='lat' dir='ltr'><strong>curn</strong></span> <span class='ocrx_word' id='word_1_25' title='bbox 734 1811 852 1875; x_wconf 90' lang='lat' dir='ltr'><strong>duobus</strong></span> <span class='ocrx_word' id='word_1_26' title='bbox 875 1801 962 1875; x_wconf 88' lang='lat' dir='ltr'><strong>libris</strong></span> <span class='ocrx_word' id='word_1_27' title='bbox 978 1813 1125 1875; x_wconf 75' lang='lat' dir='ltr'><strong>Prisciani</strong></span> <span class='ocrx_word' id='word_1_28' title='bbox 1148 1795 1428 1876; x_wconf 73' lang='lat' dir='ltr'><strong>‹tc&#39;constructione</strong></span> <span class='ocrx_word' id='word_1_29' title='bbox 1444 1821 1475 1874; x_wconf 93' lang='lat' dir='ltr'><strong>et</strong></span> <span class='ocrx_word' id='word_1_30' title='bbox 1496 1811 1596 1874; x_wconf 86' lang='lat' dir='ltr'><strong>trihus</strong></span> 
     </span>
     <span class='ocr_line' id='line_1_4' title="bbox 274 1913 1824 1998; baseline -0.001 -20"><span class='ocrx_word' id='word_1_31' title='bbox 274 1915 408 1978; x_wconf 81' lang='lat' dir='ltr'><strong>ciusdem</strong></span> <span class='ocrx_word' id='word_1_32' title='bbox 432 1916 623 1996; x_wconf 81' lang='lat' dir='ltr'><strong>grammatici</strong></span> <span class='ocrx_word' id='word_1_33' title='bbox 644 1914 732 1978; x_wconf 90' lang='lat' dir='ltr'><strong>libris</strong></span> <span class='ocrx_word' id='word_1_34' title='bbox 763 1915 801 1978; x_wconf 91' lang='lat' dir='ltr'><strong>ad</strong></span> <span class='ocrx_word' id='word_1_35' title='bbox 825 1915 1036 1998; x_wconf 77' lang='lat' dir='ltr'><strong>Symmachum</strong></span> <span class='ocrx_word' id='word_1_36' title='bbox 1067 1924 1099 1978; x_wconf 88' lang='lat' dir='ltr'><strong>et</strong></span> <span class='ocrx_word' id='word_1_37' title='bbox 1121 1934 1190 1978; x_wconf 88' lang='lat' dir='ltr'><strong>curn</strong></span> <span class='ocrx_word' id='word_1_38' title='bbox 1220 1917 1353 1978; x_wconf 88' lang='lat' dir='ltr'><strong>carmine</strong></span> <span class='ocrx_word' id='word_1_39' title='bbox 1381 1915 1470 1978; x_wconf 85' lang='lat' dir='ltr'><strong>Remi</strong></span> <span class='ocrx_word' id='word_1_40' title='bbox 1493 1913 1597 1977; x_wconf 80' lang='lat' dir='ltr'><strong>Pa&#39;rini</strong></span> <span class='ocrx_word' id='word_1_41' title='bbox 1649 1993 1652 1996; x_wconf 21' lang='grc' dir='ltr'>Ι</span> <span class='ocrx_word' id='word_1_42' title='bbox 1732 1957 1736 1962; x_wconf 94' lang='grc'>-</span> <span class='ocrx_word' id='word_1_43' title='bbox 1819 1939 1824 1946; x_wconf 93' lang='grc'><em>·</em></span> 
     </span>
     <span class='ocr_line' id='line_1_5' title="bbox 183 2001 1597 2102; baseline -0.001 -22"><span class='ocrx_word' id='word_1_44' title='bbox 183 2021 191 2027; x_wconf 89' lang='grc'><em>“</em></span> <span class='ocrx_word' id='word_1_45' title='bbox 273 2019 325 2100; x_wconf 90' lang='lat' dir='ltr'><strong>qui</strong></span> <span class='ocrx_word' id='word_1_46' title='bbox 353 2001 523 2082; x_wconf 80' lang='lat' dir='ltr'><strong>dicebatur</strong></span> <span class='ocrx_word' id='word_1_47' title='bbox 545 2019 582 2082; x_wconf 92' lang='lat' dir='ltr'><strong>de</strong></span> <span class='ocrx_word' id='word_1_48' title='bbox 615 2011 804 2101; x_wconf 71' lang='lat' dir='ltr'><strong>ponderibus</strong></span> <span class='ocrx_word' id='word_1_49' title='bbox 837 2028 868 2081; x_wconf 92' lang='lat' dir='ltr'><strong>et</strong></span> <span class='ocrx_word' id='word_1_50' title='bbox 897 2020 1048 2081; x_wconf 87' lang='lat' dir='ltr'><strong>mensuris</strong></span> <span class='ocrx_word' id='word_1_51' title='bbox 1076 2021 1189 2102; x_wconf 88' lang='lat' dir='ltr'><strong>scripta</strong></span> <span class='ocrx_word' id='word_1_52' title='bbox 1219 2026 1314 2082; x_wconf 86' lang='lat' dir='ltr'><strong>crant.</strong></span> <span class='ocrx_word' id='word_1_53' title='bbox 1373 2018 1411 2080; x_wconf 89' lang='lat' dir='ltr'><strong>de</strong></span> <span class='ocrx_word' id='word_1_54' title='bbox 1440 2037 1500 2098; x_wconf 92' lang='lat' dir='ltr'><strong>quo</strong></span> <span class='ocrx_word' id='word_1_55' title='bbox 1535 2017 1597 2080; x_wconf 89' lang='lat' dir='ltr'><strong>dixi</strong></span> 
     </span>
     <span class='ocr_line' id='line_1_6' title="bbox 273 2117 1597 2202; baseline 0.001 -20"><span class='ocrx_word' id='word_1_56' title='bbox 273 2139 406 2200; x_wconf 63' lang='lat' dir='ltr'><strong>gratnm..</strong></span> <span class='ocrx_word' id='word_1_57' title='bbox 423 2122 475 2184; x_wconf 92' lang='lat' dir='ltr'><strong>lat.</strong></span> <span class='ocrx_word' id='word_1_58' title='bbox 498 2140 523 2186; x_wconf 88' lang='lat' dir='ltr'><strong>r.</strong></span> <span class='ocrx_word' id='word_1_59' title='bbox 548 2121 588 2189; x_wconf 87' lang='lat' dir='ltr'><strong>lii</strong></span> <span class='ocrx_word' id='word_1_60' title='bbox 611 2139 640 2202; x_wconf 88' lang='lat' dir='ltr'><strong>p.</strong></span> <span class='ocrx_word' id='word_1_61' title='bbox 664 2117 745 2184; x_wconf 77' lang='lat'><strong>387:</strong></span> <span class='ocrx_word' id='word_1_62' title='bbox 776 2122 854 2184; x_wconf 90' lang='lat' dir='ltr'><strong>idem</strong></span> <span class='ocrx_word' id='word_1_63' title='bbox 884 2121 921 2184; x_wconf 90' lang='lat' dir='ltr'><strong>de</strong></span> <span class='ocrx_word' id='word_1_64' title='bbox 945 2122 1079 2183; x_wconf 82' lang='lat' dir='ltr'><strong>carmine</strong></span> <span class='ocrx_word' id='word_1_65' title='bbox 1103 2121 1140 2182; x_wconf 88' lang='lat' dir='ltr'><strong>de</strong></span> <span class='ocrx_word' id='word_1_66' title='bbox 1170 2120 1357 2202; x_wconf 84' lang='lat' dir='ltr'><strong>ponderibus</strong></span> <span class='ocrx_word' id='word_1_67' title='bbox 1386 2130 1416 2184; x_wconf 90' lang='lat' dir='ltr'><strong>et</strong></span> <span class='ocrx_word' id='word_1_68' title='bbox 1446 2123 1597 2184; x_wconf 88' lang='lat' dir='ltr'><strong>mensuris</strong></span> 
     </span>
     <span class='ocr_line' id='line_1_7' title="bbox 273 2221 1596 2306; baseline 0.001 -22"><span class='ocrx_word' id='word_1_69' title='bbox 273 2224 460 2305; x_wconf 84' lang='lat' dir='ltr'><strong>disputantes</strong></span> <span class='ocrx_word' id='word_1_70' title='bbox 482 2223 691 2306; x_wconf 83' lang='lat' dir='ltr'><strong>probauerunt</strong></span> <span class='ocrx_word' id='word_1_71' title='bbox 714 2223 913 2289; x_wconf 87' lang='lat' dir='ltr'><strong>Sclrcnhelius</strong></span> <span class='ocrx_word' id='word_1_72' title='bbox 936 2222 1142 2304; x_wconf 85' lang='lat' dir='ltr'><strong>Sitzungsber.</strong></span> <span class='ocrx_word' id='word_1_73' title='bbox 1168 2224 1198 2285; x_wconf 95' lang='lat' dir='ltr'><strong>d.</strong></span> <span class='ocrx_word' id='word_1_74' title='bbox 1223 2223 1317 2298; x_wconf 80' lang='lat' dir='ltr'><strong>Aliud.</strong></span> <span class='ocrx_word' id='word_1_75' title='bbox 1342 2223 1371 2290; x_wconf 84' lang='lat' dir='ltr'><strong>d.</strong></span> <span class='ocrx_word' id='word_1_76' title='bbox 1397 2221 1485 2286; x_wconf 90' lang='lat' dir='ltr'><strong>ll&#39;iss.</strong></span> <span class='ocrx_word' id='word_1_77' title='bbox 1511 2223 1596 2285; x_wconf 85' lang='lat' dir='ltr'><strong>Wien</strong></span> 
     </span>
     <span class='ocr_line' id='line_1_8' title="bbox 117 2319 1649 2408; baseline 0 -20"><span class='ocrx_word' id='word_1_78' title='bbox 117 2352 125 2362; x_wconf 87' lang='lat'><em>·</em></span> <span class='ocrx_word' id='word_1_79' title='bbox 240 2319 242 2325; x_wconf 70' lang='grc'>’</span> <span class='ocrx_word' id='word_1_80' title='bbox 275 2323 358 2390; x_wconf 78' lang='grc'>1863</span> <span class='ocrx_word' id='word_1_81' title='bbox 381 2347 407 2389; x_wconf 89' lang='lat' dir='ltr'><strong>r.</strong></span> <span class='ocrx_word' id='word_1_82' title='bbox 431 2327 523 2391; x_wconf 85' lang='lat' dir='ltr'><strong>XLlll</strong></span> <span class='ocrx_word' id='word_1_83' title='bbox 547 2346 576 2408; x_wconf 89' lang='lat' dir='ltr'><strong>p.</strong></span> <span class='ocrx_word' id='word_1_84' title='bbox 599 2325 696 2392; x_wconf 84' lang='lat' dir='ltr'><strong>58&#39;et</strong></span> <span class='ocrx_word' id='word_1_85' title='bbox 718 2326 868 2390; x_wconf 87' lang='lat' dir='ltr'><strong>Christius</strong></span> <span class='ocrx_word' id='word_1_86' title='bbox 891 2326 1080 2390; x_wconf 83' lang='lat' dir='ltr'><strong>musllhen.</strong></span> <span class='ocrx_word' id='word_1_87' title='bbox 1106 2345 1131 2388; x_wconf 85' lang='lat' dir='ltr'><strong>r.</strong></span> <span class='ocrx_word' id='word_1_88' title='bbox 1156 2327 1209 2390; x_wconf 77' lang='lat' dir='ltr'><strong>XX</strong></span> <span class='ocrx_word' id='word_1_89' title='bbox 1233 2327 1270 2406; x_wconf 71' lang='lat' dir='ltr'><strong>(a.</strong></span> <span class='ocrx_word' id='word_1_90' title='bbox 1296 2322 1391 2404; x_wconf 85' lang='lat'>1865)</span> <span class='ocrx_word' id='word_1_91' title='bbox 1416 2344 1444 2406; x_wconf 88' lang='lat' dir='ltr'><strong>p.</strong></span> <span class='ocrx_word' id='word_1_92' title='bbox 1468 2323 1520 2390; x_wconf 81' lang='grc'><strong>68.</strong></span> <span class='ocrx_word' id='word_1_93' title='bbox 1560 2345 1597 2388; x_wconf 88' lang='lat' dir='ltr'><strong>ex</strong></span> <span class='ocrx_word' id='word_1_94' title='bbox 1643 2322 1649 2327; x_wconf 81' lang='grc'><strong>’</strong></span> 
     </span>
     <span class='ocr_line' id='line_1_9' title="bbox 213 2428 1848 2518; baseline -0.001 -24"><span class='ocrx_word' id='word_1_95' title='bbox 213 2515 215 2518; x_wconf 82' lang='lat'><strong>.</strong></span> <span class='ocrx_word' id='word_1_96' title='bbox 273 2429 332 2494; x_wconf 92' lang='lat' dir='ltr'><strong>hoc</strong></span> <span class='ocrx_word' id='word_1_97' title='bbox 345 2429 518 2513; x_wconf 76' lang='lat' dir='ltr'><strong>archetypo</strong></span> <span class='ocrx_word' id='word_1_98' title='bbox 540 2439 640 2494; x_wconf 86' lang='lat' dir='ltr'><strong>autem</strong></span> <span class='ocrx_word' id='word_1_99' title='bbox 665 2449 770 2494; x_wconf 89' lang='lat' dir='ltr'><strong>omues</strong></span> <span class='ocrx_word' id='word_1_100' title='bbox 794 2431 923 2502; x_wconf 91' lang='lat' dir='ltr'><strong>codices,</strong></span> <span class='ocrx_word' id='word_1_101' title='bbox 947 2431 978 2492; x_wconf 92' lang='lat' dir='ltr'><strong>iu</strong></span> <span class='ocrx_word' id='word_1_102' title='bbox 1001 2430 1113 2512; x_wconf 88' lang='lat' dir='ltr'><strong>quibus</strong></span> <span class='ocrx_word' id='word_1_103' title='bbox 1135 2431 1235 2494; x_wconf 79' lang='lat' dir='ltr'><strong>liuilni</strong></span> <span class='ocrx_word' id='word_1_104' title='bbox 1259 2428 1356 2494; x_wconf 91' lang='lat' dir='ltr'><strong>libelli</strong></span> <span class='ocrx_word' id='word_1_105' title='bbox 1379 2429 1450 2492; x_wconf 92' lang='lat' dir='ltr'><strong>indc</strong></span> <span class='ocrx_word' id='word_1_106' title='bbox 1473 2447 1489 2492; x_wconf 88' lang='lat' dir='ltr'><strong>a</strong></span> <span class='ocrx_word' id='word_1_107' title='bbox 1514 2445 1627 2492; x_wconf 69' lang='lat' dir='ltr'><strong>nonos</strong></span> <span class='ocrx_word' id='word_1_108' title='bbox 1737 2451 1741 2458; x_wconf 81' lang='grc'><strong>’</strong></span> <span class='ocrx_word' id='word_1_109' title='bbox 1843 2447 1848 2456; x_wconf 93' lang='grc'><em>·</em></span> 
     </span>
     <span class='ocr_line' id='line_1_10' title="bbox 229 2523 1691 2616; baseline -0.003 -19"><span class='ocrx_word' id='word_1_110' title='bbox 229 2557 233 2560; x_wconf 95' lang='grc'><em>·</em></span> <span class='ocrx_word' id='word_1_111' title='bbox 273 2523 395 2614; x_wconf 84' lang='lat' dir='ltr'><strong>saeculo</strong></span> <span class='ocrx_word' id='word_1_112' title='bbox 422 2535 528 2616; x_wconf 84' lang='lat' dir='ltr'><strong>scripti</strong></span> <span class='ocrx_word' id='word_1_113' title='bbox 556 2531 641 2606; x_wconf 89' lang='lat' dir='ltr'><strong>sunt,</strong></span> <span class='ocrx_word' id='word_1_114' title='bbox 672 2535 819 2616; x_wconf 78' lang='lat' dir='ltr'><strong>originem</strong></span> <span class='ocrx_word' id='word_1_115' title='bbox 850 2534 1012 2598; x_wconf 88' lang='lat' dir='ltr'><strong>duxerunt.</strong></span> <span class='ocrx_word' id='word_1_116' title='bbox 1058 2533 1110 2596; x_wconf 88' lang='lat' dir='ltr'><strong>sed</strong></span> <span class='ocrx_word' id='word_1_117' title='bbox 1140 2535 1275 2615; x_wconf 78' lang='lat' dir='ltr'><strong>quamvis</strong></span> <span class='ocrx_word' id='word_1_118' title='bbox 1303 2549 1430 2614; x_wconf 85' lang='lat' dir='ltr'><strong>magnus</strong></span> <span class='ocrx_word' id='word_1_119' title='bbox 1453 2550 1598 2595; x_wconf 86' lang='lat' dir='ltr'><strong>numerus</strong></span> <span class='ocrx_word' id='word_1_120' title='bbox 1690 2537 1691 2540; x_wconf 76' lang='grc'>’</span> 
     </span>
     <span class='ocr_line' id='line_1_11' title="bbox 273 2634 1599 2720; baseline -0.002 -20"><span class='ocrx_word' id='word_1_121' title='bbox 273 2654 378 2700; x_wconf 89' lang='lat' dir='ltr'><strong>eorum</strong></span> <span class='ocrx_word' id='word_1_122' title='bbox 407 2635 554 2700; x_wconf 89' lang='lat' dir='ltr'><strong>codicum</strong></span> <span class='ocrx_word' id='word_1_123' title='bbox 575 2655 656 2714; x_wconf 78' lang='lat' dir='ltr'><strong>nunc</strong></span> <span class='ocrx_word' id='word_1_124' title='bbox 684 2638 831 2720; x_wconf 82' lang='lat' dir='ltr'><strong>supersit,</strong></span> <span class='ocrx_word' id='word_1_125' title='bbox 862 2641 1029 2720; x_wconf 75' lang='lat' dir='ltr'><strong>&#39;propterea</strong></span> <span class='ocrx_word' id='word_1_126' title='bbox 1058 2635 1139 2719; x_wconf 90' lang='lat' dir='ltr'><strong>qnod</strong></span> <span class='ocrx_word' id='word_1_127' title='bbox 1167 2656 1237 2700; x_wconf 90' lang='lat' dir='ltr'><strong>cum</strong></span> <span class='ocrx_word' id='word_1_128' title='bbox 1267 2635 1355 2698; x_wconf 92' lang='lat' dir='ltr'><strong>libris</strong></span> <span class='ocrx_word' id='word_1_129' title='bbox 1383 2635 1533 2698; x_wconf 78' lang='lat' dir='ltr'><strong>Prisciani</strong></span> <span class='ocrx_word' id='word_1_130' title='bbox 1555 2634 1599 2698; x_wconf 94' lang='lat' dir='ltr'><strong>illi</strong></span> 
     </span>
     <span class='ocr_line' id='line_1_12' title="bbox 81 2735 1598 2830; baseline 0.001 -29"><span class='ocrx_word' id='word_1_131' title='bbox 81 2785 88 2792; x_wconf 86' lang='lat'><strong>.</strong></span> <span class='ocrx_word' id='word_1_132' title='bbox 143 2823 146 2826; x_wconf 21' lang='grc' dir='ltr'>Ι</span> <span class='ocrx_word' id='word_1_133' title='bbox 190 2821 192 2824; x_wconf 16' lang='lat'>¹</span> <span class='ocrx_word' id='word_1_134' title='bbox 250 2735 394 2830; x_wconf 77' lang='lat' dir='ltr'><strong>¹quoque</strong></span> <span class='ocrx_word' id='word_1_135' title='bbox 417 2737 507 2822; x_wconf 82' lang='lat' dir='ltr'><strong>saepe</strong></span> <span class='ocrx_word' id='word_1_136' title='bbox 524 2738 786 2812; x_wconf 88' lang='lat' dir='ltr'><strong>describebantur,</strong></span> <span class='ocrx_word' id='word_1_137' title='bbox 811 2751 912 2802; x_wconf 90' lang='lat' dir='ltr'><strong>tamen</strong></span> <span class='ocrx_word' id='word_1_138' title='bbox 935 2749 1062 2823; x_wconf 87' lang='lat' dir='ltr'><strong>propter</strong></span> <span class='ocrx_word' id='word_1_139' title='bbox 1076 2757 1269 2815; x_wconf 84' lang='lat' dir='ltr'><strong>communem</strong></span> <span class='ocrx_word' id='word_1_140' title='bbox 1293 2739 1427 2804; x_wconf 82' lang='lat' dir='ltr'><strong>omnium</strong></span> <span class='ocrx_word' id='word_1_141' title='bbox 1450 2739 1598 2819; x_wconf 80' lang='lat' dir='ltr'><strong>originem</strong></span> 
     </span>
     <span class='ocr_line' id='line_1_13' title="bbox 274 2834 1596 2926; baseline 0.002 -24"><span class='ocrx_word' id='word_1_142' title='bbox 274 2844 430 2908; x_wconf 81' lang='lat' dir='ltr'><strong>‹liveraiias</strong></span> <span class='ocrx_word' id='word_1_143' title='bbox 446 2835 616 2926; x_wconf 75' lang='lat' dir='ltr'><strong>scripturae</strong></span> <span class='ocrx_word' id='word_1_144' title='bbox 639 2845 669 2905; x_wconf 89' lang='lat' dir='ltr'><strong>in</strong></span> <span class='ocrx_word' id='word_1_145' title='bbox 687 2843 786 2906; x_wconf 88' lang='lat' dir='ltr'><strong>liuilni</strong></span> <span class='ocrx_word' id='word_1_146' title='bbox 802 2843 892 2906; x_wconf 89' lang='lat' dir='ltr'><strong>libris</strong></span> <span class='ocrx_word' id='word_1_147' title='bbox 907 2861 969 2906; x_wconf 94' lang='lat' dir='ltr'><strong>non</strong></span> <span class='ocrx_word' id='word_1_148' title='bbox 986 2846 1082 2906; x_wconf 87' lang='lat' dir='ltr'><strong>maior</strong></span> <span class='ocrx_word' id='word_1_149' title='bbox 1098 2853 1154 2914; x_wconf 90' lang='lat' dir='ltr'><strong>cst,</strong></span> <span class='ocrx_word' id='word_1_150' title='bbox 1173 2860 1263 2923; x_wconf 90' lang='lat' dir='ltr'><strong>quam</strong></span> <span class='ocrx_word' id='word_1_151' title='bbox 1278 2844 1309 2904; x_wconf 95' lang='lat' dir='ltr'><strong>in</strong></span> <span class='ocrx_word' id='word_1_152' title='bbox 1332 2834 1423 2905; x_wconf 84' lang='lat' dir='ltr'><strong>libr&#39;is</strong></span> <span class='ocrx_word' id='word_1_153' title='bbox 1439 2841 1596 2905; x_wconf 90' lang='lat' dir='ltr'><strong>Prisciani.</strong></span> 
     </span>
     <span class='ocr_line' id='line_1_14' title="bbox 169 2933 1598 3029; baseline 0.002 -22"><span class='ocrx_word' id='word_1_154' title='bbox 169 2983 171 2987; x_wconf 92' lang='lat'><em>-</em></span> <span class='ocrx_word' id='word_1_155' title='bbox 272 2947 375 3028; x_wconf 88' lang='lat' dir='ltr'><strong>itaque</strong></span> <span class='ocrx_word' id='word_1_156' title='bbox 394 2962 467 3010; x_wconf 76' lang='lat' dir='ltr'><strong>&#39;cum</strong></span> <span class='ocrx_word' id='word_1_157' title='bbox 491 2946 527 3008; x_wconf 93' lang='lat' dir='ltr'><strong>ad</strong></span> <span class='ocrx_word' id='word_1_158' title='bbox 551 2946 769 3010; x_wconf 72' lang='lat' dir='ltr'><strong>restituendam</strong></span> <span class='ocrx_word' id='word_1_159' title='bbox 793 2933 902 3010; x_wconf 81' lang='lat' dir='ltr'><strong>veteris</strong></span> <span class='ocrx_word' id='word_1_160' title='bbox 924 2945 1081 3029; x_wconf 80' lang='lat' dir='ltr'><strong>archetypi</strong></span> <span class='ocrx_word' id='word_1_161' title='bbox 1111 2945 1272 3009; x_wconf 91' lang='lat' dir='ltr'><strong>lectionem</strong></span> <span class='ocrx_word' id='word_1_162' title='bbox 1301 2949 1408 3027; x_wconf 89' lang='lat' dir='ltr'><strong>paucis</strong></span> <span class='ocrx_word' id='word_1_163' title='bbox 1439 2943 1598 3010; x_wconf 84' lang='lat' dir='ltr'><strong>codicibus</strong></span> 
     </span>
     <span class='ocr_line' id='line_1_15' title="bbox 273 3047 1694 3134; baseline -0.001 -23"><span class='ocrx_word' id='word_1_164' title='bbox 273 3068 351 3131; x_wconf 90' lang='lat' dir='ltr'><strong>opus</strong></span> <span class='ocrx_word' id='word_1_165' title='bbox 366 3059 456 3122; x_wconf 87' lang='lat' dir='ltr'><strong>esset,</strong></span> <span class='ocrx_word' id='word_1_166' title='bbox 481 3058 544 3113; x_wconf 90' lang='lat' dir='ltr'><strong>tres</strong></span> <span class='ocrx_word' id='word_1_167' title='bbox 559 3051 647 3132; x_wconf 83' lang='lat' dir='ltr'><strong>elegi,</strong></span> <span class='ocrx_word' id='word_1_168' title='bbox 670 3069 800 3134; x_wconf 89' lang='lat' dir='ltr'><strong>quorum</strong></span> <span class='ocrx_word' id='word_1_169' title='bbox 815 3051 935 3130; x_wconf 85' lang='lat' dir='ltr'><strong>integra</strong></span> <span class='ocrx_word' id='word_1_170' title='bbox 951 3051 1101 3132; x_wconf 87' lang='lat' dir='ltr'><strong>scriptura</strong></span> <span class='ocrx_word' id='word_1_171' title='bbox 1122 3049 1330 3121; x_wconf 82' lang='lat' dir='ltr'><strong>exhiberetur,</strong></span> <span class='ocrx_word' id='word_1_172' title='bbox 1354 3049 1430 3112; x_wconf 89' lang='lat' dir='ltr'><strong>duos</strong></span> <span class='ocrx_word' id='word_1_173' title='bbox 1446 3047 1599 3110; x_wconf 87' lang='lat' dir='ltr'><strong>Parisinus</strong></span> <span class='ocrx_word' id='word_1_174' title='bbox 1692 3089 1694 3094; x_wconf 91' lang='lat'>-</span> 
     </span>
     <span class='ocr_line' id='line_1_16' title="bbox 274 3149 1599 3235; baseline -0.001 -22"><span class='ocrx_word' id='word_1_175' title='bbox 274 3149 358 3215; x_wconf 88' lang='grc'><strong>7496</strong></span> <span class='ocrx_word' id='word_1_176' title='bbox 382 3163 412 3216; x_wconf 84' lang='lat' dir='ltr'><strong>et</strong></span> <span class='ocrx_word' id='word_1_177' title='bbox 435 3150 534 3225; x_wconf 78' lang='lat'><strong>7501,</strong></span> <span class='ocrx_word' id='word_1_178' title='bbox 559 3153 672 3235; x_wconf 88' lang='lat' dir='ltr'><strong>quihus</strong></span> <span class='ocrx_word' id='word_1_179' title='bbox 702 3153 775 3216; x_wconf 91' lang='lat' dir='ltr'><strong>olim</strong></span> <span class='ocrx_word' id='word_1_180' title='bbox 799 3155 836 3216; x_wconf 83' lang='lat' dir='ltr'><strong>in.</strong></span> <span class='ocrx_word' id='word_1_181' title='bbox 851 3153 1005 3216; x_wconf 73' lang='lat' dir='ltr'><strong>Prisciani·</strong></span> <span class='ocrx_word' id='word_1_182' title='bbox 1028 3150 1115 3225; x_wconf 86' lang='lat' dir='ltr'><strong>libris</strong></span> <span class='ocrx_word' id='word_1_183' title='bbox 1144 3151 1313 3215; x_wconf 90' lang='lat' dir='ltr'><strong>minorihus</strong></span> <span class='ocrx_word' id='word_1_184' title='bbox 1343 3171 1416 3215; x_wconf 89' lang='lat' dir='ltr'><strong>usus</strong></span> <span class='ocrx_word' id='word_1_185' title='bbox 1439 3170 1539 3222; x_wconf 88' lang='lat' dir='ltr'><strong>eram,</strong></span> <span class='ocrx_word' id='word_1_186' title='bbox 1569 3159 1599 3213; x_wconf 90' lang='lat' dir='ltr'><strong>et</strong></span> 
     </span>
     <span class='ocr_line' id='line_1_17' title="bbox 221 3241 1597 3337; baseline 0 -21"><span class='ocrx_word' id='word_1_187' title='bbox 221 3321 224 3328; x_wconf 63' lang='grc'><em>,</em></span> <span class='ocrx_word' id='word_1_188' title='bbox 273 3265 394 3336; x_wconf 70' lang='lat' dir='ltr'><strong>plraeter</strong></span> <span class='ocrx_word' id='word_1_189' title='bbox 417 3254 473 3319; x_wconf 90' lang='lat' dir='ltr'><strong>hos</strong></span> <span class='ocrx_word' id='word_1_190' title='bbox 494 3241 526 3319; x_wconf 89' lang='lat' dir='ltr'><strong>in</strong></span> <span class='ocrx_word' id='word_1_191' title='bbox 549 3258 769 3320; x_wconf 86' lang='lat' dir='ltr'><strong>commentario</strong></span> <span class='ocrx_word' id='word_1_192' title='bbox 793 3256 829 3320; x_wconf 88' lang='lat' dir='ltr'><strong>de</strong></span> <span class='ocrx_word' id='word_1_193' title='bbox 852 3259 960 3320; x_wconf 88' lang='lat' dir='ltr'><strong>metris</strong></span> <span class='ocrx_word' id='word_1_194' title='bbox 983 3257 1172 3320; x_wconf 87' lang='lat' dir='ltr'><strong>comicorum</strong></span> <span class='ocrx_word' id='word_1_195' title='bbox 1195 3263 1354 3337; x_wconf 89' lang='lat' dir='ltr'><strong>poetarum</strong></span> <span class='ocrx_word' id='word_1_196' title='bbox 1377 3257 1502 3324; x_wconf 85' lang='lat' dir='ltr'><strong>tertium</strong></span> <span class='ocrx_word' id='word_1_197' title='bbox 1520 3255 1597 3317; x_wconf 84' lang='lat' dir='ltr'><strong>ilati-</strong></span> 
     </span>
     <span class='ocr_line' id='line_1_18' title="bbox 251 3355 1194 3440; baseline 0.003 -19"><span class='ocrx_word' id='word_1_198' title='bbox 251 3377 382 3422; x_wconf 88' lang='lat' dir='ltr'><strong>-canum</strong></span> <span class='ocrx_word' id='word_1_199' title='bbox 405 3359 608 3423; x_wconf 84' lang='lat' dir='ltr'><strong>bibliothecae</strong></span> <span class='ocrx_word' id='word_1_200' title='bbox 632 3359 801 3423; x_wconf 86' lang='lat' dir='ltr'><strong>Christinae</strong></span> <span class='ocrx_word' id='word_1_201' title='bbox 825 3362 948 3440; x_wconf 85' lang='lat' dir='ltr'><strong>reginae</strong></span> <span class='ocrx_word' id='word_1_202' title='bbox 971 3359 1098 3424; x_wconf 85' lang='lat' dir='ltr'><strong>Sueciae</strong></span> <span class='ocrx_word' id='word_1_203' title='bbox 1121 3355 1194 3424; x_wconf 86' lang='grc'><strong>733.</strong></span> 
     </span>
     <span class='ocr_line' id='line_1_19' title="bbox 361 3445 1766 3546; baseline -0.004 -20"><span class='ocrx_word' id='word_1_204' title='bbox 361 3463 461 3526; x_wconf 80' lang='lat' dir='ltr'><strong>Codex</strong></span> <span class='ocrx_word' id='word_1_205' title='bbox 479 3463 680 3526; x_wconf 85' lang='lat' dir='ltr'><strong>Parisinus</strong></span> <span class='ocrx_word' id='word_1_206' title='bbox 704 3459 805 3525; x_wconf 90' lang='grc'><strong>7496</strong></span> <span class='ocrx_word' id='word_1_207' title='bbox 821 3463 875 3546; x_wconf 79' lang='lat' dir='ltr'><strong>(t),</strong></span> <span class='ocrx_word' id='word_1_208' title='bbox 900 3463 1015 3542; x_wconf 85' lang='lat' dir='ltr'><strong>dequo</strong></span> <span class='ocrx_word' id='word_1_209' title='bbox 1038 3471 1105 3544; x_wconf 86' lang='lat' dir='ltr'><strong>post</strong></span> <span class='ocrx_word' id='word_1_210' title='bbox 1121 3461 1275 3524; x_wconf 90' lang='lat' dir='ltr'><strong>llertzium</strong></span> <span class='ocrx_word' id='word_1_211' title='bbox 1299 3462 1395 3543; x_wconf 89' lang='lat' dir='ltr'><strong>prael.</strong></span> <span class='ocrx_word' id='word_1_212' title='bbox 1412 3462 1508 3524; x_wconf 89' lang='lat' dir='ltr'><strong>Prisc.</strong></span> <span class='ocrx_word' id='word_1_213' title='bbox 1526 3479 1554 3543; x_wconf 90' lang='lat' dir='ltr'><strong>p.</strong></span> <span class='ocrx_word' id='word_1_214' title='bbox 1572 3459 1598 3522; x_wconf 80' lang='lat' dir='ltr'>X</span> <span class='ocrx_word' id='word_1_215' title='bbox 1696 3464 1699 3469; x_wconf 82' lang='lat'>&#39;</span> <span class='ocrx_word' id='word_1_216' title='bbox 1760 3445 1766 3451; x_wconf 64' lang='grc'><strong>’</strong></span> 
     </span>
     <span class='ocr_line' id='line_1_20' title="bbox 274 3562 1777 3648; baseline -0.001 -20"><span class='ocrx_word' id='word_1_217' title='bbox 274 3565 337 3629; x_wconf 87' lang='lat' dir='ltr'><strong>dixi</strong></span> <span class='ocrx_word' id='word_1_218' title='bbox 359 3583 486 3646; x_wconf 91' lang='lat' dir='ltr'><strong>gramm.</strong></span> <span class='ocrx_word' id='word_1_219' title='bbox 511 3564 561 3628; x_wconf 91' lang='lat' dir='ltr'><strong>lat.</strong></span> <span class='ocrx_word' id='word_1_220' title='bbox 585 3583 614 3627; x_wconf 85' lang='lat' dir='ltr'><strong>r.</strong></span> <span class='ocrx_word' id='word_1_221' title='bbox 638 3565 678 3627; x_wconf 96' lang='lat' dir='ltr'><strong>lll</strong></span> <span class='ocrx_word' id='word_1_222' title='bbox 700 3584 731 3646; x_wconf 94' lang='lat' dir='ltr'><strong>p.</strong></span> <span class='ocrx_word' id='word_1_223' title='bbox 755 3562 833 3637; x_wconf 79' lang='lat'><strong>388,</strong></span> <span class='ocrx_word' id='word_1_224' title='bbox 863 3567 953 3648; x_wconf 92' lang='lat' dir='ltr'><strong>paulo</strong></span> <span class='ocrx_word' id='word_1_225' title='bbox 982 3568 1135 3648; x_wconf 88' lang='lat' dir='ltr'><strong>antiquior</strong></span> <span class='ocrx_word' id='word_1_226' title='bbox 1158 3583 1248 3646; x_wconf 87' lang='lat' dir='ltr'><strong>quam</strong></span> <span class='ocrx_word' id='word_1_227' title='bbox 1277 3563 1386 3646; x_wconf 82' lang='lat' dir='ltr'><strong>reliqui</strong></span> <span class='ocrx_word' id='word_1_228' title='bbox 1417 3575 1446 3627; x_wconf 89' lang='lat' dir='ltr'><strong>et</strong></span> <span class='ocrx_word' id='word_1_229' title='bbox 1470 3563 1597 3642; x_wconf 84' lang='lat' dir='ltr'><strong>diligen-</strong></span> <span class='ocrx_word' id='word_1_230' title='bbox 1766 3579 1777 3589; x_wconf 87' lang='lat'>·</span> 
     </span>
     <span class='ocr_line' id='line_1_21' title="bbox 275 3666 1599 3751; baseline -0.002 -21"><span class='ocrx_word' id='word_1_231' title='bbox 275 3669 388 3731; x_wconf 82' lang='lat' dir='ltr'><strong>tissime</strong></span> <span class='ocrx_word' id='word_1_232' title='bbox 404 3671 536 3751; x_wconf 87' lang='lat' dir='ltr'><strong>scriptus</strong></span> <span class='ocrx_word' id='word_1_233' title='bbox 559 3677 605 3731; x_wconf 90' lang='lat' dir='ltr'><strong>est</strong></span> <span class='ocrx_word' id='word_1_234' title='bbox 626 3685 716 3739; x_wconf 92' lang='lat' dir='ltr'><strong>nono,</strong></span> <span class='ocrx_word' id='word_1_235' title='bbox 742 3677 775 3731; x_wconf 93' lang='lat' dir='ltr'><strong>ut</strong></span> <span class='ocrx_word' id='word_1_236' title='bbox 790 3667 917 3742; x_wconf 84' lang='lat' dir='ltr'><strong>ridetur,</strong></span> <span class='ocrx_word' id='word_1_237' title='bbox 942 3667 1073 3734; x_wconf 87' lang='lat' dir='ltr'><strong>saeculo.</strong></span> <span class='ocrx_word' id='word_1_238' title='bbox 1112 3687 1206 3749; x_wconf 85' lang='lat' dir='ltr'><strong>pauca</strong></span> <span class='ocrx_word' id='word_1_239' title='bbox 1223 3667 1328 3730; x_wconf 89' lang='lat' dir='ltr'><strong>eadem</strong></span> <span class='ocrx_word' id='word_1_240' title='bbox 1351 3669 1461 3730; x_wconf 82' lang='lat' dir='ltr'><strong>scieris</strong></span> <span class='ocrx_word' id='word_1_241' title='bbox 1482 3666 1599 3729; x_wconf 92' lang='lat' dir='ltr'><strong>librarii</strong></span> 
     </span>
     <span class='ocr_line' id='line_1_22' title="bbox 275 3769 1598 3855; baseline -0.002 -21"><span class='ocrx_word' id='word_1_242' title='bbox 275 3790 366 3835; x_wconf 89' lang='lat' dir='ltr'><strong>manu</strong></span> <span class='ocrx_word' id='word_1_243' title='bbox 386 3769 529 3836; x_wconf 65' lang='lat' dir='ltr'><strong>‘correcta</strong></span> <span class='ocrx_word' id='word_1_244' title='bbox 547 3771 592 3835; x_wconf 87' lang='lat' dir='ltr'><strong>rel</strong></span> <span class='ocrx_word' id='word_1_245' title='bbox 614 3773 645 3835; x_wconf 94' lang='lat' dir='ltr'><strong>in</strong></span> <span class='ocrx_word' id='word_1_246' title='bbox 662 3772 851 3852; x_wconf 84' lang='lat' dir='ltr'><strong>marginibus</strong></span> <span class='ocrx_word' id='word_1_247' title='bbox 868 3773 1018 3855; x_wconf 86' lang='lat' dir='ltr'><strong>adscripta</strong></span> <span class='ocrx_word' id='word_1_248' title='bbox 1042 3780 1123 3836; x_wconf 90' lang='lat' dir='ltr'><strong>sunt.</strong></span> <span class='ocrx_word' id='word_1_249' title='bbox 1162 3789 1196 3833; x_wconf 91' lang='lat' dir='ltr'><strong>ea</strong></span> <span class='ocrx_word' id='word_1_250' title='bbox 1221 3783 1320 3833; x_wconf 91' lang='lat' dir='ltr'><strong>tamen</strong></span> <span class='ocrx_word' id='word_1_251' title='bbox 1345 3774 1470 3853; x_wconf 88' lang='lat' dir='ltr'><strong>quaein</strong></span> <span class='ocrx_word' id='word_1_252' title='bbox 1494 3771 1598 3833; x_wconf 87' lang='lat' dir='ltr'><strong>arche-</strong></span> 
     </span>
     <span class='ocr_line' id='line_1_23' title="bbox 275 3874 1694 3958; baseline -0.004 -21"><span class='ocrx_word' id='word_1_253' title='bbox 275 3884 345 3957; x_wconf 74' lang='lat' dir='ltr'><strong>typo</strong></span> <span class='ocrx_word' id='word_1_254' title='bbox 368 3893 477 3955; x_wconf 86' lang='lat' dir='ltr'><strong>graece</strong></span> <span class='ocrx_word' id='word_1_255' title='bbox 501 3879 614 3956; x_wconf 88' lang='lat' dir='ltr'><strong>scripta</strong></span> <span class='ocrx_word' id='word_1_256' title='bbox 644 3885 731 3938; x_wconf 88' lang='lat' dir='ltr'><strong>erant</strong></span> <span class='ocrx_word' id='word_1_257' title='bbox 754 3885 877 3957; x_wconf 89' lang='lat' dir='ltr'><strong>praeter</strong></span> <span class='ocrx_word' id='word_1_258' title='bbox 900 3877 1017 3958; x_wconf 87' lang='lat' dir='ltr'><strong>singula</strong></span> <span class='ocrx_word' id='word_1_259' title='bbox 1045 3874 1169 3956; x_wconf 86' lang='lat' dir='ltr'><strong>qrtidem</strong></span> <span class='ocrx_word' id='word_1_260' title='bbox 1200 3874 1342 3937; x_wconf 86' lang='lat' dir='ltr'><strong>vocabula</strong></span> <span class='ocrx_word' id='word_1_261' title='bbox 1371 3875 1417 3937; x_wconf 85' lang='lat' dir='ltr'><strong>rel</strong></span> <span class='ocrx_word' id='word_1_262' title='bbox 1441 3874 1598 3936; x_wconf 81' lang='lat' dir='ltr'><strong>breviores</strong></span> <span class='ocrx_word' id='word_1_263' title='bbox 1688 3926 1694 3932; x_wconf 92' lang='lat'><strong>.</strong></span> 
     </span>
     <span class='ocr_line' id='line_1_24' title="bbox 273 3976 1683 4066; baseline -0.002 -26"><span class='ocrx_word' id='word_1_264' title='bbox 273 3976 359 4041; x_wconf 90' lang='lat' dir='ltr'><strong>locos</strong></span> <span class='ocrx_word' id='word_1_265' title='bbox 380 3977 526 4066; x_wconf 81' lang='lat' dir='ltr'><strong>librarius</strong></span> <span class='ocrx_word' id='word_1_266' title='bbox 549 3997 609 4042; x_wconf 93' lang='lat' dir='ltr'><strong>uon</strong></span> <span class='ocrx_word' id='word_1_267' title='bbox 638 3982 757 4058; x_wconf 86' lang='lat' dir='ltr'><strong>integra</strong></span> <span class='ocrx_word' id='word_1_268' title='bbox 781 3980 956 4063; x_wconf 84' lang='lat' dir='ltr'><strong>descripsit,</strong></span> <span class='ocrx_word' id='word_1_269' title='bbox 988 3979 1040 4043; x_wconf 93' lang='lat' dir='ltr'><strong>sed</strong></span> <span class='ocrx_word' id='word_1_270' title='bbox 1070 3980 1172 4058; x_wconf 86' lang='lat' dir='ltr'><strong>paucis</strong></span> <span class='ocrx_word' id='word_1_271' title='bbox 1200 3976 1307 4040; x_wconf 89' lang='lat' dir='ltr'><strong>litteris</strong></span> <span class='ocrx_word' id='word_1_272' title='bbox 1336 3981 1462 4061; x_wconf 88' lang='lat' dir='ltr'><strong>scriptis</strong></span> <span class='ocrx_word' id='word_1_273' title='bbox 1490 3995 1597 4058; x_wconf 86' lang='lat' dir='ltr'><strong>graeca</strong></span> <span class='ocrx_word' id='word_1_274' title='bbox 1662 3985 1683 3998; x_wconf 75' lang='grc'><strong>·“</strong></span> 
     </span>
     <span class='ocr_line' id='line_1_25' title="bbox 275 4079 1599 4165; baseline -0.002 -22"><span class='ocrx_word' id='word_1_275' title='bbox 275 4081 381 4146; x_wconf 87' lang='lat' dir='ltr'><strong>deesse</strong></span> <span class='ocrx_word' id='word_1_276' title='bbox 410 4081 572 4144; x_wconf 83' lang='lat' dir='ltr'><strong>adnotavit.</strong></span> <span class='ocrx_word' id='word_1_277' title='bbox 623 4100 714 4163; x_wconf 87' lang='lat' dir='ltr'><strong>quem</strong></span> <span class='ocrx_word' id='word_1_278' title='bbox 744 4081 895 4145; x_wconf 84' lang='lat' dir='ltr'><strong>deiectum</strong></span> <span class='ocrx_word' id='word_1_279' title='bbox 925 4084 955 4148; x_wconf 91' lang='lat' dir='ltr'><strong>in</strong></span> <span class='ocrx_word' id='word_1_280' title='bbox 984 4085 1200 4165; x_wconf 88' lang='lat' dir='ltr'><strong>priore-parte</strong></span> <span class='ocrx_word' id='word_1_281' title='bbox 1229 4082 1389 4144; x_wconf 88' lang='lat' dir='ltr'><strong>commode</strong></span> <span class='ocrx_word' id='word_1_282' title='bbox 1416 4079 1599 4162; x_wconf 82' lang='lat' dir='ltr'><strong>supplebant</strong></span> 
     </span>
     <span class='ocr_line' id='line_1_26' title="bbox 275 4181 1600 4267; baseline 0 -21"><span class='ocrx_word' id='word_1_283' title='bbox 275 4187 444 4265; x_wconf 80' lang='lat' dir='ltr'><strong>fragmenta</strong></span> <span class='ocrx_word' id='word_1_284' title='bbox 468 4185 581 4248; x_wconf 89' lang='lat' dir='ltr'><strong>codicis</strong></span> <span class='ocrx_word' id='word_1_285' title='bbox 605 4184 777 4248; x_wconf 88' lang='lat' dir='ltr'><strong>Parisini</strong></span> <span class='ocrx_word' id='word_1_286' title='bbox 800 4181 903 4248; x_wconf 88' lang='grc'><strong>7498</strong></span> <span class='ocrx_word' id='word_1_287' title='bbox 927 4185 1033 4248; x_wconf 88' lang='lat' dir='ltr'><strong>eadem</strong></span> <span class='ocrx_word' id='word_1_288' title='bbox 1056 4187 1121 4248; x_wconf 87' lang='lat' dir='ltr'><strong>lere</strong></span> <span class='ocrx_word' id='word_1_289' title='bbox 1144 4192 1241 4248; x_wconf 89' lang='lat' dir='ltr'><strong>aetate</strong></span> <span class='ocrx_word' id='word_1_290' title='bbox 1264 4186 1390 4267; x_wconf 89' lang='lat' dir='ltr'><strong>scripta:</strong></span> <span class='ocrx_word' id='word_1_291' title='bbox 1415 4186 1600 4264; x_wconf 80' lang='lat' dir='ltr'><strong>ci.‘gramm.</strong></span> 
     </span>
     <span class='ocr_line' id='line_1_27' title="bbox 275 4285 1723 4369; baseline 0 -21"><span class='ocrx_word' id='word_1_292' title='bbox 275 4287 326 4350; x_wconf 85' lang='lat' dir='ltr'><strong>lat.</strong></span> <span class='ocrx_word' id='word_1_293' title='bbox 350 4307 378 4352; x_wconf 81' lang='lat' dir='ltr'><strong>v.</strong></span> <span class='ocrx_word' id='word_1_294' title='bbox 396 4287 436 4350; x_wconf 89' lang='lat' dir='ltr'><strong>lll</strong></span> <span class='ocrx_word' id='word_1_295' title='bbox 459 4307 490 4369; x_wconf 94' lang='lat' dir='ltr'><strong>p.</strong></span> <span class='ocrx_word' id='word_1_296' title='bbox 508 4285 581 4351; x_wconf 90' lang='grc'><strong>396.</strong></span> <span class='ocrx_word' id='word_1_297' title='bbox 617 4289 649 4350; x_wconf 91' lang='lat' dir='ltr'><strong>in</strong></span> <span class='ocrx_word' id='word_1_298' title='bbox 671 4307 708 4351; x_wconf 90' lang='lat' dir='ltr'><strong>eo</strong></span> <span class='ocrx_word' id='word_1_299' title='bbox 732 4287 837 4351; x_wconf 88' lang='lat' dir='ltr'><strong>codice</strong></span> <span class='ocrx_word' id='word_1_300' title='bbox 861 4289 941 4351; x_wconf 90' lang='lat' dir='ltr'><strong>enim</strong></span> <span class='ocrx_word' id='word_1_301' title='bbox 965 4287 1080 4367; x_wconf 86' lang='lat' dir='ltr'><strong>aliquot</strong></span> <span class='ocrx_word' id='word_1_302' title='bbox 1095 4286 1281 4351; x_wconf 86' lang='lat' dir='ltr'><strong>membranis</strong></span> <span class='ocrx_word' id='word_1_303' title='bbox 1303 4291 1421 4352; x_wconf 90' lang='lat' dir='ltr'><strong>amissis</strong></span> <span class='ocrx_word' id='word_1_304' title='bbox 1437 4289 1513 4350; x_wconf 88' lang='lat' dir='ltr'><strong>haec</strong></span> <span class='ocrx_word' id='word_1_305' title='bbox 1535 4288 1599 4349; x_wconf 93' lang='lat' dir='ltr'><strong>sola</strong></span> <span class='ocrx_word' id='word_1_306' title='bbox 1652 4286 1659 4300; x_wconf 88' lang='lat'><em>&#39;</em></span> <span class='ocrx_word' id='word_1_307' title='bbox 1720 4289 1723 4297; x_wconf 86' lang='lat'>&#39;</span> 
     </span>
     <span class='ocr_line' id='line_1_28' title="bbox 274 4391 1599 4467; baseline -0.002 -13"><span class='ocrx_word' id='word_1_308' title='bbox 274 4411 311 4454; x_wconf 88' lang='lat' dir='ltr'><strong>ex</strong></span> <span class='ocrx_word' id='word_1_309' title='bbox 340 4391 439 4453; x_wconf 86' lang='lat' dir='ltr'><strong>Rndni</strong></span> <span class='ocrx_word' id='word_1_310' title='bbox 468 4391 694 4452; x_wconf 86' lang='lat' dir='ltr'><strong>commentariis</strong></span> <span class='ocrx_word' id='word_1_311' title='bbox 724 4391 828 4454; x_wconf 89' lang='lat' dir='ltr'><strong>relicta</strong></span> <span class='ocrx_word' id='word_1_312' title='bbox 856 4400 941 4467; x_wconf 85' lang='lat' dir='ltr'><strong>sunt,</strong></span> <span class='ocrx_word' id='word_1_313' title='bbox 978 4394 1233 4455; x_wconf 78' lang='lat' dir='ltr'><strong>Commentarium</strong></span> <span class='ocrx_word' id='word_1_314' title='bbox 1263 4393 1370 4466; x_wconf 78' lang='lat' dir='ltr'><strong>Rufini</strong></span> <span class='ocrx_word' id='word_1_315' title='bbox 1401 4395 1462 4454; x_wconf 84' lang='lat' dir='ltr'><strong>oiri</strong></span> <span class='ocrx_word' id='word_1_316' title='bbox 1489 4393 1599 4452; x_wconf 86' lang='lat' dir='ltr'><strong>disser-</strong></span> 
     </span>
     <span class='ocr_line' id='line_1_29' title="bbox 220 4487 1686 4574; baseline 0.001 -23"><span class='ocrx_word' id='word_1_317' title='bbox 220 4546 225 4551; x_wconf 83' lang='lat'><strong>.</strong></span> <span class='ocrx_word' id='word_1_318' title='bbox 275 4497 385 4558; x_wconf 66' lang='lat' dir='ltr'><strong>ciseium</strong></span> <span class='ocrx_word' id='word_1_319' title='bbox 395 4495 594 4572; x_wconf 68' lang='lat' dir='ltr'><strong>grammatici</strong></span> <span class='ocrx_word' id='word_1_320' title='bbox 609 4495 822 4558; x_wconf 74' lang='lat' dir='ltr'><strong>Antiochensis</strong></span> <span class='ocrx_word' id='word_1_321' title='bbox 838 4499 873 4558; x_wconf 77' lang='lat' dir='ltr'><strong>irs</strong></span> <span class='ocrx_word' id='word_1_322' title='bbox 886 4491 1202 4560; x_wconf 75' lang='lat' dir='ltr'><strong>metra-Terentiano.</strong></span> <span class='ocrx_word' id='word_1_323' title='bbox 1242 4496 1394 4558; x_wconf 84' lang='lat' dir='ltr'><strong>Euontius</strong></span> <span class='ocrx_word' id='word_1_324' title='bbox 1409 4527 1451 4541; x_wconf 90' lang='lat'><em>-</em></span> <span class='ocrx_word' id='word_1_325' title='bbox 1466 4511 1496 4574; x_wconf 86' lang='lat' dir='ltr'><strong>p.</strong></span> <span class='ocrx_word' id='word_1_326' title='bbox 1514 4487 1600 4555; x_wconf 80' lang='grc'><strong>2712</strong></span> <span class='ocrx_word' id='word_1_327' title='bbox 1682 4515 1686 4521; x_wconf 94' lang='grc'><em>·</em></span> 
     </span>
     <span class='ocr_line' id='line_1_30' title="bbox 217 4591 1599 4686; baseline -0.003 -26"><span class='ocrx_word' id='word_1_328' title='bbox 217 4677 221 4686; x_wconf 26' lang='lat'>⁸</span> <span class='ocrx_word' id='word_1_329' title='bbox 276 4601 366 4673; x_wconf 75' lang='lat' dir='ltr'><strong>sudes</strong></span> <span class='ocrx_word' id='word_1_330' title='bbox 389 4601 421 4658; x_wconf 84' lang='lat' dir='ltr'><strong>in</strong></span> <span class='ocrx_word' id='word_1_331' title='bbox 444 4600 513 4667; x_wconf 83' lang='lat' dir='ltr'><strong>isio,</strong></span> <span class='ocrx_word' id='word_1_332' title='bbox 538 4614 568 4677; x_wconf 69' lang='lat' dir='ltr'><strong>pa</strong></span> <span class='ocrx_word' id='word_1_333' title='bbox 591 4591 677 4659; x_wconf 77' lang='lat'>2715</span> <span class='ocrx_word' id='word_1_334' title='bbox 700 4607 804 4660; x_wconf 74' lang='lat' dir='ltr'><strong>carnut</strong></span> <span class='ocrx_word' id='word_1_335' title='bbox 825 4600 943 4662; x_wconf 82' lang='lat' dir='ltr'><strong>iambus</strong></span> <span class='ocrx_word' id='word_1_336' title='bbox 972 4601 1115 4678; x_wconf 77' lang='lat' dir='ltr'><strong>dactylus</strong></span> <span class='ocrx_word' id='word_1_337' title='bbox 1142 4601 1190 4662; x_wconf 73' lang='lat' dir='ltr'><strong>leis</strong></span> <span class='ocrx_word' id='word_1_338' title='bbox 1217 4601 1320 4662; x_wconf 80' lang='lat' dir='ltr'><strong>causis</strong></span> <span class='ocrx_word' id='word_1_339' title='bbox 1344 4631 1382 4643; x_wconf 89' lang='lat'>-</span> <span class='ocrx_word' id='word_1_340' title='bbox 1406 4615 1436 4677; x_wconf 87' lang='lat' dir='ltr'><strong>p.</strong></span> <span class='ocrx_word' id='word_1_341' title='bbox 1458 4591 1545 4657; x_wconf 78' lang='lat'>2719</span> <span class='ocrx_word' id='word_1_342' title='bbox 1568 4597 1599 4657; x_wconf 84' lang='lat' dir='ltr'><strong>in</strong></span> 
     </span>
     <span class='ocr_line' id='line_1_31' title="bbox 279 4699 1599 4781; baseline -0.002 -17"><span class='ocrx_word' id='word_1_343' title='bbox 279 4719 337 4778; x_wconf 80' lang='lat' dir='ltr'><strong>quo</strong></span> <span class='ocrx_word' id='word_1_344' title='bbox 359 4700 440 4763; x_wconf 79' lang='lat' dir='ltr'><strong>iliud</strong></span> <span class='ocrx_word' id='word_1_345' title='bbox 461 4705 509 4762; x_wconf 84' lang='lat' dir='ltr'><strong>vel</strong></span> <span class='ocrx_word' id='word_1_346' title='bbox 528 4705 695 4764; x_wconf 67' lang='lat' dir='ltr'><strong>mammam</strong></span> <span class='ocrx_word' id='word_1_347' title='bbox 719 4709 773 4765; x_wconf 85' lang='lat' dir='ltr'><strong>est.</strong></span> <span class='ocrx_word' id='word_1_348' title='bbox 812 4704 842 4763; x_wconf 93' lang='lat' dir='ltr'><strong>in</strong></span> <span class='ocrx_word' id='word_1_349' title='bbox 866 4701 912 4763; x_wconf 91' lang='lat' dir='ltr'><strong>his</strong></span> <span class='ocrx_word' id='word_1_350' title='bbox 935 4704 1028 4781; x_wconf 88' lang='lat' dir='ltr'><strong>igitur</strong></span> <span class='ocrx_word' id='word_1_351' title='bbox 1051 4703 1232 4780; x_wconf 87' lang='lat' dir='ltr'><strong>lragmentis</strong></span> <span class='ocrx_word' id='word_1_352' title='bbox 1248 4699 1363 4781; x_wconf 88' lang='lat' dir='ltr'><strong>reliqua</strong></span> <span class='ocrx_word' id='word_1_353' title='bbox 1387 4699 1509 4777; x_wconf 90' lang='lat' dir='ltr'><strong>quidem</strong></span> <span class='ocrx_word' id='word_1_354' title='bbox 1535 4701 1599 4762; x_wconf 87' lang='lat' dir='ltr'><strong>lere</strong></span> 
     </span>
     <span class='ocr_line' id='line_1_32' title="bbox 181 4786 1881 4888; baseline -0.002 -22"><span class='ocrx_word' id='word_1_355' title='bbox 181 4793 184 4798; x_wconf 70' lang='grc'><strong>’</strong></span> <span class='ocrx_word' id='word_1_356' title='bbox 279 4806 378 4867; x_wconf 88' lang='lat' dir='ltr'><strong>omnia</strong></span> <span class='ocrx_word' id='word_1_357' title='bbox 403 4823 529 4886; x_wconf 89' lang='lat' dir='ltr'><strong>prorsus</strong></span> <span class='ocrx_word' id='word_1_358' title='bbox 554 4804 659 4868; x_wconf 89' lang='lat' dir='ltr'><strong>eodem</strong></span> <span class='ocrx_word' id='word_1_359' title='bbox 683 4805 773 4868; x_wconf 90' lang='lat' dir='ltr'><strong>modo</strong></span> <span class='ocrx_word' id='word_1_360' title='bbox 797 4813 885 4888; x_wconf 89' lang='lat' dir='ltr'><strong>atque</strong></span> <span class='ocrx_word' id='word_1_361' title='bbox 909 4807 939 4866; x_wconf 91' lang='lat' dir='ltr'><strong>in</strong></span> <span class='ocrx_word' id='word_1_362' title='bbox 964 4805 1071 4868; x_wconf 80' lang='lat' dir='ltr'><strong>codice</strong></span> <span class='ocrx_word' id='word_1_363' title='bbox 1092 4805 1116 4866; x_wconf 83' lang='grc' dir='ltr'><strong>Α</strong></span> <span class='ocrx_word' id='word_1_364' title='bbox 1140 4808 1253 4886; x_wconf 87' lang='lat' dir='ltr'><strong>scripta</strong></span> <span class='ocrx_word' id='word_1_365' title='bbox 1283 4814 1369 4876; x_wconf 89' lang='lat' dir='ltr'><strong>sunt,</strong></span> <span class='ocrx_word' id='word_1_366' title='bbox 1399 4811 1429 4866; x_wconf 90' lang='lat' dir='ltr'><strong>et</strong></span> <span class='ocrx_word' id='word_1_367' title='bbox 1457 4803 1542 4884; x_wconf 89' lang='lat' dir='ltr'><strong>siqua</strong></span> <span class='ocrx_word' id='word_1_368' title='bbox 1567 4807 1599 4866; x_wconf 94' lang='lat' dir='ltr'><strong>in</strong></span> <span class='ocrx_word' id='word_1_369' title='bbox 1646 4851 1651 4857; x_wconf 94' lang='lat'><strong>.</strong></span> <span class='ocrx_word' id='word_1_370' title='bbox 1761 4786 1765 4791; x_wconf 58' lang='grc'><strong>’</strong></span> <span class='ocrx_word' id='word_1_371' title='bbox 1873 4871 1881 4879; x_wconf 56' lang='grc'><strong><em>,</em></strong></span> 
     </span>
     <span class='ocr_line' id='line_1_33' title="bbox 280 4905 1599 4990; baseline -0.001 -21"><span class='ocrx_word' id='word_1_372' title='bbox 280 4906 341 4980; x_wconf 92' lang='lat' dir='ltr'><strong>illo,</strong></span> <span class='ocrx_word' id='word_1_373' title='bbox 365 4918 399 4970; x_wconf 92' lang='lat' dir='ltr'><strong>ut</strong></span> <span class='ocrx_word' id='word_1_374' title='bbox 414 4905 813 4983; x_wconf 82' lang='lat' dir='ltr'><strong>dixi,·lihrariuscorrexit,</strong></span> <span class='ocrx_word' id='word_1_375' title='bbox 838 4907 994 4971; x_wconf 85' lang='lat' dir='ltr'><strong>emendata</strong></span> <span class='ocrx_word' id='word_1_376' title='bbox 1011 4911 1161 4990; x_wconf 90' lang='lat' dir='ltr'><strong>scriptura</strong></span> <span class='ocrx_word' id='word_1_377' title='bbox 1179 4907 1315 4972; x_wconf 87' lang='lat' dir='ltr'><strong>exhibita</strong></span> <span class='ocrx_word' id='word_1_378' title='bbox 1339 4915 1399 4979; x_wconf 85' lang='lat' dir='ltr'><strong>est;</strong></span> <span class='ocrx_word' id='word_1_379' title='bbox 1423 4905 1475 4969; x_wconf 87' lang='lat' dir='ltr'><strong>scd</strong></span> <span class='ocrx_word' id='word_1_380' title='bbox 1492 4923 1599 4986; x_wconf 89' lang='lat' dir='ltr'><strong>graeca</strong></span> 
     </span>
    </p>
   </div>
   <div class='ocr_carea' id='block_1_2' title="bbox 0 0 1944 5562">
    <p class='ocr_par' dir='ltr' id='par_1_2' title="bbox 0 0 1944 5562">
     <span class='ocr_line' id='line_1_34' title="bbox 0 0 1944 5562; baseline 0 0"><span class='ocrx_word' id='word_1_381' title='bbox 0 0 1944 5562; x_wconf 95' lang='lat' dir='ltr'><strong> </strong></span> 
     </span>
    </p>
   </div>
  </div>
 </body>
</html>
