3888 5550
374 291 439 356 374
747 355 751 359 .
877 335 881 340 -
939 311 1159 360 rnuunrmnr

371 423 394 461 p.
408 411 466 452 2113.
490 412 514 452 19
527 412 552 454 P.

569 499 619 540 imo
635 494 702 566 post
725 495 826 548 autem
850 485 1018 568 spondeum
1042 488 1167 548 verricus
1189 487 1233 547 sic
1257 494 1352 549 mutet
1375 495 1504 570 oportet,

632 599 665 650 nt
687 590 743 651 iste
768 607 872 652 rcrsns
895 592 954 652 inm
983 589 1088 660 docet,
1116 587 1216 670 legem
1241 593 1340 652 metri.

631 710 704 772 ergo
725 692 882 774 spondeus
905 695 1085 776 piorumque
1109 696 1139 756 in
1164 692 1304 776 dactylon
1330 693 1396 762 ibit,

632 815 687 858 nec
709 799 836 858 interest
860 796 987 880 reique
1011 797 1078 859 ioco
1102 796 1147 858 rei
1172 815 1261 878 qrrenr
1288 797 1449 878 frequens:

632 918 701 962 nem
725 919 815 980 saepe
837 901 946 974 alterni
972 903 1102 982 gemini.
1128 919 1209 962 nnnc
1233 903 1353 982 saepius
1377 900 1463 970 uitur,

572 1016 623 1059 roeo
638 1006 755 1084 species
778 1005 944 1067 reformant
966 1004 1112 1085 plurimos
1135 1006 1166 1066 in
1190 1002 1342 1066 rensibus:

632 1125 707 1188 qum
731 1105 852 1188 longum
876 1108 968 1170 cretio
992 1105 1193 1191 perscribere,
1218 1126 1287 1170 cum
1310 1107 1367 1169 sibi
1391 1117 1515 1170 cunctas

634 1209 762 1292 tegendo
786 1215 879 1294 possit
902 1221 1048 1274 annotare
1072 1209 1211 1293 quilibet.

634 1315 692 1380 boc
714 1326 761 1380 sat
784 1318 841 1378 erit
863 1317 1030 1384 mortnissc,
1055 1313 1130 1377 iocis
1153 1315 1233 1396 quoti
1258 1316 1391 1396 ‹prinquc
1415 1316 1590 1398 frequenter

605 1501 607 1508 Α
634 1421 735 1500 iugem
759 1420 893 1482 videmus
916 1417 1044 1481 inroni'ri
1067 1419 1232 1500 tiactpium:

570 1523 687 1586 mosot
711 1542 770 1585 uon
795 1533 825 1584 et
848 1533 965 1584 serturn
990 1541 1045 1603 pes
1067 1522 1117 1584 hic
1139 1521 1198 1585 sibi
1223 1520 1354 1585 vindicet
1377 1539 1531 1603 umquam.

635 1629 694 1688 nisi
718 1625 837 1708 quondo
860 1626 1048 1706 rhythmum,
1076 1643 1135 1687 nou
1160 1633 1305 1695 metrum,
1330 1628 1550 1708 componimus.

634 1748 763 1811 namque
787 1739 917 1792 metrum
942 1731 1078 1810 certique
1101 1727 1195 1809 pedes
1219 1747 1424 1810 numerusque
1448 1739 1600 1798 coercent,

634 1831 768 1894 dimenso
792 1833 965 1914 rhythmum
990 1833 1124 1894 eontinet
1148 1832 1195 1894 let
1219 1841 1399 1912 temporum.

635 1935 788 2016 spondeus
812 1947 928 2019 purtem
952 1953 1074 2018 semper
1096 1934 1153 1997 sibi
1176 1935 1307 1998 rinriicat
1330 1937 1430 2006 imum,

569 2053 620 2095 ¹⁶³⁵
635 2039 685 2102 dut
708 2049 739 2102 et
761 2040 905 2102 trochaeo
928 2059 987 2121 qua
1011 2038 1156 2119 disyllabo
1180 2037 1297 2108 locum:

635 2161 690 2205 nec
712 2143 854 2206 damnum
877 2143 1038 2224 importet,
1063 2145 1119 2205 tria
1143 2144 1193 2224 qui
1217 2162 1271 2206 sne
1299 2152 1436 2224 temporo
1460 2141 1572 2212 subdit,

634 2263 711 2325 quoe
734 2255 876 2326 qtrettuor
899 2245 1052 2328 spondeus
1076 2244 1211 2327 expleret
1235 2248 1345 2326 magis:

633 2349 734 2413 dehita
759 2368 827 2412 nem
850 2351 938 2432 spatii
963 2352 1071 2430 recipit
1094 2351 1180 2432 quasi
1203 2359 1338 2431 tempora
1363 2367 1478 2415 rursus.

634 2457 706 2517 utrm
729 2455 826 2534 iungit
849 2455 917 2516 imis
939 2471 1129 2536 consequens
1153 2453 1323 2516 exordium.

569 2573 621 2615 roro
636 2558 777 2620 omnibus
800 2559 831 2620 in
855 2559 961 2620 metris
983 2557 1039 2618 hoc
1062 2559 1122 2620 iem
1146 2558 1278 2619 rotinere
1302 2566 1466 2628 memento,

633 2665 663 2724 in
688 2663 747 2724 tine
771 2679 831 2722 uon
855 2658 963 2722 obesse
987 2678 1042 2740 pro
1066 2658 1155 2740 longo
1185 2659 1317 2724 brevem.

677 2765 836 2826 Praeterea
860 2783 914 2844 pes
938 2763 1038 2826 nntius
1061 2765 1119 2826 erit
1142 2763 1192 2843 qui
1216 2766 1274 2826 rite
1298 2763 1424 2831 locetur.

634 2865 755 2931 iarrdeur'
777 2870 890 2930 mereri
913 2871 939 2929 si
964 2866 1047 2930 roios
1070 2869 1233 2948 poeticam.

633 2972 829 3036 iterumctron
854 2971 961 3033 dicunt
983 2971 1035 3032 scri
1061 2989 1120 3032 nou
1145 2970 1288 3033 heroicon
1313 2968 1450 3032 omnem:

571 3091 621 3133 rou
636 3095 704 3138 uem
729 3094 780 3138 seu
804 3075 896 3158 pedes
920 3075 1018 3136 inesse
1042 3091 1102 3136 nou
1127 3057 1294 3142 enitentis:

635 3179 716 3260 iopes
739 3183 852 3261 qnippe
876 3176 961 3240 detes
985 3178 1107 3240 heroica
1131 3179 1265 3240 carmina
1291 3187 1430 3257 poscunt.

634 3303 724 3366 utras,
748 3291 812 3344 acte
838 3281 985 3344 Homerus
1010 3280 1135 3365 heroum
1160 3300 1229 3342 curn
1252 3279 1401 3342 scriberet

634 3385 787 3456 versibus,
811 3385 958 3456 ostendit,
982 3403 1057 3466 quas
1079 3402 1175 3465 aeque
1199 3401 1300 3446 sermo
1325 3380 1458 3444 latinus·

635 3488 764 3552 custodit
787 3507 908 3559 omnes,
933 3497 961 3550 ct
984 3488 1077 3567 perles
1100 3488 1180 3550 scios
1204 3485 1320 3566 prohat,

572 3608 622 3651 roto
636 3611 711 3675 qnos
733 3611 824 3674 supra
848 3592 944 3674 posui.
990 3592 1113 3654 Graecis
1137 3601 1166 3653 ct
1189 3593 1322 3653 creticus
1344 3599 1446 3670 optus3

636 3695 780 3759 bacchius
803 3699 894 3758 etiem
917 3697 1042 3777 ponitur
1065 3711 1120 3776 pro
1145 3692 1271 3776 dactylo.

636 3789 767 3864 creticus
789 3801 822 3862 in
846 3799 967 3868 nostris,
993 3800 1019 3860 si
1043 3799 1118 3860 teria
1143 3802 1277 3862 carmina
1301 3814 1425 3879 pangas,

635 3923 704 3968 raro
728 3905 895 3974 invenitur,
920 3899 1017 3981 quatis
1041 3901 1091 3964 hic
1114 3903 1247 3964 Maronis
1270 3911 1324 3972 est,

636 4004 806 4070 ‘insulae
830 4007 937 4070 Ionio
961 4009 997 4068 in
1021 4024 1167 4085 magno,
1192 4025 1284 4086 quem
1307 4006 1386 4068 dira
1410 4003 1612 4068 Celaeno':

572 4126 622 4170 1⁶⁵⁵
636 4099 767 4173 creticus
790 4109 914 4172 oiicndit
937 4130 990 4191 pos
1013 4110 1128 4192 primus
1151 4117 1182 4170 et
1204 4116 1325 4190 asperat
1347 4127 1446 4171 aures.

637 4213 715 4276 dabo
739 4223 769 4276 et
793 4214 950 4284 latentem,
974 4213 1027 4275 secl
1052 4211 1215 4276 notandum
1239 4215 1397 4281 creticum.

636 4317 757 4381 ‘solus
782 4315 842 4379 hic
866 4314 1024 4380 inflexit
1047 4319 1211 4378 sensus'.
1259 4335 1326 4379 nem
1350 4315 1465 4397 primus
1488 4322 1518 4376 ct
1539 4309 1607 4375 istic

380 4500 584 4514 fl———u-

448 4607 514 4657 1620
532 4615 594 4672 post
616 4597 764 4667 spondeum
784 4608 869 4646 utitem
888 4594 995 4644 ueniens
1014 4595 1052 4644 sic
1066 4594 1151 4646 Aldus
1169 4605 1231 4660 post
1249 4589 1395 4659 spondeum
1420 4589 1459 4639 sic
1482 4588 1588 4638 ueniens
1608 4586 1699 4637 Daue·

375 4695 429 4745 einr
452 4694 522 4744 iniec.
546 4688 693 4753 cinips-18
765 4683 830 4734 1617
854 4679 961 4730 heroum
987 4680 1114 4731 Homerus
1137 4691 1194 4730 octo
1221 4694 1286 4743 quus
1305 4691 1364 4728 cum
1382 4675 1504 4726 scriberet
1523 4673 1637 4725 Guctuh'o
1655 4671 1699 4723 ob-

375 4794 442 4832 eero.
462 4776 507 4828 ΙΧ
524 4780 542 4828 8
561 4775 667 4828 heroum
687 4773 814 4823 Homerus
838 4777 895 4817 octo
913 4768 971 4830 quis
997 4783 1055 4818 corn
1074 4769 1197 4819 scriberet
1217 4765 1342 4816 Bnrthine
1365 4765 1422 4814 ade.
1442 4759 1500 4812 XV
1515 4763 1531 4810 2
1550 4777 1577 4827 p.
1597 4761 1647 4810 ret

377 4860 453 4930 quus]
475 4863 536 4923 Quis
557 4863 587 4914 ,11
662 4859 725 4912 1651
749 4857 827 4922 Verp.
844 4857 908 4907 Aen.
927 4853 978 4904 III
990 4857 1039 4906 211
1112 4855 1178 4905 lbbi
1201 4854 1279 4920 l'erp.
1301 4847 1458 4902 Aen-1111
1475 4849 1510 4897 22
