3888 5550
799 387 847 438 DE
871 388 1002 440 tterms

268 485 288 523 p.
302 473 361 514 area.
375 472 402 512 aa
417 473 441 515 Ρ.

526 564 683 648 spondeen
708 570 819 630 etenim
844 571 913 650 quia
939 570 1061 650 recepit
1078 565 1185 648 impari

460 684 512 726 esan
527 677 641 733 tautum
666 669 731 732 loco
756 671 800 732 rel
826 671 973 754 dactylum
998 681 1049 734 aut
1072 674 1270 739 eontrarium,

526 773 661 836 seeundo
685 773 817 838 iambum
843 793 899 838 nos
923 795 1047 838 necesse
1071 787 1117 840 est
1141 775 1280 846 reddere,

526 878 577 957 qul
601 877 682 940 sedis
706 877 795 940 huius
819 881 884 941 iura
908 897 1029 962 semper
1053 879 1177 948 obtinet,

526 981 699 1044 scandenda
723 993 753 1043 et
775 980 835 1044 illie
860 1001 974 1064 putrere
997 981 1152 1046 adsuetam
1177 1000 1302 1053 ntorum,

526 1103 614 1166 quam
638 1085 755 1168 pollicis
778 1105 888 1148 sonore
914 1085 957 1147 rel
982 1085 1087 1168 plausu
1111 1084 1196 1166 pedis

461 1204 512 1245 aeae
527 1188 750 1260 discriminare,
776 1193 828 1269 qui
852 1189 963 1252 dorent
986 1200 1098 1256 artem.
1123 1187 1230 1252 solent.

525 1295 551 1356 si
574 1295 691 1375 primus
715 1312 788 1374 ergo
812 1313 866 1376 pes
890 1313 956 1356 eam
979 1303 1078 1356 sumet
1101 1311 1227 1361 moram,

526 1395 580 1459 nbi
603 1399 660 1460 iam
685 1408 841 1479 receptum
867 1409 912 1460 est
935 1397 1066 1460 subdere
1091 1397 1200 1459 heroes
1224 1396 1329 1478 pedes,

527 1517 645 1563 versum
670 1501 794 1566 videbor
818 1521 877 1564 uon
901 1513 1003 1564 tenere
1027 1501 1206 1564 iambicum:

525 1603 577 1666 sed
601 1607 670 1686 quia
694 1605 828 1668 secundo
853 1625 1018 1688 numquam
1042 1605 1159 1670 iambus
1183 1605 1312 1688 pellitur,

451 1724 514 1808 ‘rau
530 1726 643 1772 moram
669 1729 791 1772 necesse
816 1721 861 1773 est
883 1714 913 1774 iu
937 1709 1071 1773 secunde
1095 1709 1222 1772 reddere

527 1822 555 1875 et
578 1815 687 1876 ceteris
710 1811 763 1898 qui
786 1825 856 1878 suut
879 1814 1012 1878 serundo
1035 1832 1207 1897 comparem

526 1916 580 1979 ubi
604 1936 663 1980 non
689 1917 800 1981 timebo
824 1921 930 2002 nequis
954 1919 1065 1981 hernus
1089 1917 1183 1980 cadat.

525 2024 570 2084 sia
593 2022 626 2084 dt
651 2024 808 2084 trimetrus
831 2024 882 2104 qui
906 2022 962 2084 tutt
985 2023 1132 2084 senarius.

570 2124 656 2188 Nunc
680 2129 742 2207 ipsa
767 2134 878 2196 metra,
904 2144 981 2205 quae
1005 2125 1125 2205 redegi,
1150 2143 1329 2206 prosequar.

461 2231 590 2310 aaaaiugi
615 2231 752 2292 trimetro
776 2229 902 2292 Flaccus
926 2250 997 2293 usus
1021 2243 1066 2292 est
1088 2227 1192 2300 semel,

527 2343 642 2396 utnon
667 2333 796 2415 epodum
821 2333 967 2396 subderet
990 2333 1034 2395 vel
1058 2334 1195 2397 demeret

527 2447 577 2500 aut
600 2437 740 2506 adderet,
765 2457 823 2520 quo
847 2436 944 2518 legem
968 2437 1058 2500 iambi
1084 2445 1230 2509 rer·teret;

527 2540 579 2602 sed
603 2541 733 2622 simplici
758 2560 881 2604 carmen
905 2561 959 2624 per
984 2560 1072 2604 omne
1096 2550 1217 2603 evectus
1240 2547 1295 2613 est,

527 2644 606 2726 qued
631 2665 696 2707 esse
721 2655 825 2709 uotum
851 2645 987 2708 versibus
1011 2647 1116 2728 primis
1139 2654 1247 2728 potest,

462 2751 619 2811 aaae‘iam
644 2751 711 2811 lam
736 2749 896 2812 efficaci
919 2749 963 2811 do
987 2768 1116 2812 manus
1139 2751 1342 2826 scientiae,

528 2851 683 2934 supplex
708 2863 743 2914 et
766 2870 833 2915 oro
856 2871 971 2934 regna
996 2872 1061 2935 per
1084 2852 1368 2934 Proserpinae’.

527 2975 680 3038 renumque
705 2975 828 3020 carmen
853 2955 920 3038 lege
944 2955 994 3018 tali
1018 2956 1150 3037 pertulit.

571 3059 631 3122 Sed
656 3059 704 3122 hie
729 3062 882 3123 trintetrua
906 3060 1026 3142 quando
1051 3059 1201 3144 duplicent
1226 3061 1333 3142 pedem

529 3183 543 3226 a
568 3167 665 3246 eapite
688 3176 800 3234 sumet,
826 3176 896 3227 tunc
918 3163 1082 3245 quadratus
1106 3163 1224 3234 dicitur,

463 3283 515 3325 aare
530 3267 668 3350 idemque
693 3268 790 3332 dietus
814 3279 859 3332 est
882 3277 910 3329 et
933 3270 1113 3330 octonarius.

528 3379 598 3435 ante
622 3391 694 3452 ergo
719 3391 836 3435 versum
861 3371 1017 3436 collocabo
1042 3371 1214 3441 iambicum,

528 3474 726 3557 ‘phaselus
749 3476 817 3540 ille
840 3495 947 3557 quem
971 3476 1126 3546 ridetis,
1152 3475 1350 3554 ltespites':

527 3579 691 3662 quadratus
714 3582 769 3642 iste
795 3579 860 3642 talis
884 3581 962 3642 elhci
986 3590 1093 3661 potest,

529 3683 637 3745 adest
666 3683 768 3747 celer
791 3683 971 3766 phaselus
1001 3685 1067 3746 ille
1097 3701 1202 3765 quern
1226 3683 1377 3754 ridetis,
1408 3681 1589 3763 hospites.

463 3801 514 3842 ²28⁰
573 3787 604 3848 Si
629 3785 749 3870 dempta
775 3789 866 3870 primu
890 3787 1002 3869 syllaba
1026 3787 1144 3849 adiectu
1170 3787 1238 3866 pedi
1262 3769 1316 3854 esi,

530 3909 620 3974 quem
645 3889 681 3953 de
705 3891 823 3953 duohus
847 3911 913 3952 esse
938 3891 1048 3953 intubis
1070 3892 1228 3972 perspicis,

529 3995 608 4076 quod
633 3995 703 4056 hinc
728 3998 887 4066 remansit,
912 3998 1057 4057 creticum
1081 3994 1180 4057 tunldit
1203 3994 1321 4076 pedena,

530 4108 585 4161 est
607 4098 712 4162 celer
736 4099 917 4180 phaselus
940 4097 1007 4160 ille
1032 4117 1138 4178 quem
1163 4099 1317 4166 ridetis
1342 4097 1535 4177 ltnspites;

529 4204 597 4284 quia
621 4205 719 4284 prima
743 4221 811 4266 cunr
834 4205 873 4264 sit
896 4202 1016 4284 dempta
1041 4202 1141 4264 iambe
1165 4201 1287 4282 duplici,

464 4305 650 4388 aaaslonqam
675 4307 804 4388 relinqui
828 4309 985 4377 contenit,
1011 4315 1078 4388 post
1101 4306 1228 4368 alterum

274 4443 479 4460 n—h--u-——n

339 4517 510 4570 2273—23‘10
529 4515 599 4572 liar.
623 4517 722 4566 Victor.
742 4517 805 4572 133,
825 4517 961 4577 ,Νι-134,
983 4517 1016 4565 31

340 4692 408 4742 ‘teat
431 4701 562 4756 receptum
582 4689 666 4740 Ahhar
688 4690 747 4738 inst.
767 4703 872 4752 pennam.
890 4704 917 4752 p.
940 4689 1001 4744 3⁵2,
1026 4699 1192 4752 praeceptum
1218 4685 1248 4735 ,ll
1318 4687 1386 4735 eant
1404 4685 1491 4749 redegi
1516 4697 1590 4738 §td-

271 4775 326 4843 rligi
347 4775 379 4827 M
445 4777 513 4828 *2267
538 4789 661 4826 everteret
684 4784 708 4826 et
731 4775 799 4824 2¹26ss
822 4787 909 4822 reatus
929 4787 967 4822 est
993 4772 1160 4822 Hntchha'sr'na
1204 4783 1208 4792 ·
1230 4773 1298 4822 ’2270
1324 4773 1388 4822 Her.
1415 4773 1489 4836 epod.
1517 4775 1555 4828 17,
1578 4773 1590 4818 l

269 4878 309 4928 aq.
380 4864 447 4914 ‘2272
476 4863 582 4929 protulit
612 4863 764 4912 Paterentur
840 4860 906 4910 eati
942 4859 1034 4908 (Falerii.
1060 4862 1084 4912 4,
1111 4863 1125 4910 1
1196 4859 1264 4908 ’2281)
1293 4861 1313 4905 si
1344 4859 1448 4924 ‹leutptu
1477 4871 1493 4913 ς
1517 4858 1591 4920 ¹liqui

272 4947 377 5014 dempta
396 4949 426 4998 Μ

324 5058 476 5090 ananan-rer
490 5057 573 5089 aarum
588 5059 619 5088 rr.
1385 5035 1418 5084 ’dli
