3866 5562
650 402 762 452 coum
786 403 835 452 oe
858 402 1016 472 unnems
1041 405 1145 454 onus.
1171 401 1273 452 ιιι-ιι
1562 392 1624 456 ott
1662 390 1665 394 ’

298 503 321 541 p.
334 489 387 532 atta
400 489 426 533 P.
536 517 538 521 -
1445 507 1466 544 p.
1481 495 1587 537 Sil-⁸96
1599 494 1626 538 G.

298 577 444 640 brevitate
468 579 588 661 pedum,
614 588 676 642 turn
701 581 883 661 proceritatc
908 580 1033 644 tardius.
1074 600 1197 644 ctnsutn
1222 584 1432 646 contentiones
1457 586 1553 664 magis
1575 603 1625 646 re·
1681 625 1684 630 -

302 683 433 760 quirunt,
459 685 663 764 expositiones
686 703 789 748 rerum
815 684 1009 748 tarditatem!

386 785 418 850 ln
443 785 500 850 alio
524 785 591 850 loeo
608 790 650 850 sic
674 789 753 860 dicit,
779 788 869 851 ‘Cur
892 789 935 850 de
958 789 1138 871 perfugis
1162 791 1304 852 nostris
1333 792 1465 872 copias
1489 809 1625 872 conpa-

297 897 386 951 rant
409 899 545 952 contra
571 891 674 952 nost’
699 893 795 970 prima
813 900 883 956 suut
899 889 949 952 illa
966 891 1034 960 dtto,
1053 910 1129 972 quae
1147 902 1293 954 commata
1312 893 1419 954 Graeci
1436 906 1553 968 vocant,
1570 913 1626 957 nos

264 999 284 1046 'o
298 993 391 1054 incisa
411 993 682 1065 dicimus;dcinde
701 994 823 1057 tertium
839 993 926 1056 colon
944 993 997 1063 illi,
1016 1013 1071 1056 nos
1088 994 1275 1056 membrum:
1293 997 1431 1076 sequitur
1448 1015 1507 1058 uon
1525 997 1623 1078 longa.

298 1114 334 1156 ex
358 1095 476 1158 duobus
501 1097 580 1158 enim
599 1097 744 1174 versibus,
769 1097 798 1160 id
823 1106 870 1160 est
885 1096 1043 1166 membris,
1067 1098 1202 1179 perlecta
1227 1097 1461 1179 comprehensio
1479 1108 1525 1159 est
1548 1111 1577 1162 et
1593 1105 1624 1163 iu

297 1199 450 1278 spondeos
479 1199 570 1264 cadit.
623 1209 652 1261 et
676 1202 802 1264 Crassus
832 1201 954 1284 quidem
985 1203 1029 1264 sic
1045 1197 1057 1283 ΙΙ
1075 1201 1254 1282 plerumque
1278 1201 1412 1272 dicebat,
1446 1202 1536 1284 idque
1561 1204 1624 1284 ipse

280 1319 392 1381 ¹gentis
416 1303 537 1366 dicendi
562 1305 692 1367 maxime
711 1305 818 1387 probo.
860 1305 912 1368 sed
937 1323 1014 1386 quae
1030 1306 1146 1366 incisim
1170 1313 1222 1366 aut
1238 1304 1429 1366 membratim
1447 1307 1624 1376 elleruntur,

298 1425 331 1468 ea
350 1405 395 1468 rel
419 1410 574 1489 aptissime
598 1409 706 1471 cadere
724 1407 848 1482 debent,
874 1419 906 1471 ut
929 1419 975 1470 est
991 1408 1070 1490 apud
1088 1427 1135 1470 ure
1159 1409 1304 1470 ‘domus
1328 1410 1397 1470 tibi
1421 1409 1573 1472 deerati
1590 1418 1625 1472 at

259 1524 285 1565 ιο
299 1508 478 1574 habebas:
511 1513 670 1592 pecunia
699 1511 923 1594 superabat?
951 1491 987 1574 at
1016 1510 1182 1592 egebas’.
1227 1511 1303 1574 haec
1330 1513 1426 1574 incise
1450 1513 1527 1574 dicta
1552 1523 1624 1577 sunt

207 1653 212 1668 ι
297 1622 450 1694 quattuor,
475 1624 505 1676 at
528 1614 721 1678 membratim
746 1635 822 1698 quae
839 1627 985 1679 secuntur
1008 1616 1076 1686 duo,
1102 1615 1326 1700 ‘incurristi
1350 1633 1477 1678 ametis
1502 1618 1539 1678 in
1562 1635 1623 1678 oo·

298 1716 463 1786 lumnts.
495 1719 530 1780 in
564 1718 704 1781 alienis
732 1721 947 1782 insanisti’.
999 1717 1108 1780 deiude
1143 1719 1244 1780 omnia
1279 1726 1430 1798 tamquam
1465 1720 1623 1800 crepidine

298 1819 426 1901 quadam
461 1819 723 1902 conprehensione
757 1822 896 1902 longiore
931 1824 1137 1892 sustinentur,
1172 1821 1424 1902 ‘depr-essem,
1459 1817 1622 1894 caecalu,

298 1924 481 1986 iacentem
507 1923 650 1986 domum
674 1923 799 2007 pluris
823 1942 929 2008 quam
959 1932 993 1986 te
1017 1934 1053 1986 et
1075 1925 1247 1986 fortunas
1271 1932 1353 1986 tuas
1377 1928 1622 1991 aestimasti’.

259 2039 284 2080 1⁵
299 2025 441 2089 dichoreo
464 2027 594 2100 linitum,
619 2037 649 2090 at
671 2028 813 2109 spondeis
828 2027 1000 2110 proximum
1026 2026 1113 2089 illud:
1138 2045 1207 2089 nanr
1231 2026 1287 2098 his,
1311 2028 1422 2109 quibus
1439 2040 1472 2090 ut
1494 2009 1622 2110 pugiun-

298 2127 375 2192 culis
399 2132 442 2192 uti
459 2138 590 2212 oportet,
615 2129 746 2194 brevitas
764 2131 853 2193 laciet
875 2133 940 2212 ipsa
956 2129 1117 2192 liberiores
1140 2131 1243 2210 pedes.
1281 2148 1372 2213 saepe
1396 2135 1478 2194 enim
1494 2131 1623 2210 singulis

297 2231 442 2321 utendum
467 2242 527 2305 est,
549 2234 731 2314 plerumque
747 2233 837 2306 binis,
861 2243 893 2296 et
908 2235 1043 2315 utrisque
1067 2231 1137 2296 addi
1154 2231 1239 2314 pedis
1262 2252 1333 2314 pars
1349 2243 1456 2316 potest,
1481 2254 1541 2298 uon
1558 2236 1623 2297 iere

297 2338 394 2400 ternis
418 2335 559 2419 amplius.
597 2338 715 2401 incisim
739 2346 838 2400 autern
863 2347 893 2400 et
916 2335 1110 2400 membratim
1127 2347 1223 2400 tracta
1247 2339 1345 2400 oratio
1370 2340 1400 2400 iu
1424 2339 1502 2402 veris
1525 2339 1623 2401 cattsis

296 2437 459 2520 plurimum
484 2439 570 2512 valet,
595 2443 785 2523 maximeque
808 2443 845 2504 iis
868 2439 953 2512 locis,
978 2459 1047 2502 cum
1072 2451 1127 2502 aut
1146 2458 1254 2520 arguas
1277 2449 1328 2504 aut
1351 2439 1481 2513 relellas,
1510 2451 1543 2503 ut
1568 2460 1622 2504 nos

257 2543 327 2603 eoin
352 2543 531 2608 Corneliana
554 2543 686 2607 secunda
710 2546 739 2605 ‘o
761 2543 928 2615 callidos
951 2543 1140 2612 homines,
1165 2564 1182 2606 o
1206 2561 1281 2604 rem
1306 2547 1581 2625 excogitatam,
1604 2565 1622 2607 o
1707 2537 1709 2540 ’

295 2641 450 2725 ingenia
475 2647 926 2724 metuenda';·membratim
943 2647 1050 2718 edituo,
1068 2646 1138 2709 dein
1159 2649 1271 2708 caesim
1288 2646 1498 2718 ‘diximus’;
1516 2666 1622 2710 rursus

295 2749 487 2828 membratim
513 2753 650 2813 ‘testes
666 2751 753 2814 dare
777 2749 973 2814 volumus'.
1012 2759 1146 2814 extrema
1162 2752 1301 2831 sequitur
1317 2751 1548 2831 conprehensio,
1566 2751 1619 2814 sed

295 2871 330 2913 ex
355 2852 472 2915 duobus
496 2853 651 2926 membris,
675 2873 733 2936 qua
757 2872 817 2916 non
841 2862 938 2936 potest
962 2873 1027 2916 esse
1050 2853 1183 2922 brevior,
1206 2855 1348 2934 inueni,
1373 2872 1529 2934 quaeso,
1555 2873 1619 2918 no·

295 2963 410 3018 strum
436 2953 583 3018 lelellit
606 2959 659 3019 ita
683 2976 746 3018 vos
770 2976 855 3019 esse
876 2939 1093 3028 factur'osi'
1134 2975 1190 3018 nec
1215 2955 1307 3018 ullum
1325 2975 1419 3037 genus
1436 2958 1557 3020 clieettdi
1575 2966 1619 3019 est

256 3070 283 3112 2⁵
298 3067 350 3122 aut
366 3057 474 3121 melius
497 3067 548 3121 arrt
568 3059 685 3130 lortius,
705 3059 783 3123 binis
800 3069 850 3122 aut
867 3063 963 3122 ternis
980 3058 1074 3121 lenire
1090 3059 1201 3141 verbis,
1225 3078 1286 3123 non
1302 3077 1466 3142 numquam
1482 3059 1618 3140 singulis,

268 3175 273 3180 ·
295 3160 387 3242 paulo
403 3162 476 3225 alias
492 3162 639 3243 pluribus,
665 3165 745 3225 inter
761 3182 837 3245 quae
854 3164 942 3225 variis
967 3163 1109 3250 clausulis
1125 3181 1157 3224 se
1180 3165 1348 3243 interponit
1364 3183 1433 3226 raro
1456 3181 1618 3226 numerosa

295 3265 541 3347 conprehensio?
560 3263 572 3348 ll
1054 3267 1061 3272 ”

382 3367 464 3432 ldem
489 3367 594 3431 Cicero
618 3367 655 3432 de
679 3369 889 3452 Theophrasto
912 3372 956 3434 sic
986 3371 1074 3442 dicit,
1106 3371 1254 3452 ‘Namque
1278 3389 1334 3451 ego
1362 3370 1436 3433 illud
1465 3371 1619 3433 adsentior

364 3577 426 3627 at..
446 3575 497 3625 ιιιο
517 3574 572 3626 roeo
592 3574 647 3631 co.
666 3574 738 3626 orat.
758 3578 800 3636 so,
820 3579 875 3628 22³
968 3576 1002 3626 oe
1020 3577 1092 3627 roem
1111 3575 1199 3627 cicero
1219 3577 1273 3628 ce.
1293 3579 1325 3629 oe
1344 3565 1413 3630 otae.
1433 3577 1485 3629 111
1505 3581 1548 3642 ee,
1569 3581 1618 3630 res

364 3801 486 3852 ltardns
508 3803 569 3856 Ata.
641 3804 738 3854 dsunt
756 3801 799 3852 tito
818 3801 870 3852 tluo
891 3801 1012 3868 primes
1091 3745 1384 3853 bleibitlenlieurllumA
1466 3803 1541 3852 best
1556 3809 1618 3866 post

293 3887 495 3954 comprehensio
515 3905 563 3944 om.
584 3890 647 3944 Ata.
744 3888 865 3954 'lipsum
885 3899 902 3943 ς
966 3907 969 3912 ·
993 3885 1168 3938 Sederutrtur
1187 3913 1218 3924 —
1240 3891 1270 3938 11
1291 3887 1450 3936 membratim
1469 3903 1516 3940 om.
1537 3886 1571 3950 B,
1591 3889 1617 3937 in

291 3991 373 4042 murp.
392 3975 455 4026 odd.
475 3973 498 4026 b.
571 3973 680 4026 ell'erunt
697 3975 712 4026 b
732 3973 877 4030 oberrante
948 3968 1088 4040 9demua]
1109 3973 1384 4039 capacensem
1457 3975 1487 4023 ltl
1506 3967 1614 4040 egebas]
1663 3999 1667 4008 =

292 4062 391 4126 agebas
411 4061 436 4111 A
507 4061 591 4128 incise
609 4073 671 4111 sunt
683 4061 751 4128 dicte
770 4059 919 4124 quattuorb
992 4060 1020 4110 11
1042 4071 1069 4110 at
1088 4059 1248 4111 metnbmtim
1263 4059 1324 4110 adid.
1344 4069 1388 4108 aut
1401 4058 1560 4108 membratim
1575 4057 1616 4110 Ab

292 4149 357 4200 Aac.
376 4157 461 4197 autem
481 4147 640 4198 membratim
659 4147 724 4198 Veu.
798 4149 830 4198 ta
849 4145 875 4195 in
895 4144 985 4196 alienis
1005 4146 1125 4196 insanisti
1146 4145 1197 4194 AB
1217 4147 1278 4196 Aac.
1297 4144 1396 4194 alienas
1414 4144 1533 4193 insanisti
1550 4145 1616 4195 Veu.

292 4235 318 4284 in
331 4233 430 4283 alienos
444 4233 552 4283 insanus
566 4233 687 4283 insanisti
701 4234 759 4285 Atat
832 4234 865 4285 13
883 4231 1025 4298 largiores
1096 4233 1128 4283 15
1148 4230 1222 4282 linitio
1236 4243 1261 4281 at
1274 4230 1400 4297 spondeis
1415 4231 1440 4282 A
1459 4229 1558 4279 linitum
1573 4243 1618 4280 aut

292 4319 458 4388 spondeisB
481 4317 547 4399 V'ert.
561 4321 625 4371 altu
644 4317 909 4386 fluiturutspondeis
923 4319 987 4370 Ata.
1058 4332 1118 4368 tram
1135 4316 1176 4367 his
1191 4315 1261 4372 Aue
1280 4331 1338 4366 iram
1353 4317 1378 4366 iu
1398 4316 1478 4366 iiseae
1492 4313 1616 4368 Cicerone

294 4457 523 4525 Copperounerius
596 4456 821 4524 l'tparspedise
892 4459 924 4508 18
937 4455 1049 4506 ineisid
1114 4455 1297 4506 tractateAiri.
1364 4455 1395 4504 19
1407 4402 1614 4519 eubulrguesa

291 4611 350 4646 enm
370 4609 415 4648 aut
437 4543 583 4662 gffiblsbli
665 4596 696 4644 il
717 4593 810 4646 deinde
828 4593 923 4643 caesim
943 4593 1006 4645 Ata.
1026 4603 1051 4642 et
1070 4593 1170 4642 incisim
1194 4593 1260 4644 Ven.
1281 4593 1342 4645 Asc.
1417 4589 1616 4659 aequarique

292 4699 361 4737 corr.
382 4697 434 4746 qttn
455 4683 479 4734 A
499 4681 560 4744 quia
578 4678 604 4730 B
703 4695 779 4742 quem
799 4693 898 4742 quaeso
919 4691 1036 4730 nostrum
1055 4677 1144 4728 lelellit
1163 4693 1199 4728 ete
1219 4677 1342 4728 Cicerone
1362 4678 1423 4728 Ata.
1442 4693 1519 4740 quem
1539 4681 1614 4742 qtrasl

293 4743 410 4819 nostrum
433 4767 526 4818 relellit
550 4764 602 4816 AB
626 4779 701 4828 quem
725 4766 801 4827 quusi
826 4778 960 4814 numerum
984 4763 1074 4814 refellit
1096 4765 1161 4815 Ven.
1178 4765 1238 4818 dec.
1342 4763 1461 4814 attidem
1485 4765 1559 4827 (item
1576 4764 1615 4828 B)

292 4855 375 4904 cicero
403 4855 435 4905 de
462 4851 632 4919 theophrasto
663 4852 700 4902 sio
725 4850 786 4902 dicit
814 4848 867 4900 ΑΒ
897 4851 959 4901 Asc.
987 4850 1046 4900 item
1077 4851 1115 4901 sic
1143 4849 1206 4900 dicit
1239 4849 1305 4900 Veu.
1333 4847 1401 4899 idem
1429 4851 1468 4900 sic
1493 4849 1556 4900 dicit
1583 4851 1615 4901 de

292 4937 404 5006 Teophr.
422 4941 484 4991 Atat

1352 5019 1407 5074 at*
