3874 5556
774 405 823 454 Dr:
845 405 1017 456 snoems

265 503 290 542 p.
302 492 360 534 2³97.
373 491 400 532 98
414 492 439 534 Ρ.

419 597 495 650 osott
517 583 610 647 latina
632 585 675 647 sic
699 582 790 646 obesa
815 584 933 654 sordet,
959 604 973 647 a
998 584 1152 649 vocalibus

472 706 598 770 prorsus
622 697 654 751 ut
677 717 695 750 a
719 688 922 768 segregandas
945 689 989 749 sic
1013 697 1154 772 utrasque
1179 693 1357 762 existimem.

473 795 593 854 momen
617 804 629 853 1
653 792 733 871 quod
756 795 963 864 consonantis,
986 806 1010 854 o
1032 795 1128 856 ricem
1153 793 1246 856 sciam
1270 807 1364 876 gerat.

472 895 550 959 hanc
574 898 655 958 enim
678 915 768 959 sensu
790 914 845 977 per
869 904 966 958 artem
990 897 1099 958 tradito
1123 897 1324 962 dinoscimus:

472 999 554 1062 iliius
577 1002 806 1063 conversionem
831 1009 862 1062 et
884 1017 941 1060 vox
965 1010 995 1061 et
1017 1018 1106 1062 aures
1129 1011 1268 1082 arguunt.

418 1125 458 1167 cm
515 1103 596 1165 Haec
619 1106 680 1166 erit
702 1103 750 1165 lex
773 1103 820 1166 his
844 1102 975 1174 duabus,
1000 1119 1013 1166 1
1035 1113 1066 1166 et
1087 1118 1120 1176 tt,
1145 1123 1218 1187 quas
1242 1105 1355 1176 rettuli.

431 1261 433 1266 .
472 1205 617 1288 syllabam
643 1224 699 1288 per
721 1217 818 1268 semet
840 1208 923 1289 ipsae
947 1209 1068 1288 quando
1091 1209 1202 1270 nudam
1227 1209 1377 1291 copulant,

471 1329 642 1374 consonans
664 1329 720 1372 nec
746 1309 803 1371 ulie
829 1313 939 1372 iunctis
962 1309 1114 1392 quaelibet
1137 1315 1345 1393 praeponitur.

472 1431 541 1476 nam
564 1414 662 1477 media
686 1423 754 1495 post
776 1423 994 1476 consonantem
1017 1433 1086 1476 cum
1109 1415 1196 1478 datur
1218 1416 1331 1480 vocalis
1356 1431 1378 1488 r,

471 1531 494 1580 ti
518 1519 588 1581 dein
611 1521 636 1580 si
661 1527 881 1600 consequatur,
905 1517 1018 1600 spiiaba
1043 1536 1101 1580 una
1126 1538 1186 1582 non
1210 1523 1277 1590 erit,

420 1630 506 1686 aaut
528 1622 614 1703 pins
636 1640 706 1683 cnm
729 1621 815 1693 dico,
839 1623 922 1686 ciins
944 1625 1051 1686 ocius
1074 1623 1119 1684 rei
1142 1622 1301 1686 Caeiins.

515 1722 601 1788 Nuda
626 1724 830 1806 diphthongos
854 1727 933 1808 quod
957 1736 1026 1788 ante
1049 1724 1132 1788 inico
1155 1730 1307 1808 praemitti
1329 1729 1413 1802 sinit,

473 1827 570 1891 media
587 1846 680 1910 porro
703 1832 729 1890 si
751 1829 869 1892 locetur
891 1843 922 1900 U.
947 1831 979 1892 iit
1001 1848 1059 1892 tma
1083 1829 1205 1912 syllaba,

471 1951 543 1995 ecce
566 1950 689 1994 rursum
713 1934 885 2012 discrepare
908 1933 1023 1996 litteras
1047 1935 1118 1996 istas
1140 1935 1232 1998 rides.

472 2053 601 2116 namque
624 2039 684 2098 cui
706 2038 732 2098 si
755 2035 874 2116 qnando
897 2036 980 2108 dico,
1005 2055 1063 2099 non
1088 2039 1147 2100 erit
1169 2038 1352 2120 disyllabon:

419 2139 458 2203 crs
472 2159 528 2202 nec
551 2151 652 2202 tamen
677 2138 881 2220 diphthongos
904 2141 960 2203 ista
984 2151 1170 2204 consonante
1194 2142 1331 2225 praedita

470 2245 582 2326 poterit
604 2262 684 2313 esse,
709 2260 785 2322 qnae
809 2243 904 2305 videri
928 2263 987 2306 non
1010 2253 1125 2325 potest,
1149 2265 1216 2308 cum
1241 2237 1336 2308 libera
1360 2255 1414 2307 est.

470 2347 528 2409 iroc
552 2349 632 2409 enim
656 2348 752 2411 sotum
776 2347 972 2428 adsequetur,
996 2347 1076 2430 quod
1101 2349 1268 2428 digammos
1292 2367 1352 2410 non
1376 2353 1444 2421 erit,

471 2461 540 2514 ante
563 2458 648 2533 posta
673 2470 740 2514 cum
765 2453 804 2513 sit
826 2453 899 2532 ipsa,
924 2462 986 2514 tum
1011 2469 1140 2534 sequens
1164 2451 1273 2514 vocalis
1290 2467 1319 2516 1:

471 2574 539 2618 nam
564 2557 623 2618 nisi
646 2559 824 2634 insequatur
847 2553 947 2636 aliqua
970 2565 1189 2618 consonantum
1214 2555 1324 2627 littera,

419 2678 459 2720 cao
473 2662 532 2721 cui
557 2658 658 2721 brevis
681 2657 829 2729 manebit,
853 2669 944 2737 atque
968 2657 1056 2739 ionga
1079 2659 1130 2721 fiet
1154 2659 1292 2732 addita,

472 2765 534 2826 cui
557 2780 669 2842 super
692 2780 762 2824 non
787 2759 896 2841 digna
921 2761 996 2824 dixit
1018 2761 1155 2825 hiemis
1178 2772 1213 2824 et
1235 2761 1331 2825 solis
1355 2762 1466 2835 main,

471 2867 544 2929 dixit
566 2874 597 2928 et
618 2869 678 2928 cui
703 2875 741 2928 tu
766 2867 884 2928 iaros:
908 2883 962 2946 pes
985 2864 1055 2926 irino
1079 2865 1154 2927 mihi
1177 2867 1292 2946 primus
1310 2878 1362 2928 sat
1384 2877 1440 2930 est.

471 2972 514 3033 sic
538 2972 618 3032 enim
642 2969 688 3030 vei
711 2971 807 3051 prima
831 2967 920 3050 longa
943 2967 989 3030 vel
1012 2971 1096 3050 prior
1120 2969 1151 3030 iit
1173 2968 1299 3050 syllaba:

408 3100 410 3104 ¹
471 3074 605 3157 dactylus
629 3091 698 3135 nam
722 3075 781 3136 cui
805 3091 934 3153 super,
959 3075 1018 3134 cui
1042 3082 1079 3133 tu
1103 3091 1233 3154 sequens
1256 3073 1408 3154 spondens
1432 3083 1486 3145 est,

313 3245 317 3258 ,
420 3196 642 3242 carconsonans
664 3179 734 3258 quia
758 3185 827 3258 post
848 3187 949 3240 secuta
974 3185 1095 3258 tempus
1117 3176 1232 3240 adiuvit
1255 3177 1354 3239 breve.

470 3281 548 3344 hanc
573 3281 693 3348 brercm
718 3281 863 3344 sedante
888 3279 976 3342 nobis
999 3279 1216 3362 pervidendum
1241 3290 1287 3344 est
1309 3279 1452 3362 syllabam

469 3404 528 3448 una
552 3401 722 3448 consonans
744 3394 847 3447 secuta
870 3392 1017 3465 quatenns
1040 3382 1160 3464 tongam
1184 3395 1279 3446 creet:

470 3490 535 3569 ipsa
558 3507 627 3552 nam
651 3487 695 3548 vei
719 3506 821 3549 secum
846 3485 958 3549 babere
981 3498 1197 3550 consonantem
1222 3487 1334 3556 debuit.

471 3591 517 3654 vei
540 3592 667 3673 duarum
692 3600 760 3672 post
782 3597 962 3671 sequentum
984 3589 1134 3652 sublevari
1158 3601 1304 3672 tempore.
1388 3623 1389 3628 κ
1485 3631 1488 3636 -

421 3705 542 3758 osoante
565 3695 644 3777 qood
670 3694 755 3756 nobis
780 3695 897 3776 liquere
921 3712 980 3755 non
1004 3703 1117 3776 potest,
1142 3697 1167 3757 si
1190 3714 1250 3757 non
1277 3696 1369 3776 prius,

472 3816 642 3862 consonans
664 3817 741 3878 qnae
763 3801 860 3880 prima
884 3799 914 3858 in
938 3797 992 3858 ista
1016 3797 1126 3877 spiiaba
1152 3800 1210 3860 cui
1234 3797 1378 3860 scribitur

472 3917 492 3966 c
516 3903 610 3982 magis
632 3902 676 3963 vei
702 3917 724 3976 o
748 3903 845 3964 notari
869 3899 993 3971 debeat,
1017 3900 1199 3983 dispexerim

471 4008 591 4088 saepius
614 4008 684 4086 quia
707 4019 727 4066 c
751 4007 851 4068 locare
875 4004 1012 4086 piurimis
1035 4007 1094 4066 iam
1119 4006 1211 4067 moris
1234 4015 1296 4066 est:

471 4111 514 4172 sic
538 4111 618 4172 enim
642 4117 781 4171 constare
804 4111 932 4189 poterit,
957 4126 972 4168 e
996 4107 1112 4170 duabus
1135 4129 1211 4190 quae
1236 4111 1331 4190 magis

406 4229 554 4276 somnunc
577 4213 676 4306 iocum
700 4211 811 4275 vocalis
834 4210 957 4284 habeat,
981 4225 1005 4273 tr
1027 4215 1112 4292 prior
1135 4211 1179 4275 vei
1203 4227 1216 4274 1
1239 4231 1377 4296 sequens.

335 4531 384 4581 661
408 4532 464 4581 rinc
487 4530 580 4580 Iocone
599 4528 638 4580 ό11,
664 4531 693 4578 ut
716 4541 765 4593 ego
790 4525 968 4593 segregandas
994 4526 1114 4593 Micpdns
1137 4541 1163 4576 ut
1184 4528 1211 4586 ¹ni
1235 4525 1413 4592 segregandos
1437 4525 1581 4576 Lachman-

266 4632 313 4668 netr
382 4617 433 4667 662
451 4629 553 4666 momen
567 4615 748 4667 hartmannus
760 4611 858 4663 Nomen
874 4613 906 4662 ,tl
973 4614 1024 4664 670
1042 4613 1101 4665 dius
1121 4615 1194 4664 ocius
1213 4610 1342 4668 anives
1363 4611 1459 4662 omis
1475 4613 1505 4662 M
1522 4611 1581 4660 dios

267 4701 352 4752 ocium
375 4701 496 4769 Micyllus
566 4703 614 4752 671
637 4701 768 4767 praemitti
790 4700 943 4750 Petrecirrns
966 4701 1078 4765 permitti
1103 4701 1132 4750 M
1202 4701 1251 4750 677
1275 4700 1421 4764 digammos
1441 4697 1582 4748 Brissoear

265 4787 416 4852 digammon
435 4787 468 4838 M
519 4789 566 4838 681
591 4788 669 4853 Verp.
686 4803 776 4853 peorp.
796 4785 829 4836 II
849 4787 904 4836 373
922 4787 962 4835 cni
982 4801 1061 4852 super
1079 4787 1200 4852 indignas
1220 4787 1317 4836 iricrnes
1337 4785 1471 4847 sotemqne
1491 4799 1581 4851 poren-

268 4884 317 4921 trm
387 4875 438 4926 ost
460 4874 539 4940 Verp.
558 4890 646 4940 peorp.
671 4873 687 4923 I
705 4876 758 4924 did
777 4873 817 4922 cni
837 4885 863 4922 m
883 4872 946 4922 iocte
966 4872 1039 4923 ieros
1057 4886 1083 4924 et
1100 4875 1154 4923 miti
1174 4872 1243 4923 diine
1257 4871 1356 4939 Baccho
1427 4874 1581 4923 ostema-

267 4961 344 5025 gisne
362 4974 393 5008 nn
413 4975 428 5022 q
449 4961 530 5010 notari
549 4961 641 5010 ciebant
659 4961 767 5020 coniecit
787 4959 925 5010 Sonteainr
943 4961 980 5010 cd
996 4977 1018 5013 a.
1040 4963 1105 5011 10⁶2
1158 4991 1160 4994 -

319 5068 471 5100 susurrarret
484 5069 567 5101 nrm-r
581 5071 614 5102 vr.
1377 5048 1410 5096 ‘2³
