3850 5560
402 370 485 459 618'
597 464 602 470 ,
683 407 689 414 ·
849 389 1072 462 ratehausi
1093 413 1285 482 aosrausra
1394 403 1396 406 ’

401 585 446 647 ιιι
476 595 562 648 metr.
592 584 642 649 lat.
675 605 704 666 p.
734 583 786 650 25.
838 590 1015 667 gravissima
1045 599 1145 652 autem
1174 592 1238 650 elus
1265 590 1309 650 rei
1335 569 1512 666 argumenta
1543 597 1613 651 sunt
1640 587 1729 649 haec.

371 766 373 771 ,
403 684 535 768 primum
558 692 589 751 in
607 689 752 772 exemplis
768 699 934 754 metrorum
952 711 969 754 ιι
985 695 1182 772 grammatico
1198 691 1360 773 adscriptis
1378 689 1437 753 tluo
1453 707 1558 753 versus
1574 691 1728 771 leguntur,

400 790 513 872 quihus
528 792 632 855 luham
658 812 745 856 usum
770 813 836 855 esse
859 795 950 858 cartis
966 797 1150 858 testimoniis
1166 804 1292 866 constat,
1317 794 1393 864 altar
1410 793 1447 856 de
1464 793 1617 856 trochaico
1633 803 1726 858 tetra·

300 925 303 930 ,
399 903 498 956 metro
522 895 694 960 catalectico
722 899 848 978 positus,
879 901 980 976 qualis
1002 903 1111 977 aquito
1132 903 1195 962 citu
1217 899 1366 962 celeribus
1387 901 1480 960 auida
1501 900 1606 974 pinnis
1627 907 1728 959 truns-

399 1001 491 1074 votat‚
517 1000 593 1062 alter
610 998 1097 1082 dedactylicopenthemimerico
1121 1021 1190 1066 curn
1207 1003 1478 1084 proceleusmatico
1501 995 1612 1072 iuncto,
1637 1005 1727 1079 siqua
1837 1083 1839 1086 Ι

288 1076 322 1095 ”
398 1105 566 1178 flocello
553 1121 652 1180 cupas,
682 1105 726 1164 ito
749 1107 833 1179 iupa.
879 1107 1012 1196 priorem
1038 1107 1116 1169 enirn
1141 1125 1260 1168 rersunr
1285 1105 1401 1168 llallius
1423 1104 1612 1175 '‚l'heotlorus
1635 1125 1724 1186 quem

391 1203 494 1266 ‘multa
524 1223 584 1267 non
614 1205 766 1286 adscripto
790 1209 915 1271 nomine
938 1229 973 1270 ex
997 1207 1089 1271 lubae
1119 1207 1205 1272 libris
1231 1211 1374 1290 petivisse
1396 1226 1540 1296 suprap.
1564 1205 1628 1271 583
1651 1209 1722 1278 dixi.
1810 1272 1817 1278 ,
1865 1225 1869 1230 ·

400 1309 554 1372 nominato
584 1317 707 1372 auctore
731 1307 988 1392 posuitp.595,
1017 1309 1066 1374 13.
1112 1315 1262 1394 posterior
1291 1320 1392 1374 autem
1416 1330 1532 1382 versus
1568 1331 1655 1393 qtrenr
1685 1331 1744 1380 ex„

241 1495 244 1504 .
305 1453 310 1462 -
401 1409 527 1503 Faliscis
553 1411 739 1476 carminibus
768 1414 809 1476 ita
839 1415 985 1496 scriptum
1022 1413 1169 1477 exhihuit'
1188 1415 1390 1477 Terentianus
1421 1415 1545 1478 Maurus
1574 1434 1600 1476 r.
1629 1411 1722 1478 2001.

400 1517 524 1592 quaudo
535 1519 693 1595 rupetra·
681 1535 779 1595 supas,
805 1521 849 1580 ito
865 1520 948 1596 iupa,
975 1534 1042 1580 curn
1066 1516 1206 1579 hocloco
1231 1516 1351 1598 paulum
1369 1527 1503 1580 mumius
1526 1519 1574 1586 sit
1598 1517 1722 1582 candem

281 1682 292 1708 Δ.
400 1621 631 1682 mutationem
624 1639 653 1682 m
678 1622 829 1702 principio
854 1635 958 1682 versus
982 1599 1119 1682 adhibuit
1141 1620 1214 1682 luha
1238 1621 1318 1702 apud
1343 1621 1529 1683 Priscianum
1559 1619 1596 1682 de
1620 1622 1723 1682 metris

401 1719 525 1784 Terent.
549 1741 580 1804 p.
596 1721 674 1795 420,-
686 1719 730 1785 24
752 1741 828 1805 sqq..
855 1721 905 1784 ubi
928 1731 998 1804 post
1014 1722 1096 1786 illius
1119 1723 1352 1806 disputationem
1377 1723 1415 1786 de
1431 1723 1561 1787 iambico
1586 1727 1722 1786 trimetro

400 1823 543 1905 leguntur
572 1825 661 1897 haec
694 1829 772 1890 idem
802 1831 832 1888 iu
862 1832 1008 1890 octauo‘
1016 1831 1072 1905 qur·
1103 1844 1177 1912 erpo
1204 1825 1416 1902 confuderunt
1443 1837 1472 1889 et
1498 1827 1724 1916 multiformiter

398 1931 643 2006 couiupauerurrt
657 1931 715 1992 hoc
734 1947 998 2006 penus'ucrsuum
1021 1933 1210 1994 omnibusne
1232 1933 1305 1995 iocis
1325 1933 1543 2010 indifferenter
1564 1931 1724 1994 trochaeos

301 2037 305 2043 '
399 2039 453 2093 out
472 2050 533 2108 pro
554 2035 698 2110 spondeis
721 2041 776 2096 cut
794 2051 855 2110 pro
878 2035 1010 2114 dactylis
1028 2043 1217 2138 posuerunt,
1248 2042 1278 2096 et
1298 2043 1344 2096 est
1365 2035 1443 2098 hacc
1471 2053 1591 2113 quoquc
1618 2037 1722 2097 uitiosa

399 2133 552 2211 confusio,
584 2144 619 2196 ut
641 2129 739 2212 Siqua
766 2139 894 2213 ameria
923 2139 1056 2212 lupatis,
1087 2147 1161 2200 ante
1185 2147 1302 2216 putare
1323 2139 1427 2216 decet,
1459 2139 1505 2232 ιιι
1532 2141 1667 2201 resoluto
1694 2147 1724 2199 et

400 2239 495 2300 uidua
518 2227 606 2300 aduris
628 2247 658 2300 et
680 2243 765 2301 ornis
788 2243 868 2316 Apri
889 2241 1049 2302 discidium
1073 2241 1152 2302 dare
1170 2241 1268 2320 Vpsia
1291 2259 1368 2303 rura
1392 2245 1530 2319 pucaat’.
1570 2244 1628 2302 iarn
1652 2259 1721 2302 rero

343 2361 347 2368 ·
401 2339 593 2422 exemplum
598 2344 770 2404 tetrametri
791 2341 935 2404 trochaici
953 2341 1127 2411 catalectici
1152 2345 1231 2424 quod
1249 2342 1341 2406 luhae
1364 2344 1471 2407 tribuit
1494 2343 1610 2407 llallius
1625 2343 1720 2405 Theo-

402 2443 506 2515 dorus,
537 2444 625 2506 etlam
650 2442 728 2526 apud
752 2441 883 2507 hiarium
903 2445 1089 2508 Victorinum
1118 2465 1147 2526 p.
1173 2442 1224 2516 85,
1251 2445 1289 2509 11
1320 2447 1430 2526 legitur
1459 2457 1489 2509 et
1517 2447 1637 2528 praeter
1666 2447 1720 2510 hoc

400 2545 480 2608 alind
504 2545 674 2626 exemplum
700 2547 834 2610 eiusdem
859 2549 1027 2610 tetrametri
1043 2547 1197 2620 trochaici,
1223 2553 1284 2612 tute
1307 2553 1398 2628 quate
1413 2568 1485 2612 uere
1500 2553 1603 2629 prr'rua
1624 2553 1723 2611 sibilat

320 2635 326 2644 ’
399 2657 479 2712 teres
501 2651 610 2713 donea
625 2669 654 2731 p.
672 2647 723 2721 85,
744 2649 759 2713 1
785 2661 815 2712 et
832 2653 1003 2731 exemplum
1020 2656 1189 2714 tetrametri
1206 2653 1351 2715 trochaici
1368 2652 1618 2733 brachycatalecti
1634 2669 1720 2714 amna

399 2755 454 2830 qui
474 2756 560 2830 cupit
590 2755 719 2815 subinde
747 2755 958 2832 Martiumque
985 2765 1103 2830 terpum
1132 2775 1161 2835 p.
1185 2750 1241 2832 84,
1268 2752 1326 2826 24,
1356 2773 1433 2834 quae
1461 2757 1491 2818 iu
1522 2755 1629 2820 iisdem
1657 2775 1719 2817 rer·

287 2896 301 2914 .
400 2855 485 2917 sibus
509 2855 668 2918 Bobiensis
690 2859 904 2938 grammaticus
928 2861 1095 2938 usurpavit.
1141 2857 1215 2920 illud
1241 2867 1351 2928 autem,
1382 2859 1462 2940 quod
1487 2859 1524 2920 de
1547 2867 1718 2920 tetrametro

329 3021 330 3028 ¹
400 2957 553 3020 trochaico
575 2958 825 3040 hypercatalectus
848 2963 962 3041 posuit,
987 2963 1122 3042 quamvis
1149 2963 1179 3022 in
1195 2955 1308 3023 ''oodtce
1338 2972 1514 3042 corruptum
1543 2965 1598 3038 sit,
1622 2971 1716 3024 tamen

400 3060 500 3124 simile
523 3063 579 3125 luit
600 3065 629 3125 ei
654 3062 733 3143 quod
758 3063 836 3145 apud
860 3061 986 3126 hiarium
1012 3064 1199 3126 Victorinum
1224 3062 1334 3143 legitur
1357 3081 1384 3144 p.
1402 3064 1455 3135 62,
1481 3062 1520 3126 19
1544 3075 1574 3126 ιι
1599 3063 1669 3135 103,
1690 3061 1717 3134 9,

400 3175 472 3226 tunc
494 3175 524 3227 et
550 3171 668 3229 amoris
693 3183 781 3229 umor
803 3171 885 3229 uertit
912 3169 1066 3244 improbus
1094 3171 1193 3242 otiaer
1215 3169 1344 3246 Cupido.
1390 3167 1635 3250 undasequitur
1662 3185 1717 3227 non

254 3333 261 3341 ,
348 3311 374 3352 3
401 3266 499 3330 solum
522 3268 578 3330 hos
602 3254 716 3340 versus.
740 3288 816 3350 utros
840 3287 877 3330 ex
901 3269 1007 3331 eodem
1036 3271 1119 3331 l'oute
1141 3269 1200 3331 duo
1229 3271 1419 3350 grammatici
1448 3279 1639 3352 receperunt,
1667 3271 1716 3331 sed

296 3367 300 3372 ’
403 3372 492 3432 etiam
516 3370 666 3450 reliquom
695 3375 747 3452 qui
778 3373 808 3432 ln
833 3362 1002 3451 fragmento
1025 3370 1167 3458 Bohiensi
1194 3387 1250 3454 pro
1279 3373 1427 3456 exemplis
1457 3374 1602 3437 trochaici
1631 3384 1717 3436 tetra·

355 3533 359 3538 ,
401 3476 492 3538 mclri
515 3475 605 3555 positi
627 3484 707 3544 suut,
733 3475 880 3553 siquidem
904 3494 962 3537 nna
986 3477 1120 3537 omnium
1145 3479 1230 3556 erigo‘
1254 3483 1308 3548 cst}
1332 3477 1424 3540 lubae
1445 3477 1716 3572 tribuendosessa.

403 3585 432 3639 et
454 3580 596 3658 quoniam
621 3578 651 3638 in
675 3597 711 3640 eo
735 3595 822 3640 versu
847 3577 1049 3641 describendo
1072 3571 1184 3641 ilarius
1201 3581 1372 3642 Victorinus
1396 3583 1435 3642 ita
1459 3599 1527 3643 cum
1544 3580 1717 3666 hoc-gram·

287 3705 288 3708 ¹
402 3683 517 3743 matico
540 3682 700 3752 consentit,
725 3690 757 3743 ut
780 3682 926 3760 quaedam
950 3679 1038 3763 plane
1062 3683 1283 3745 iisdem-verbis
1302 3685 1411 3766 scripta
1436 3687 1507 3755 sint,
1531 3683 1580 3746 hic
1603 3703 1717 3766 quoque

402 3801 572 3847 consensus
595 3783 674 3846 haud
699 3783 789 3847 dubie
818 3803 854 3846 ex
874 3785 989 3860 ‘codem
1014 3785 1096 3848 lontc
1125 3787 1308 3866 repetendus
1339 3796 1391 3849 cst.
1430 3787 1549 3850 deinde
1577 3773 1657 3868 ‹puod
1683 3787 1717 3848 de

405 3887 544 3948 trimetro
576 3887 729 3949 trochaico
766 3890 911 3968 scriptum
927 3897 988 3948 -est
1016 3884 1147 3969 pum,
1175 3887 1214 3950 14
1241 3893 1324 3968 quod
1351 3891 1534 3969 acephalum
1563 3893 1717 3953 iambicum

343 4053 345 4058 s
402 3993 596 4068 appellatur,
623 3991 738 4052 etiamsi
762 3993 921 4070 proprium
944 3989 1035 4053 lubae
1065 4011 1125 4053 non
1156 3993 1220 4060 luit.
1250 3993 1302 4054 sed
1333 4011 1494 4056 commune
1523 3993 1716 4074 plurimorum

402 4102 616 4173 pracceptum,
647 4102 746 4157 tamen
771 4094 822 4156 illo
846 4105 969 4157 auctore
1000 4096 1134 4158 relertur
1156 4095 1186 4156 in
1212 4096 1382 4175 fragmento
1406 4095 1542 4160 Parisino
1565 4095 1602 4159 de
1625 4105 1716 4158 metro

328 4184 343 4224 ·’
403 4195 544 4260 iambico
573 4217 602 4278 p.
633 4183 712 4269 631,
742 4199 774 4270 1,
806 4201 988 4278 plerumque
1020 4201 1111 4261 etiam
1153 4199 1210 4262 aut
1241 4201 1408 4279 acephalos
1438 4199 1564 4274 faciunt
1603 4202 1715 4263 eosdem

369 4321 371 4327 ·
402 4303 518 4363 iambos
540 4311 595 4363 aut
616 4303 897 4382 hypercatalectus,
926 4319 1006 4380 quae
1033 4321 1083 4364 res
1105 4311 1232 4364 metrum
1260 4305 1331 4372 hoc,
1361 4305 1395 4364 id
1421 4315 1464 4366 cst
1486 4295 1657 4382 iambicum,
1686 4307 1714 4362 in

401 4405 592 4467 trochaicum
614 4414 776 4482 canumet
798 4423 918 4469 necesse
940 4415 994 4467 est.
1042 4405 1174 4484 denique
1201 4405 1238 4468 de
1267 4409 1350 4468 omni
1381 4405 1525 4470 trochaici
1554 4407 1641 4470 metri
1669 4423 1715 4467 ex·

404 4509 556 4590 positione
580 4525 714 4588 eaquae
739 4509 817 4591 apud
843 4507 961 4570 Atilium
986 4507 1232 4590 Fortunatianunr
1262 4530 1290 4592 p.
1314 4506 1388 4580 287,
1414 4508 1455 4572 16
1478 4530 1541 4593 sqq.
1571 4503 1715 4589 leguntur,

404 4594 541 4692 ipuamvis
565 4609 615 4674 illa
640 4611 734 4674 multo
757 4609 880 4674 brevius
902 4611 1120 4692 comprehensa
1150 4622 1179 4674 et
1209 4616 1236 4674 in
1261 4614 1471 4696 compendium
1502 4614 1622 4675 redacta
1651 4613 1715 4680 siut,

301 4697 309 4756 '-
404 4721 505 4776 tamen
530 4723 560 4776 et
582 4718 701 4778 ratione
724 4715 897 4796 disputandi
925 4726 954 4778 ιι
973 4715 1138 4796 adscriptis
1169 4737 1306 4780 uersuum
1331 4717 1476 4800 exemplis
1504 4719 1542 4778 ita
1572 4735 1639 4779 cum
1663 4715 1715 4776 Bo·

405 4814 502 4878 biensi
531 4821 728 4898 grammatico
758 4823 968 4890 consentiunt,
987 4830 1033 4892 ¹ut
1061 4813 1166 4883 eodeni
1197 4831 1319 4884 auctore
1348 4833 1508 4901 utrumque
1537 4837 1625 4881 usum
1654 4837 1716 4881 esse

404 4929 559 5000 appareat.
605 4923 635 4984 in
659 4921 805 5002 dactylico
829 4931 927 4984 autem
953 4933 1064 4993 metro,
1095 4922 1145 4983 uhi
1176 4927 1390 5002 grammaticus
1415 4921 1572 4986 llohiensis
1600 4939 1714 4984 versum
