3888 5550
757 1587 893 1655 LIBER
915 1586 1150 1657 SECVNDVS

378 1787 400 1846 Α
426 1782 525 1846 littera
549 1783 727 1861 terminatus
743 1786 947 1847 nominativus
969 1784 1132 1865 singularis
1155 1786 1215 1846 sive
1240 1803 1314 1864 pura
1337 1787 1400 1847 sive
1424 1783 1521 1866 aliqua
1546 1769 1617 1848 con·

291 1889 409 1948 sonanti
440 1887 615 1967 praciuncta
639 1889 759 1967 generis
789 1887 947 1950 masculini
972 1874 1016 1949 rel
1031 1889 1177 1974 ⁴feminini
1202 1896 1316 1950 tantum
1340 1888 1430 1952 modo
1452 1888 1614 1952 latinorum

291 1989 446 2050 nominum
471 1992 639 2068 reperitur,
664 1992 715 2071 qui
740 1991 913 2068 genetivum
937 2009 972 2052 ae
995 1990 1183 2072 diphthongo
1212 1993 1379 2054 terminans
1407 1990 1527 2054 docebit
1550 2009 1616 2063 nus,

250 2109 351 2172 ‘gquo
380 2091 471 2154 modo
503 2100 581 2163 totos
611 2076 700 2156 casus
732 2094 891 2174 utriusque
922 2095 1040 2186 numeri
1063 2093 1250 2157 declinemus
1278 2093 1446 2157 seeundum
1469 2097 1616 2157 rationem

291 2195 405 2275 primae
433 2193 659 2266 declinationis,
690 2204 779 2277 quarn
804 2189 893 2276 patrio
917 2207 986 2262 ante
1010 2200 1183 2260 monstrari.
1229 2198 1425 2260 inveniuntur
1452 2199 1543 2260 ctiam
1565 2216 1615 2279 ge·

290 2299 371 2361 neris
403 2299 501 2362 neutri
527 2302 647 2364 nomina
672 2320 687 2363 a
712 2299 812 2364 littera
836 2303 1014 2371 terminata,
1045 2301 1097 2363 sed
1123 2301 1293 2382 peregrina,
1318 2317 1395 2380 quae
1419 2299 1615 2364 declinabun-

291 2412 341 2462 tnr
367 2404 484 2466 ratione
519 2407 626 2466 tertiae
651 2404 877 2476 declinationis,
909 2423 1000 2486 qnae,
1023 2406 1066 2466 sic
1089 2406 1130 2466 nti
1155 2403 1258 2474 docui,
1290 2405 1429 2483 genetivo
1452 2404 1477 2466 is
1500 2401 1613 2486 syllaba

290 2507 486 2576 terminatur,
510 2519 543 2568 ut
566 2507 624 2570 hoc
640 2517 776 2570 toreuma
793 2507 885 2570 huius
902 2511 1093 2594 toreumatis,
1119 2506 1175 2568 hoc
1197 2506 1319 2568 schema
1342 2506 1512 2570 schematis.
1546 2527 1614 2572 nam

252 2608 368 2688 ,oquod
395 2608 515 2672 Plautus
540 2613 569 2672 in
594 2611 812 2693 Amphitryone
836 2614 949 2694 posuit,
980 2612 1035 2673 ‘in
1065 2608 1200 2672 servili
1229 2609 1402 2680 schema’,
1428 2629 1487 2674 non
1512 2615 1614 2674 nentri

289 2713 410 2788 generis
439 2711 671 2776 declinationem
702 2713 865 2786 subvertit,
895 2715 948 2777 sed
975 2731 1071 2794 genus¹
1095 2715 1236 2775 nominis.
1269 2713 1357 2776 haec
1388 2715 1468 2774 enirn
1492 2712 1614 2778 schema

266 2851 270 2855 -
289 2811 450 2876 declinarit
473 2814 510 2877 alr
534 2817 591 2880 hac
614 2817 752 2886 schema,
776 2819 853 2902 sicut
876 2819 950 2880 haec
974 2818 1093 2879 tortuna
1108 2815 1154 2878 ab
1179 2816 1235 2878 hac
1258 2817 1396 2886 fortuna,
1421 2819 1537 2896 primae
1562 2817 1614 2879 de·

289 2916 476 2990 clinationis,
501 2937 561 2982 non
585 2904 693 2983 tentiae
719 2921 774 2982 huo
798 2920 918 2983 schema
943 2939 1056 2999 genera
1079 2929 1200 2982 neutro:
1226 2935 1294 2980 narn
1319 2916 1356 2980 ab
1380 2917 1436 2980 hoc
1460 2919 1612 2983 schemate
1723 2975 1725 2979 ,

290 3022 454 3099 posuisset:
479 3041 501 3083 a
519 3026 598 3085 enim
622 3027 780 3086 terminata
805 3026 924 3088 nomina
941 3027 1065 3102 generis
1088 3023 1188 3084 neutri
1211 3022 1303 3084 solius
1326 3021 1460 3083 latinitas
1484 3040 1543 3084 non
1561 3024 1613 3085 ha·

241 3159 275 3202 ,15
290 3118 341 3183 bet
355 3133 478 3202 praeter
494 3123 550 3186 hoc
566 3126 670 3193 Turia,
687 3129 798 3190 numen
814 3129 949 3190 llnminis
965 3129 1076 3190 lectum
1094 3129 1125 3188 in
1142 3123 1293 3200 Sallustio,
1311 3133 1341 3186 et
1357 3125 1447 3186 trium
1465 3143 1612 3204 generum

289 3222 339 3287 hic
356 3235 386 3288 at
402 3224 476 3290 haee
493 3235 522 3291 et
539 3229 596 3291 hoc
614 3247 714 3296 terna,
759 3233 937 3311 pronomina
957 3250 1026 3293 nero
1050 3251 1066 3294 a
1090 3228 1188 3291 littera
1206 3228 1363 3319 terminata
1381 3227 1476 3289 solius
1491 3233 1614 3308 generis

291 3327 428 3392 seminini
458 3334 651 3414 reperiuntur
679 3351 715 3394 us
737 3338 876 3414 genetivo
900 3336 1043 3398 facientia
1067 3332 1112 3394 vei
1135 3350 1170 3394 ae
1191 3331 1399 3413 diphthongo,
1421 3339 1454 3390 ut
1477 3333 1541 3411 ipso
1565 3333 1613 3413 ip·

288 3432 359 3505 sius,
384 3436 440 3496 ista
464 3435 565 3510 istius,
590 3456 655 3498 mea
672 3456 773 3510 meae,
797 3448 847 3500 tua
866 3449 942 3508 tuae,
967 3457 1020 3500 sua
1044 3455 1124 3499 suae.
1170 3435 1362 3515 participium
1386 3436 1612 3498 aterminatum

290 3540 411 3612 generis
441 3547 555 3603 tanturn
585 3541 675 3603 modo
703 3542 762 3603 erit
790 3543 986 3606 femininis
1014 3559 1048 3602 ae
1071 3527 1261 3620 diphthongo
1290 3537 1380 3598 iaciet
1402 3539 1550 3615 genetivo,
1582 3523 1614 3598 ut

248 3677 275 3718 ,0
290 3637 363 3700 haec
387 3640 474 3704 docta
499 3643 588 3706 huius
610 3645 725 3710 doctae.
805 3701 807 3705 ,

376 3743 519 3808 illittera
544 3745 658 3810 nullum
683 3767 792 3810 nomen
817 3748 940 3832 repperi
963 3749 1173 3815 terminatum
1202 3745 1261 3826 qui,
1277 3744 1442 3814 inuenerit,
1468 3753 1497 3805 et
1519 3742 1612 3806 decli·

290 3849 443 3911 nationem
466 3841 671 3920 demonstrat
696 3869 754 3914 nec
780 3869 948 3933 pronomen
974 3869 1030 3914 nec
1052 3849 1254 3931 participium.

376 3950 398 4013 G
420 3951 519 4016 littera
536 3972 628 4016 unum
646 3973 756 4017 nomen
774 3957 896 4038 repperi
919 3957 1113 4018 terminatum
1130 3953 1253 4032 generis
1276 3952 1378 4013 neutri
1401 3948 1610 4013 declinationis

290 4055 395 4118 tertiae
419 4057 444 4118 is
460 4055 574 4128 iaciens
589 4061 746 4136 genetivo,
772 4059 828 4122 hoo
844 4059 891 4122 lac
907 4059 996 4121 huius
1019 4057 1115 4120 lactis.
1161 4055 1284 4118 Plautus
1300 4054 1359 4116 hoc
1374 4053 1451 4116 lacte
1474 4052 1480 4136 Ι
1499 4057 1610 4134 posuit,

359 4264 436 4316 Proh.
455 4265 548 4328 cathol,
569 4267 593 4326 6,
614 4268 717 4316 25-77
788 4267 819 4316 ta
838 4266 916 4317 Turia
935 4291 969 4303 -
987 4281 1066 4316 verne
1084 4281 1110 4330 p.
1130 4267 1189 4324 ⁴80,
1209 4267 1224 4314 6

290 4369 492 4379 Q—-nn

147 4448 157 4455 .
357 4405 546 4454 ieonsouanti
566 4402 780 4454 iunctaPrudua.
812 4404 930 4467 sortasse
948 4404 1103 4454 consonanti
1128 4401 1279 4468 praeposita
1298 4410 1323 4449 et
1340 4400 1426 4448 iuncta
1497 4396 1610 4462 lipardo

195 4504 200 4510 ·
289 4499 348 4538 ante
370 4485 527 4557 monstrari]
552 4491 589 4553 cf.
608 4487 689 4541 Proh.
706 4507 734 4556 p.
755 4492 780 4548 ³,
800 4492 824 4539 6.
845 4493 909 4555 ⁴,c
977 4491 1055 4542 8sic
1078 4481 1223 4553 utidocui]
1247 4484 1611 4549 efiProd.p.3‚19.o',i

322 4577 338 4626 9
356 4577 526 4626 terminantur
545 4573 570 4624 B
582 4577 719 4624 terminato
738 4577 825 4626 coclear
843 4575 925 4626 Prodi
938 4591 967 4641 p.
981 4580 1005 4634 0,
1021 4577 1055 4626 at
1136 4575 1168 4623 10
1187 4573 1212 4622 in
1231 4570 1402 4636 amphtrgone
1421 4567 1464 4620 B.-
1481 4570 1550 4634 prot.
1560 4570 1612 4618 117

322 4663 354 4712 12
372 4661 511 4714 declinabit
529 4661 554 4712 B
599 4677 603 4680 ·
643 4663 675 4713 tt
693 4655 779 4712 thu'ria
797 4677 811 4711 o
830 4660 890 4724 Β(.)
962 4662 989 4710 iu
1008 4654 1144 4726 sallustio]
1171 4660 1196 4708 in
1221 4655 1338 4707 secunde
1361 4654 1471 4706 historio
1490 4651 1607 4704 Sallustii

238 4747 241 4752 '
288 4743 389 4801 Probus
458 4751 492 4802 23
510 4749 609 4800 nullum
626 4765 697 4802 corr.
717 4764 796 4801 unum
849 4746 875 4797 B
