3904 5556
822 293 1027 387 erraneum
1111 297 1118 304 ¹
1427 314 1431 319 ’
1494 335 1588 390 xxtu

174 543 176 550 v
258 511 409 592 adscripta
437 521 497 584 est,
530 522 564 575 ιιι
593 533 627 576 ea
658 532 735 596 qnae
761 532 777 575 a
800 515 998 594 grammatico
1020 515 1131 592 scripta
1161 521 1248 575 erant
1272 512 1417 595 exenrplis
1440 514 1586 596 adpositis

87 659 89 669 ·
177 677 179 680 ,
259 617 485 680 illustrarentur
515 616 560 680 rel
589 626 786 697 erigerentur,
817 635 851 678 ea
880 635 957 698 quae
983 617 1040 678 lruc
1064 617 1258 704 pertinebant
1285 637 1301 680 a
1325 617 1441 698 reliqua
1466 618 1588 682 adnota-

258 704 342 782 tione
370 730 509 801 separata
542 739 597 802 per
626 739 660 784 se
690 721 784 800 posui.
837 721 902 780 eius
930 722 1055 799 generis
1088 719 1292 783 additamenta
1325 730 1423 782 autern
1454 740 1521 783 oum
1556 724 1586 786 in

170 809 174 852 ‘¹
259 823 327 886 aliis
350 824 406 886 cod
422 823 505 886 cibus
521 828 553 887 in
569 824 706 887 ordinem
724 822 885 884 uerborum
904 825 1124 903 reciperentur,
1149 843 1256 903 magna
1277 833 1341 887 orta
1359 835 1403 886 est
1418 827 1588 905 scripturae

167 966 172 1020 ,³
261 927 431 990 diversitas.
487 927 540 990 sed
576 927 653 988 lianc
687 923 827 1006 pluribus
865 927 954 986 etiam
998 925 1156 988 codicibus
1196 913 1339 989 adhibitis
1376 938 1445 989 ante
1485 928 1588 990 oculos

164 1027 180 1100 ζ’
259 1049 374 1112 ponere
403 1032 512 1092 inutile
541 1039 622 1100 erat,
652 1031 682 1090 in
712 1028 770 1090 hoc
800 1031 980 1110 praesertim
1010 1027 1104 1098 libro,
1135 1031 1185 1109 qoi
1211 1038 1292 1092 totns
1316 1033 1346 1092 in
1371 1030 1515 1092 vilissimo
1539 1049 1587 1094 ar·

258 1144 403 1213 guarcino
426 1145 560 1196 vomatur
584 1143 614 1195 et
637 1149 732 1214 panca
756 1133 900 1200 continet,
925 1149 1001 1214 quae
1026 1134 1141 1194 maiore
1165 1150 1236 1194 cura
1261 1134 1350 1212 digna
1374 1136 1443 1197 sint.

129 1219 132 1228 ¹
337 1222 431 1318 'Apud
455 1239 670 1317 gramroaticos
694 1237 802 1298 bornus
826 1233 974 1297 librorum
999 1237 1145 1297 naamanin
1163 1255 1221 1297 rron
1240 1243 1322 1298 extat
1338 1247 1407 1299 ante
1423 1239 1585 1306 Audacem,

259 1343 311 1423 qui
335 1351 420 1402 sexto
443 1342 507 1402 lere
530 1339 661 1409 saeculo,
687 1350 720 1402 ut
744 1337 869 1407 uidetur,
895 1337 971 1400 dnos
994 1342 1227 1401 conrmentarias
1249 1341 1286 1402 de
1311 1351 1374 1402 arte
1390 1343 1584 1420 grammatica

229 1458 289 1515 ,et
317 1439 355 1507 de
382 1447 491 1506 metris
520 1445 551 1504 in
581 1461 671 1505 sittim
702 1441 832 1514 librum,
863 1444 909 1502 cui
942 1442 1062 1504 titulum
1092 1443 1163 1503 iecit
1194 1445 1233 1504 de
1255 1443 1372 1506 Scauri
1397 1453 1426 1506 et
1448 1445 1588 1506 Palladii

257 1550 345 1610 libris
376 1531 539 1625 excerpta
555 1565 617 1624 per
645 1547 916 1622 iraterroqatlouem
945 1555 975 1608 et
1006 1550 1248 1624 responsionem,
1277 1547 1401 1628 recepit.
1457 1547 1586 1609 Andanis

130 1649 134 1661 '
258 1652 336 1712 libro
359 1652 469 1712 deiude
493 1659 523 1712 ct
538 1650 620 1712 Beda
645 1660 674 1712 et
691 1650 822 1712 lulianus
838 1649 1003 1712 'inienuus
1021 1654 1064 1712 usi
1089 1659 1168 1721 sunt,
1193 1668 1320 1731 quorum
1344 1661 1469 1729 uterque
1494 1652 1598 1712 etiant'

207 1769 211 1776 ·
260 1756 513 1816 cominentarinm
552 1752 590 1815 de
629 1752 771 1816 finalibus
810 1751 932 1834 syllabis
967 1771 1028 1813 uon
1070 1753 1225 1815 nominata
1260 1763 1384 1815 atrctore
1418 1755 1582 1834 usurpavit

260 1857 341 1919 lleda
364 1866 464 1919 autem
489 1857 639 1918 demetr.
665 1877 695 1937 p.
718 1851 802 1917 2371
827 1853 965 1916 libellum
995 1856 1032 1917 de
1056 1859 1173 1918 ratione
1204 1867 1368 1918 metrorum
1393 1873 1421 1933 p.
1445 1851 1518 1922 218,
1542 1851 1585 1918 23

257 1961 431 2040 significans
454 1977 563 2022 nomen
586 1960 732 2020 Victorini
757 1961 867 2038 posuit,
890 1963 958 2036 puis
980 1961 1058 2020 enim
1083 1962 1193 2022 audiat
1219 1961 1405 2022 Victorinum
1429 1960 1585 2021 dacerrlem

258 2072 290 2126 ut
315 2064 503 2126 scandamus
536 2065 619 2124 ‘ente
646 2063 783 2138 cariua',
810 2061 966 2135 facientes
993 2063 1188 2140 synalepham
1218 2066 1248 2125 in
1276 2065 1379 2125 media
1396 2071 1492 2140 parte
1514 2080 1584 2125 orii·

257 2163 371 2230 tionis?
393 2169 476 2244 qnod
496 2181 662 2241 numquam
681 2165 789 2240 secere
807 2167 940 2242 priores.
948 2166 977 2242 *ι

344 2270 406 2332 lam
434 2287 543 2331 nomen
567 2269 690 2331 Maximi
712 2267 758 2330 tel
782 2269 938 2332 Maximini
962 2271 1106 2332 Victorini
1130 2271 1240 2352 (oeque
1269 2272 1349 2332 enim
1378 2278 1496 2332 constat
1519 2281 1584 2332 utra
1670 2349 1677 2360 ‘

257 2375 354 2436 forma
383 2375 515 2454 genitias
544 2372 592 2451 sit)
624 2373 676 2434 oni
706 2371 783 2433 libro
812 2372 850 2433 de
879 2373 997 2434 ratione
1027 2383 1192 2436 metrorum
1223 2375 1403 2454 inscriptum
1433 2375 1585 2436 inuenitur

230 2461 289 2562 'ln
312 2477 479 2552 codicibus,
509 2493 608 2556 neque
638 2474 799 2557 quidquam
829 2483 988 2555 praeterea
1020 2475 1057 2536 de
1086 2475 1138 2538 illo
1163 2477 1325 2540 memoriae
1350 2477 1504 2559 proditum
1528 2484 1583 2539 est.

256 2599 326 2642 riam
351 2583 381 2642 in
406 2578 532 2661 reliquis
554 2578 640 2640 libris
663 2596 775 2640 nomen
799 2575 1004 2658 grammatici,
1033 2579 1083 2640 cui
1106 2575 1177 2641 olim
1202 2579 1306 2642 tributi
1337 2589 1424 2653 sunt,
1453 2598 1470 2641 a
1499 2579 1584 2643 libris

256 2701 349 2746 maun
377 2683 499 2764 scriptis
527 2685 737 2744 auctoritatem
768 2700 829 2742 nou
857 2681 958 2764 habet.
1004 2680 1056 2742 sed
1086 2701 1121 2743 ex
1151 2681 1199 2744 bis
1227 2684 1358 2765 primum
1393 2680 1514 2746 libellus
1546 2681 1583 2744 de

257 2785 402 2849 finalibus
430 2783 554 2867 syllabis
583 2784 641 2846 hoc
670 2765 799 2846 nomine
821 2783 920 2846 editus
950 2793 996 2845 est
1024 2803 1039 2846 a
1071 2784 1142 2846 lano
1166 2785 1335 2850 Parrhasio.
1383 2789 1528 2868 quicum
1553 2789 1583 2849 in
1677 2843 1679 2850 ,

256 2889 412 2953 codicibus
436 2888 549 2950 librum
573 2887 610 2950 de
635 2889 751 2950 ratione
775 2897 939 2964 metrorum
965 2890 1005 2952 ita
1029 2889 1208 2971 inscription
1233 2891 1411 2962 inuenisset,
1435 2909 1584 2954 cominen-
1630 2921 1633 2926 ·

257 2997 372 3056 tarium
401 2994 536 3055 allacimi
570 2991 720 3054 Victorini
744 2993 783 3053 de
811 2995 932 3052 ratione
960 3001 1124 3053 raeti-oram
1154 2995 1255 3072 priato
1284 2996 1323 3055 tie
1349 2998 1459 3057 litteris
1487 3006 1516 3057 et
1545 2995 1584 3056 (Ie

254 3097 394 3176 syllabis,
425 3105 456 3158 et
484 3097 513 3158 ei
540 3093 708 3157 subiectum
732 3094 813 3156 lione
837 3096 875 3156 de
893 3097 1039 3169 finalibus
1062 3098 1218 3174 dietrami,
1246 3093 1359 3176 prioris
1382 3096 1451 3160 libri
1474 3101 1584 3160 inscri-

255 3202 392 3281 ptionem
421 3202 462 3263 ita
487 3203 705 3281 interpretatus
728 3207 782 3268 est,
808 3207 839 3258 nt
856 3201 1056 3276 posteriorem
1075 3218 1195 3281 quoque
1210 3199 1322 3262 librum
1339 3201 1438 3264 eidem
1455 3203 1583 3280 auctori,

255 3307 310 3386 qui
335 3306 470 3382 priorem
494 3304 676 3384 scripsisset,
702 3301 851 3364 tribueret
874 3303 962 3380 eique
986 3301 1106 3364 titulum
1134 3305 1248 3365 laceret
1273 3305 1408 3366 illaximi
1435 3307 1586 3368 Victorini

255 3411 512 3470 commentarium
538 3407 706 3469 secandum
734 3405 772 3465 de
795 3405 940 3477 finalibus
968 3407 1148 3470 Metrorum.
1201 3415 1230 3468 et
1258 3416 1342 3468 recte
1376 3407 1498 3488 quidem
1527 3425 1582 3488 pro
1671 3407 1673 3412 ’

256 3513 379 3574 nomine
411 3511 558 3578 bletrorii,
593 3509 674 3590 quod
708 3527 762 3590 per
795 3527 829 3569 se
862 3527 922 3569 nou
959 3511 1058 3571 inicius
1088 3519 1262 3590 suspectum
1291 3520 1352 3580 est,
1385 3529 1474 3593 quam
1507 3528 1602 3572 rann

254 3623 426 3676 commenta
455 3613 494 3674 de
522 3629 635 3690 genere
664 3613 867 3691 grammatici,
903 3629 979 3691 quae
1013 3614 1043 3672 in
1073 3611 1258 3693 Frisingensi
1292 3599 1398 3676 codiee
1432 3613 1581 3695 adscripta

253 3728 336 3788 sunt,
359 3717 493 3780 restitnit
516 3718 556 3777 de
574 3718 720 3790 finalibus
742 3723 918 3778 metrorum.
965 3715 1016 3777 sed
1042 3727 1074 3778 nt
1098 3717 1218 3778 llarimi
1243 3717 1388 3780 Victorini
1411 3736 1519 3780 nomeu
1545 3717 1580 3778 ad

253 3821 354 3884 solnm
377 3823 511 3904 priorem
535 3818 647 3882 librnru
670 3821 814 3899 pertinet,
838 3821 878 3880 ita
901 3819 959 3880 illis
983 3839 1059 3900 quae
1083 3821 1182 3883 addita
1198 3829 1278 3892 sunt,
1300 3825 1403 3898 primo
1419 3821 1457 3882 de
1472 3823 1582 3883 litteris

252 3933 285 3986 et
309 3926 348 3986 de
369 3925 515 4005 syllabis,
546 3923 730 4004 primasius
759 3922 831 3983 libri
860 3940 945 4004 pars,
976 3933 1122 4004 quaeest
1150 3924 1186 3988 de
1211 3921 1319 3986 litteris
1343 3923 1528 4006 liquentibus
1552 3933 1582 3986 et

324 4163 355 4233 ²⁸)
378 4163 492 4232 Saepius
517 4167 535 4216 ii
558 4165 603 4228 qui
629 4177 699 4214 nono
723 4174 748 4212 ct
770 4162 871 4214 decimo
896 4163 1000 4214 saeculo
1029 4165 1061 4214 de
1083 4176 1137 4214 arte
1162 4169 1331 4232 grammatica
1355 4168 1517 4232 scripserunt
1540 4167 1580 4218 liis

252 4251 326 4302 libris
347 4254 387 4302 nsi
406 4263 476 4320 sont,
496 4265 607 4315 qnorum
627 4249 776 4300 testimonis
790 4249 815 4298 iu
829 4261 928 4311 quaest.
949 4264 1058 4315 gramm.
1079 4263 1145 4316 pam.
1166 4251 1186 4301 ll
1205 4253 1237 4302 de
1250 4251 1495 4303 blaximiVietoriui
1509 4252 1580 4304 libris

251 4340 286 4390 de
309 4351 364 4389 arte
386 4339 559 4404 grammatice
577 4338 622 4400 qni
641 4335 757 4386 feriamur
776 4333 860 4396 tllolis
878 4349 903 4384 a.
924 4335 1002 4400 1871)
1021 4351 1046 4402 p.
1069 4335 1102 4386 Vl
1123 4337 1237 4394 exitibui,
1274 4339 1320 4389 sed
1344 4337 1379 4388 illi
1398 4339 1509 4405 plurima
1528 4353 1580 4389 nou

252 4425 394 4476 nominatis
417 4423 568 4474 auctoribus
592 4423 618 4472 in
642 4436 706 4473 suos
730 4420 810 4472 libros
835 4420 1029 4476 transtulerunt.
1070 4423 1156 4486 siquid
1185 4437 1273 4476 antem
1301 4425 1439 4490 utlscriptis
1466 4435 1579 4474 asteriam

251 4509 483 4579 granimasticorum
511 4509 660 4559 nominibus
689 4520 803 4575 ponunt,
837 4507 864 4556 in
891 4507 978 4558 libello
1005 4507 1038 4558 de
1065 4519 1120 4559 arte
1146 4512 1315 4576 grammatica
1342 4511 1447 4560 nomine
1474 4522 1580 4561 ιιιιιιιιιιι·

251 4597 395 4660 Victorini3
419 4598 635 4648 commentarium
659 4594 691 4645 de
715 4595 802 4645 nastris
828 4593 974 4644 Palaemoni
1000 4595 1127 4658 tribuunt,
1151 4597 1222 4660 quod
1245 4598 1332 4664 ipsum
1356 4611 1448 4646 nonien
1473 4609 1498 4646 et
1521 4597 1580 4647 huic

249 4683 317 4734 libro
336 4685 362 4734 in
381 4683 503 4733 Parisino
522 4681 612 4731 codice
630 4693 654 4731 et
673 4682 802 4746 excerptis
821 4681 854 4730 de
871 4696 925 4730 arte
944 4681 1112 4746 grammatico
1131 4685 1155 4732 in
1177 4681 1301 4731 Bubiensi
1320 4684 1508 4748 praescriptum
1527 4697 1578 4744 est;

250 4786 310 4819 etrru
329 4763 374 4834 quii
393 4769 609 4821 commentarium
628 4769 661 4817 de
683 4769 782 4817 tutione
796 4779 940 4816 metrorum
959 4767 1169 4830 frequentissime
1187 4767 1289 4818 abillis
1309 4779 1462 4834 usurpatum
1476 4769 1581 4836 scripsit

251 4869 349 4908 ιιιιιιιιιο
368 4857 477 4925 peuliuu
498 4863 584 4905 reterc
603 4855 707 4904 nomine
726 4867 875 4904 corrsinnier
894 4853 1079 4904 linximisuuur
1098 4855 1238 4922 appellant.
