3866 5562
343 348 361 406 ,1
531 319 536 330 ’
592 415 596 420 ,
643 363 746 414 rranrr
770 362 892 414 rcorn
916 347 969 436 [ιι.
993 333 1156 434 ocarnn]
1181 363 1402 420 saocnoorrs

350 451 499 502 mmmm

334 540 431 618 oum,
461 537 556 600 audeo
585 555 676 602 ausus
699 541 793 620 sunr];
825 549 876 603 aut
899 540 969 614 dni,
994 550 1027 604 ut
1049 540 1156 606 studeo
1180 541 1296 615 studui,
1320 543 1434 606 strideo
1457 545 1575 608 stridori.
1622 546 1674 608 sed

350 644 415 705 vide
439 660 476 704 ne
500 645 594 728 magis
617 641 778 706 dicendum
803 645 842 706 sit
865 644 961 706 strido
985 643 1101 708 stridis:
1134 642 1282 725 Vergilius
1301 643 1500 722 {stridunt
1522 645 1673 722 stirae’‚
1766 637 1772 644 ⁸

350 764 408 808 non
440 742 581 809 strident.
614 765 644 809 e
672 753 742 806 ante
772 763 807 807 eo
838 747 933 827 posita
963 750 1083 810 tertiam
1114 747 1357 828 coniugationem
1381 749 1559 831 productam
1583 753 1673 832 regit,

348 859 467 932 tempus
497 849 664 931 perlectum
694 849 733 909 trt
768 849 859 912 laeiet
887 833 932 912 rel
957 851 993 921 li,
1025 861 1058 913 ut
1085 859 1193 914 anteco
1222 853 1330 914 anteiri
1355 852 1399 915 rel
1423 845 1530 925 anicii,
1562 873 1674 935 praeeo

248 944 252 948 ’
349 951 463 1034 praeiri
486 955 533 1015 oei
554 953 658 1034 praeit.
705 950 730 1012 l:
760 949 838 1014 bane
868 952 1000 1015 litteram
1030 964 1100 1016 ante
1123 972 1159 1017 eo
1184 953 1299 1018 liabens
1322 955 1437 1019 nullum
1461 959 1582 1040 repperi
1607 973 1700 1020 rer-⁵

349 1055 430 1118 bunt.
476 1071 496 1132 tr
524 1055 655 1118 litteram
685 1062 754 1117 ante
784 1073 820 1117 eo
844 1053 959 1118 habens
983 1055 1108 1120 terbum
1132 1057 1294 1120 secundam
1319 1061 1396 1140 regit
1418 1062 1670 1142 coniugationenr.

348 1168 469 1240 tempos
487 1177 556 1221 vero
573 1155 741 1240 perlectum
765 1157 854 1220 modo
876 1155 986 1238 tripiici
1010 1158 1201 1221 terminabit:
1226 1176 1295 1221 nam
1312 1169 1365 1224 ont
1385 1162 1414 1224 xi
1437 1163 1529 1226 saciet
1551 1172 1601 1227 aut
1623 1166 1673 1243 gni

348 1271 399 1326 ant
421 1265 463 1334 si,
494 1271 527 1325 ut
550 1262 638 1341 lugeo
666 1261 745 1333 luxi,
776 1277 851 1341 egeo
879 1261 963 1341 egui,
993 1270 1099 1341 tergeo
1127 1263 1211 1324 tersi.
1259 1260 1388 1326 dicimus
1417 1272 1446 1326 et
1470 1272 1556 1346 tergo
1579 1267 1673 1346 tergis

347 1368 438 1429 tertia
463 1374 616 1446 correpta:
640 1365 769 1445 legimns
785 1372 815 1426 et
839 1363 1003 1443 ‘spicula
1027 1362 1154 1427 lnoirla
1179 1368 1361 1445 tergent’,
1387 1367 1465 1449 quod
1484 1371 1595 1431 renita
1612 1377 1673 1430 ter-

348 1486 405 1550 geo
428 1477 543 1546 tereos,
570 1479 600 1530 et
623 1475 779 1548 tergunt
802 1465 839 1528 ab
857 1467 988 1548 eoquod
1013 1475 1061 1530 est
1083 1477 1170 1548 tergo
1194 1470 1304 1550 tergis:
1330 1473 1416 1554 ‘qua
1440 1488 1585 1534 mensae
1609 1469 1670 1533 tle·
1687 1489 1712 1527 m

348 1577 508 1652 tergeo’.
553 1569 663 1633 lrilr:
692 1571 740 1634 his
772 1568 879 1634 litteris
912 1579 982 1633 ante
1011 1589 1048 1633 eo
1077 1572 1181 1654 positis
1210 1569 1337 1633 terbum
1366 1574 1430 1654 regi
1462 1591 1522 1636 non
1558 1575 1668 1636 inveni.

348 1674 357 1736 l
381 1683 451 1738 ante
475 1693 510 1736 eo
525 1677 620 1755 posita
637 1674 798 1738 secundam
823 1673 902 1753 regit
916 1675 1176 1754 coniugationem,
1200 1675 1301 1757 specle
1326 1678 1461 1757 perlecta
1484 1677 1527 1741 lui
1550 1677 1671 1741 velleri

343 1778 483 1854 faciens,
513 1783 547 1839 ut
572 1775 655 1840 caleo
684 1776 778 1848 calui,
807 1773 894 1838 deleo
917 1775 1029 1846 delevi,
1059 1776 1186 1857 conpleo
1210 1779 1356 1859 conpleri.
1403 1781 1553 1861 excipitur
1575 1798 1668 1843 unum

348 1881 386 1944 ab
416 1891 542 1962 utraque
573 1882 688 1943 ratione
712 1879 892 1942 delectitum
916 1896 1045 1960 genere,
1071 1880 1185 1942 iaciens
1208 1883 1341 1964 speciem
1366 1885 1532 1964 perlectam
1555 1882 1670 1946 scilicet

347 1987 435 2066 quasi
458 1987 622 2064 passivam,
654 1981 737 2046 soleo
760 1982 868 2046 solltns
890 2001 966 2046 sum.
1013 2001 1041 2045 m
1066 1992 1137 2047 ante
1161 2001 1196 2044 eo
1220 1985 1317 2065 posita
1346 1987 1474 2067 primam
1498 1987 1576 2066 regit
1598 2004 1669 2048 con·
1685 2003 1709 2042 rr·

284 2149 286 2154 .
346 2090 546 2170 rigationem,
570 2089 671 2169 specie
694 2087 826 2170 perlecta
851 2086 895 2146 ari
918 2079 1048 2166 iaciens,
1074 2104 1177 2149 remeo
1200 2077 1347 2158 remeavi,
1379 2109 1516 2153 commeo
1539 2108 1670 2152 comme·

329 2194 402 2285 xari.
447 2192 504 2255 lroe
529 2199 628 2253 tamen
651 2191 730 2254 scire
754 2189 914 2270 debemus,
939 2190 1019 2273 qnod
1042 2192 1143 2253 omnia
1167 2190 1257 2253 rerba
1281 2211 1297 2253 e
1321 2202 1391 2256 ante
1415 2213 1433 2255 o
1456 2192 1597 2255 babentia
1622 2212 1670 2254 ee·

233 2345 243 2356 ,
346 2296 463 2360 eundae
490 2296 550 2356 sint
580 2295 802 2374 coniugationia
825 2311 949 2356 necesse
974 2303 1033 2364 est,
1058 2303 1182 2375 excepto
1207 2313 1243 2356 eo
1267 2303 1294 2356 et
1319 2294 1377 2358 tttts
1401 2315 1608 2379 quaecumque
1633 2295 1670 2358 ab
1753 2299 1759 2306 '

347 2399 404 2462 boo
427 2397 519 2460 verbo
549 2397 795 2486 luerintntracta,
824 2414 901 2478 qnae
925 2397 1024 2459 omnia
1049 2397 1154 2458 tertiae
1176 2405 1246 2458 strnt
1270 2397 1437 2477 productae
1466 2408 1589 2482 praeter
1611 2397 1670 2461 dun
1739 2415 1743 2420 ·

345 2503 461 2584 primae
477 2501 712 2580 eonitrgationis,
738 2518 815 2579 quae
831 2517 922 2580 supra
939 2501 1036 2582 posita
1053 2501 1233 2571 monstrari,
1252 2518 1356 2564 remeo
1372 2521 1518 2565 commeo.
1540 2499 1546 2585 1
1566 2520 1585 2565 n
1602 2511 1670 2564 ante
1683 2519 1710 2559 eo

347 2625 382 2668 eo
407 2603 549 2696 babentia
565 2601 671 2674 verba,
695 2604 719 2664 si
743 2604 882 2667 venerint
905 2621 926 2664 a
948 2604 1039 2666 verbo
1061 2620 1111 2680 eo,
1137 2603 1243 2666 tertiae
1268 2603 1432 2686 productae
1456 2613 1542 2676 sont,
1569 2605 1670 2687 speeie

345 2710 479 2791 perlecta
504 2708 644 2771 facientia
666 2708 705 2768 ivi
730 2705 775 2768 rel
798 2706 832 2779 ii,
856 2712 889 2770 nt
912 2708 981 2769 ineo
1004 2706 1075 2767 iniri
1100 2705 1144 2768 vel
1168 2707 1237 2776 inii,
1262 2708 1287 2769 si
1311 2725 1371 2770 non
1388 2709 1538 2778 vonerint,
1562 2724 1668 2769 scenn-

347 2812 403 2875 dae
433 2818 523 2874 erunt
552 2810 788 2889 coniugationis,
819 2811 871 2870 mrl
894 2809 1033 2871 facientia
1063 2811 1166 2889 specie
1190 2809 1342 2889 perlecta,
1367 2819 1399 2870 ot
1423 2827 1530 2873 moneo
1554 2813 1668 2873 monui.

347 2927 456 2978 nante
487 2913 693 2983 enbabentia
724 2910 813 2974 rerba
844 2911 950 2974 tertiae
980 2924 1051 2974 strnt
1080 2913 1318 2993 conirrgationis,
1348 2914 1375 2974 ri
1405 2913 1449 2974 rel
1478 2913 1501 2975 ii
1528 2914 1669 2976 facientia
1741 2913 1744 2918 ’

289 3098 294 3107 ⁴
346 3021 450 3099 specle
472 3018 621 3101 perlecta,
646 3025 679 3078 ut
701 3016 869 3078 coeocoiri
893 3014 1025 3078 relcoii.
1071 3014 1208 3097 p:.hano
1232 3016 1364 3078 litteram
1389 3023 1459 3078 ante
1482 3035 1518 3078 eo
1542 3016 1706 3080 verbumeo

346 3121 461 3184 babens
484 3138 542 3184 non
566 3121 677 3189 inveni,
723 3137 755 3200 q:
779 3118 858 3180 hanc
882 3114 1010 3178 litteram
1035 3127 1104 3180 ante
1129 3137 1163 3180 eo
1180 3117 1297 3181 babens
1319 3117 1446 3182 verbum
1471 3137 1531 3182 non
1555 3119 1665 3180 inveni.

347 3245 378 3287 r:
402 3224 477 3288 haec
500 3221 598 3284 littera
622 3229 691 3285 ante
714 3240 751 3285 eo
774 3222 870 3304 posita
895 3219 1046 3284 secundae
1074 3223 1296 3302 coniugationls
1319 3210 1397 3302 regit
1419 3221 1527 3292 rerba,
1551 3225 1601 3284 rni
1626 3222 1667 3283 ia·

345 3327 543 3408 cinnt'speeie
560 3327 709 3406 perlecta,
733 3343 821 3388 careo
838 3325 934 3393 earui;
960 3324 1066 3386 tertiae
1083 3343 1153 3386 vero
1176 3322 1356 3405 productae,
1382 3327 1420 3386 ivi
1445 3322 1490 3384 rel
1514 3325 1551 3395 ii,
1575 3341 1668 3404 pereo

344 3482 550 3492 ...—-—-=

413 3549 492 3605 Prob.
512 3550 607 3602 cotllol.
625 3551 670 3612 34,
692 3551 808 3608 13-35,
826 3551 844 3600 8
931 3549 947 3599 8
967 3559 1040 3614 tergo
1057 3564 1086 3614 p,
1107 3549 1167 3608 tot),
1188 3551 1222 3600 25

416 3727 530 3774 lausus
550 3717 621 3791 sum]
646 3736 740 3773 atreum
758 3736 827 3773 corr.
847 3735 928 3771 nuans
946 3733 1006 3769 aum
1024 3717 1050 3769 B
1120 3717 1174 3784 dui]
1194 3719 1244 3769 atui
1264 3735 1336 3774 corr,
1354 3721 1390 3771 tui
1411 3719 1436 3770 B
1498 3719 1521 3770 ,2
1540 3713 1665 3785 stridunt]

347 3805 458 3861 strident
475 3824 546 3862 corr.
566 3808 680 3860 stridunt
697 3806 736 3858 B:
763 3807 842 3873 Verp.
862 3809 931 3859 Aen.
952 3805 985 3856 Il
1005 3807 1055 3856 tto
1155 3805 1171 3855 5
1190 3805 1290 3871 praeiri
1309 3805 1391 3872 precii
1410 3805 1468 3870 (om.
1487 3803 1538 3868 rel)
1558 3801 1583 3854 B

378 3895 561 3946 lterrninauit
578 3893 604 3945 B
679 3889 812 3959 δίει-κιο]
833 3903 905 3958 tergo
925 3890 951 3942 B
1039 3888 1335 3958 te1·gsieor=r.tereiB
1422 3891 1533 3942 dicimus
1552 3901 1577 3939 et
1595 3900 1667 3956 tergo

342 3982 424 4046 tergis
443 3982 533 4031 tertiae
551 3990 697 4046 correptae:
718 3978 829 4045 legimus
849 3979 917 4028 enirn
936 3987 961 4027 et
980 3987 1088 4041 tergent,
1107 3976 1178 4040 qnod
1192 3977 1260 4026 renit
1277 3989 1293 4026 ι
1312 3977 1389 4028 verbo
1409 3988 1508 4043 tergeo,
1527 3988 1552 4026 et
1564 3987 1667 4042 tergunt

290 4047 296 4056 ¹
343 4067 375 4116 nb
394 4081 425 4116 eo
445 4066 516 4130 qnod
534 4077 573 4116 eet
592 4079 664 4132 tergo
683 4063 787 4117 Produc
857 4061 992 4128 espteute
1010 4060 1095 4111 lucida
1115 4073 1220 4127 tergunt
1237 4063 1307 4126 quod
1328 4065 1398 4113 nerrit
1417 4077 1433 4112 o
1453 4075 1539 4127 tergeo
1558 4071 1667 4125 otgunt

342 4155 375 4204 eb
393 4167 424 4203 eo
443 4151 515 4216 quod
533 4164 573 4202 eet
589 4161 662 4218 tergo
682 4151 770 4218 pergis
791 4149 872 4214 (corr.
893 4147 984 4213 tergis)
999 4145 1039 4196 B:
1062 4147 1143 4212 Verp.
1156 4148 1223 4199 Aen.
1247 4147 1306 4199 VII
1324 4151 1376 4199 616
1447 4149 1479 4199 10
1497 4141 1560 4212 quo]
1580 4161 1667 4197 ercem-

342 4242 409 4306 plum
421 4255 438 4290 a
451 4237 539 4290 Probo
551 4239 675 4296 omicron,
695 4253 712 4286 a
725 4235 870 4287 Sacerdote
883 4233 1058 4300 neplepeotine
1070 4232 1240 4298 adscriptam,
1255 4235 1291 4286 od
1305 4233 1392 4288 Plaut.
1407 4232 1567 4286 Menoecdm.
1583 4231 1598 4281 I
1613 4233 1636 4288 1,
1651 4232 1666 4279 2

343 4323 378 4387 (o,
398 4327 432 4376 78
449 4323 484 4388 Β)
509 4323 567 4374 ideo
586 4315 798 4386 (polemonem,
817 4318 922 4383 quando
942 4317 1004 4383 edo,
1023 4317 1145 4384 detergeo
1164 4321 1265 4370 rettulit
1282 4321 1368 4372 editor
1389 4316 1597 4369 Vindoboneneia

291 4394 294 4399 ’
344 4414 374 4462 11
394 4410 410 4460 lt
430 4409 474 4459 lit
496 4397 557 4460 ante
579 4421 610 4458 eo
634 4406 733 4474 poeitae
753 4407 859 4456 verbnm
882 4419 971 4472 regere
990 4417 1041 4454 non
1062 4404 1148 4454 inveni
1167 4405 1288 4456 Probare.
1375 4401 1440 4470 regi]
1461 4417 1552 4468 regens
1573 4400 1597 4451 Β

344 4498 374 4547 te
394 4496 508 4561 speeiem
526 4493 666 4561 perlectam
685 4491 721 4541 lui
740 4491 777 4541 rel
796 4491 848 4542 leui
861 4480 895 4542 'nt
912 4489 983 4540 caleo
995 4489 1023 4540 B
1041 4496 1066 4546 et
1085 4491 1171 4541 codex
1185 4491 1266 4543 Probi
1337 4491 1368 4541 tt
1385 4490 1417 4540 ob
1437 4501 1546 4552 utraque
1564 4487 1663 4538 ratione

1239 4582 1290 4614 m

281 4631 284 4638 ’
342 4633 497 4684 deiectiuum
513 4635 611 4700 genere
624 4628 725 4681 Pnoboc
743 4629 775 4679 ab
794 4637 904 4693 utroque
923 4643 1017 4694 genere
1036 4627 1136 4677 rarione
1154 4623 1324 4676 ‹lelectinoB
1396 4627 1428 4675 15
1447 4623 1519 4674 soleo
1538 4624 1565 4672 ia
1584 4639 1664 4687 toury.

341 4721 406 4771 odd.
426 4719 450 4769 B
522 4720 553 4768 to
572 4717 684 4784 speciem
704 4711 842 4779 perlectam
863 4717 904 4764 ani
925 4715 951 4766 B
1022 4715 1055 4764 20
1074 4728 1089 4762 ιι
1110 4723 1169 4763 ante
1188 4727 1218 4762 eo
1238 4711 1357 4761 babentia
1377 4711 1462 4772 verba,
1481 4708 1503 4758 si
1522 4709 1666 4758 venerinte

341 4805 418 4854 verbo
432 4819 471 4864 eo,
492 4807 560 4856 sicut
578 4817 657 4870 snpra
677 4802 763 4868 posui,
783 4802 872 4850 ter-tice
885 4801 987 4852 Probus
1045 4811 1104 4848 anto
1124 4813 1138 4848 ο
1160 4797 1184 4846 Β
1235 4798 1267 4847 et
1289 4797 1397 4847 overbo
1420 4809 1449 4845 eo
1462 4809 1509 4845 om.
1524 4791 1555 4852 B,
1575 4795 1666 4845 adria

377 4891 463 4958 speeie
484 4890 611 4956 perlectae
632 4888 656 4939 Β
725 4887 759 4938 ‘28
778 4901 853 4936 careo
872 4885 946 4936 bertii
968 4885 992 4936 Β
