3904 5556
584 334 664 391 nm.
683 334 794 391 cnam.
813 335 884 391 Lm.
906 337 918 389 t
938 337 978 401 rs,
998 339 1065 388 ι-
1086 337 1126 396 ιι,
1148 339 1179 388 ιι
1503 333 1545 400 65

250 435 446 494 pearson-
1367 436 1508 490 esame

226 527 344 608 quidem
369 526 594 597 hexametrum,
625 544 685 588 non
711 536 809 588 tamen
838 524 963 588 heroum
988 524 1091 610 [quem
1116 521 1268 610 epicum].
1300 525 1325 588 si
1348 525 1445 606 legem
1470 527 1544 590 inci·

225 633 318 694 sionis
342 649 402 692 nou
427 632 574 701 tenuerit,
605 630 703 692 faciet.
749 647 875 710 quarum
905 634 1004 712 prima
1032 631 1286 712 penthemimeres
1315 639 1396 691 tome
1424 627 1543 701 dicitur,

226 752 291 796 cum
315 745 384 815 post
413 733 489 796 duos
513 733 605 814 pedes
629 749 759 815 sequens
781 731 893 815 syllaba
924 733 1042 813 plenam
1067 737 1211 797 orationis
1235 741 1351 816 partem
1377 731 1543 813 distinguit,

225 838 307 900 cuius
336 835 506 920 exemplum
541 839 599 900 crit
627 842 754 918 ‘quam
782 834 873 898 luuo
909 837 1061 898 iertur’.
1109 836 1233 900 verbum
1263 839 1343 901 enim
1374 845 1443 919 post
1470 837 1545 898 duos

187 961 213 1003 a
226 941 316 1022 pedes
341 939 532 1010 concluditur
555 959 590 1003 ac
606 940 825 1002 determinatur
848 937 975 1022 syllaba,
1000 958 1075 1020 quae
1092 941 1121 1002 in
1138 949 1233 1002 metro
1256 943 1387 1022 semipes
1406 937 1545 1010 habetur.

226 1053 257 1106 ιιι
284 1061 414 1124 sequens
443 1062 544 1106 sermo
572 1043 609 1106 ab
644 1047 760 1123 integra
792 1051 876 1124 parte
906 1045 1052 1106 orationis
1082 1045 1214 1126 incipiat.
1260 1049 1412 1124 geminata
1446 1054 1545 1107 autern

227 1147 482 1229 penthemimeres
506 1157 586 1210 tome
610 1165 730 1210 versum
753 1155 975 1228 pentametrum
1000 1147 1145 1228 complet,
1175 1158 1208 1210 ιιι

555 1287 643 1351 quam
668 1268 743 1330 luno
766 1269 871 1340 fertur,
896 1287 985 1351 quam
1009 1267 1085 1331 luno
1108 1267 1214 1330 ierim:

226 1390 386 1453 secundam
417 1388 595 1452 divisionem
625 1388 906 1471 hephthemimeren
931 1390 1037 1452 Graeci
1061 1389 1212 1464 dixerunt,
1241 1409 1316 1471 quae
1342 1389 1437 1454 tribus
1459 1391 1545 1472 pedi·

192 1493 279 1558 robus
313 1495 446 1556 emensis
485 1494 574 1555 adicit
607 1491 750 1574 syllabam
788 1492 978 1574 completque
1013 1511 1135 1555 sensum
1170 1485 1361 1576 <priscumque
1402 1497 1546 1558 orationis

226 1598 378 1680 particula.
424 1597 508 1664 huic,
544 1597 622 1657 sicut
656 1607 687 1657 et
718 1597 885 1676 superiori,
919 1614 1028 1658 nomen
1063 1597 1192 1658 inditum
1227 1615 1263 1658 ex
1297 1614 1332 1658 eo
1368 1607 1429 1678 est,
1464 1599 1543 1680 quod

227 1701 321 1763 tribus
349 1697 478 1782 pedibus
507 1707 536 1760 et
564 1716 622 1760 una
653 1697 781 1780 syllaba,
813 1699 841 1761 id
872 1708 916 1761 est
946 1699 1115 1780 semipede,
1148 1717 1224 1780 quae
1252 1702 1283 1761 ln
1312 1704 1373 1763 arsi
1403 1713 1432 1763 et
1469 1701 1546 1765 thesi

227 1814 338 1886 septem
369 1813 467 1866 motus
505 1804 652 1874 officiunt,
694 1821 813 1865 rersum
848 1802 967 1865 dividat.
1025 1803 1110 1864 cuius
1144 1802 1314 1884 excruplum
1348 1806 1404 1866 erit
1438 1807 1546 1887 ‘quam

230 1908 300 1970 leno
334 1909 431 1970 lectur
466 1907 585 1968 terris’:
623 1923 690 1969 nam
722 1915 787 1987 post
822 1914 882 1968 tres
916 1905 1009 1988 pedes
1043 1925 1183 1988 suprema
1212 1909 1253 1969 ris
1283 1905 1394 1988 syllaba
1423 1928 1545 1972 sensum

196 2011 367 2092 ocomplet.
398 2008 410 2093 ll
442 2019 531 2072 eruut
554 2011 643 2090 igitur
666 2011 722 2071 hac
745 2009 821 2071 cluae
846 2021 943 2072 tornae
959 2009 1150 2092 principales.
1175 2020 1208 2073 ιιι
1223 2011 1335 2073 dictum
1353 1999 1406 2083 esi,
1430 2012 1546 2076 heroici

231 2132 330 2177 sersus
354 2117 532 2186 incisiones
562 2111 672 2194 quibus
695 2111 833 2175 similitor
861 2123 891 2174 et
914 2113 1035 2175 iambici
1066 2133 1170 2176 versus
1200 2117 1330 2178 trimetri
1360 2116 1544 2180 dividuntur.

229 2219 279 2280 sed
303 2219 349 2280 his
373 2219 403 2279 in
427 2217 520 2280 heroo
544 2217 619 2278 duae
642 2215 717 2278 aliae
741 2214 898 2278 accedunt.
945 2237 1014 2278 uam
1037 2219 1064 2279 si
1087 2216 1195 2280 harum
1220 2228 1358 2282 neutram
1383 2222 1543 2292 inveneris,

230 2324 348 2385 tertium
374 2322 549 2383 trochaeum
581 2321 723 2382 inversu
752 2323 930 2401 conquires,
963 2319 991 2380 id
1015 2329 1061 2382 est
1084 2321 1344 2400 penthemimeren
1370 2321 1372 2383 l
1398 2323 1545 2407 disyllabo

230 2418 374 2494 clausam,
405 2435 436 2485 ut
465 2434 511 2487 est
539 2423 748 2487 ‘infandum
778 2425 939 2504 regina’.
986 2441 1054 2485 narn
1085 2429 1237 2504 percussis
1267 2425 1385 2488 ‹ltrobus
1417 2427 1545 2508 podibus

195 2531 332 2591 sotertius
356 2546 409 2608 pes
432 2528 592 2590 trochaeus
615 2537 674 2596 est,
704 2530 789 2606 gina,
821 2529 868 2588 cui
891 2529 1049 2588 coniuncta
1075 2525 1174 2589 lucris
1202 2530 1233 2590 iu
1256 2529 1422 2592 secundum
1447 2532 1543 2611 legem

231 2651 330 2695 versus
355 2633 522 2694 hexametri
546 2631 695 2713 dactylum
719 2629 858 2712 complet.
906 2630 960 2692 bes
983 2639 1083 2692 aretem
1107 2629 1218 2711 syllaba
1244 2640 1410 2696 etsensum
1426 2636 1543 2716 superi-

230 2739 288 2799 oris
316 2735 374 2797 coll
403 2739 547 2815 integrat,
579 2745 611 2796 ιιι
640 2735 689 2795 dat
719 2733 1010 2813 lreplrtlreruimeres,
1045 2743 1074 2795 et
1110 2738 1265 2814 sequentis
1305 2737 1390 2816 pedis
1426 2739 1543 2800 initium

230 2840 350 2908 inducit.
396 2839 503 2901 eodem
526 2839 615 2900 modo
639 2847 668 2898 et
684 2848 807 2918 quartus
832 2837 991 2900 trochacus
1014 2839 1196 2918 accipietur,
1221 2840 1271 2919 ryui
1294 2859 1363 2901 raro
1382 2841 1542 2903 atlrnodmu

209 2945 412 3025 reperietur,
438 2953 469 3004 ιιι
492 2952 556 3004 est·

196 3068 219 3108 ιι
348 3081 352 3088 ·
444 3065 520 3126 tynae
543 3063 598 3125 pax
624 3045 711 3124 longa
735 3046 907 3115 retruserat,
932 3063 1014 3106 arma
1038 3063 1148 3108 novare
1172 3046 1327 3126 parabant.

231 3179 351 3249 quartus
374 3186 429 3248 pes
453 3167 626 3235 trochaeus.
656 3184 754 3228 arma:
785 3165 850 3227 ride
874 3165 1155 3244 hophthemimeren
1178 3166 1321 3248 disyllabo
1345 3166 1488 3238 clausam,
1512 3181 1545 3232 ut

231 3291 325 3354 supra,
343 3273 393 3333 cui
405 3270 519 3332 adnexa
534 3269 632 3331 brevis
645 3289 682 3330 ιιιι
695 3267 805 3348 syllaba
819 3268 968 3350 dactylum
988 3268 1053 3347 lege
1067 3269 1181 3332 heroici
1195 3287 1298 3332 sersus
1309 3269 1421 3352 implet.
1438 3272 1542 3335 harum

232 3374 386 3436 sibullam
413 3377 443 3436 in
467 3374 641 3435 hexametro
664 3373 795 3454 speciein
818 3373 984 3440 inveneris,
1010 3373 1135 3435 heroum
1161 3391 1277 3435 rersum
1303 3377 1369 3437 iure
1386 3395 1420 3436 ac
1437 3379 1543 3439 merito

233 3479 360 3558 negabis.
409 3495 651 3558 nonnumquam
675 3486 774 3537 nutem
792 3478 892 3537 evcnit
914 3485 946 3536 ut
962 3478 992 3536 iu
1010 3475 1114 3538 codem
1140 3497 1226 3538 rer-sn
1242 3475 1346 3560 plures
1369 3481 1542 3550 incisiones,

196 3602 220 3642 so
233 3583 259 3643 id
276 3591 319 3644 est
334 3579 594 3662 penthemimeren
611 3589 641 3640 et
656 3578 935 3658 hephthemimcreu
953 3588 981 3640 et
997 3597 1061 3640 eam
1079 3599 1156 3660 uuae
1171 3593 1278 3662 cyrrnrto
1289 3583 1371 3660 pede
1387 3579 1541 3667 [caesura]

233 3696 342 3767 partem
367 3686 513 3746 orationis
536 3685 691 3750 terminat,
722 3700 811 3763 quam
837 3681 993 3744 bucolicen
1018 3685 1125 3746 Graeci
1148 3683 1266 3754 dicum,
1291 3689 1487 3766 reperiamus,
1513 3698 1544 3750 ut

341 3823 442 3869 arma
467 3805 664 3882 virumque
694 3821 802 3873 cano,
827 3802 963 3864 Troiae
988 3805 1049 3881 qui
1079 3805 1221 3884 primus
1251 3805 1294 3866 ab
1323 3810 1412 3869 oris.

233 3947 296 3990 nam
313 3931 359 3992 iae
375 3929 437 4008 qui,
461 3943 516 4006 pes
532 3926 561 3986 in
586 3941 673 3986 versu
689 3933 821 4005 quartus,
845 3942 909 3984 eam
927 3923 1102 3985 divisionem
1120 3923 1256 4004 explicat,
1280 3945 1368 4006 tynam
1385 3927 1542 3992 bucolicen

234 4035 328 4094 vocari
352 4031 467 4092 dictum
491 4037 546 4106 est,
575 4027 631 4089 sub
654 4045 712 4108 ‹yua
734 4035 878 4104 quartuor
899 4026 1009 4108 pedum
1034 4029 1230 4108 percussione
1253 4048 1359 4092 seusus
1383 4031 1536 4114 impletur.

299 4285 312 4334 i
331 4281 440 4332 heroum
459 4295 534 4344 quem
553 4281 654 4347 epicum
673 4278 762 4328 dicunt
780 4279 919 4330 Santonica
936 4279 963 4327 ιἰι
981 4275 1085 4328 Terent.
1105 4277 1193 4328 illuur.
1212 4297 1238 4346 p.
1253 4283 1315 4331 227.
1342 4281 1423 4332 scra'bi
1439 4290 1544 4347 poterat

235 4349 334 4402 heroum
359 4353 415 4401 sire
438 4351 548 4418 epicum.
576 4349 625 4400 sed
641 4350 738 4399 rectius
753 4349 903 4413 pioecemutc'
925 4347 1071 4397 tribuuntur
1088 4363 1111 4397 o.
1130 4363 1206 4410 quem
1226 4350 1327 4416 epicum
1402 4353 1417 4401 2
1437 4352 1543 4417 penthe-

235 4435 354 4472 memercs
375 4417 435 4471 AB
522 4421 639 4482 dquam
659 4412 734 4483 luno]
759 4415 921 4481 Verp..›len.
939 4417 999 4466 115
1086 4413 1153 4466 duos
1174 4417 1251 4483 pedes
1270 4418 1325 4474 ςΒ
1348 4419 1400 4469 dno
1420 4421 1543 4486 pedesael

299 4492 314 4541 5
335 4487 496 4540 concluditur
519 4501 549 4538 nc
571 4487 756 4538 determinatur
782 4483 841 4536 Vct.
865 4484 995 4536 concludit
1018 4499 1046 4533 nc
1069 4483 1253 4536 determinatur·
1278 4490 1300 4537 A
1314 4486 1339 4536 B
1363 4489 1493 4540 concludit
1515 4505 1545 4540 ac

236 4556 385 4609 determinat
402 4569 449 4613 ας
513 4557 732 4624 itepdmimerem
750 4552 812 4605 AB
879 4549 1121 4618 11qu0d1qutn
1187 4557 1218 4606 15
1237 4555 1285 4606 hoe
1302 4557 1369 4614 duae
1388 4559 1544 4626 principales

237 4641 315 4678 romae
332 4642 361 4678 ιιι
378 4627 470 4682 Ans
552 4629 584 4678 19
602 4626 717 4676 clausum
738 4639 807 4676 corr.
827 4639 879 4672 -ιιιιι
899 4626 925 4674 Α
1006 4620 1153 4690 infandum]
1178 4625 1385 4691 Verp.Aen.II
1400 4631 1416 4678 3
1487 4643 1546 4695 per·

236 4699 315 4749 cussis
333 4696 388 4754 en
407 4695 536 4763 percursis
556 4697 580 4746 Α
652 4695 684 4744 ’26
703 4691 848 4756 disyllabon
867 4709 937 4744 corr.
955 4692 999 4742 -bo
1019 4692 1044 4742 Α
1115 4696 1148 4744 30
1166 4708 1232 4757 quae
1250 4706 1343 4757 quarte
1361 4710 1467 4747 caesura
1486 4712 1546 4763 par-

237 4779 281 4815 tem
299 4765 389 4822 ABs'
467 4766 500 4816 31
523 4763 660 4815 bucolicon
684 4761 775 4817 ΑΒς
863 4763 1056 4828 reperiremuss
1079 4764 1240 4828 reperiamur
1258 4763 1322 4814 AB
1410 4767 1443 4816 32
1462 4761 1545 4834 arma]

241 4833 313 4901 Verp.
333 4839 400 4888 Aen.
418 4834 467 4885 11
549 4837 582 4886 33
606 4833 737 4883 bucolicon
762 4829 852 4887 ΑΒς
934 4831 967 4882 34
985 4829 1033 4880 sub
1052 4845 1103 4892 qua
1122 4832 1216 4898 pedum
1239 4832 1344 4890 else:
1364 4833 1406 4884 ubi
1424 4849 1547 4898 quattuor

237 4905 326 4969 pedum
344 4903 570 4956 eberbacensem·
588 4904 620 4955 N.
641 4901 731 4957 Inbrb.
753 4901 773 4966 s.
792 4899 885 4954 Pnttot.
909 4902 975 4952 reos
992 4915 1018 4965 p.
1038 4903 1070 4950 15

284 5005 432 5038 suammet
444 5005 527 5039 urm
539 5003 571 5039 rr.
1324 4992 1340 5041 b
