3866 5562
399 331 464 416 498
809 347 913 398 11111111
936 348 1058 410 crocu
1082 321 1303 400 su'cunooars

195 461 200 468 -
277 491 290 498 -
398 433 569 488 pesacasr.
1544 439 1786 504 percurso.-

398 525 454 587 tris
476 525 523 587 sui
548 533 697 586 armatum
719 523 846 587 horroris
867 526 964 604 grana
985 523 1151 588 saltavisse.
1196 503 1374 588 Aristoteles
1396 532 1495 586 autem
1520 525 1666 590 Achillem
1683 529 1726 588 ait

399 626 489 690 huius
511 625 595 690 lusus
618 627 806 689 inventorem
829 628 933 690 luisse.
978 626 1159 713 quibusdam
1175 628 1278 709 placet
1299 626 1337 690 ab
1360 626 1486 700 ardore,
1510 628 1541 690 ru
1565 637 1611 692 est
1633 647 1648 690 a
1673 647 1723 692 re·

399 728 520 794 locitate
550 731 596 794 sui
619 730 702 802 soni,
732 748 843 795 nomon
869 720 1027 813 'accepisse
1049 732 1131 794 hunc
1154 731 1264 814 perlem
1289 723 1372 814 [ἀπὸ
1394 729 1458 792 τοῦ
1480 730 1600 810 πυρός,
1624 733 1654 796 id
1677 739 1724 794 est

398 833 572 905 allamma,
596 851 630 896 ac
653 851 708 915 per
732 833 791 906 hoc
806 851 823 896 a
840 833 1025 917 uelocitate}
1070 843 1217 914 cognatus
1239 837 1322 896 enim
1344 851 1454 897 seusus
1475 834 1597 897 artioris
1620 845 1650 897 et
1673 855 1721 898 re·

397 934 531 999 locitans
547 945 605 1012 est,
630 937 709 999 unde
726 935 886 1000 ‘instent
909 927 1094 1001 ardentes
1116 939 1250 1020 Tyrii',
1274 936 1304 999 id
1322 939 1572 1010 ostlestiuantes‚
1596 941 1747 1002 et‘ar·s

386 1039 457 1102 uer
484 1039 592 1102 abire
616 1039 629 1100 1
633 1040 731 1118 ιμ’,
762 1037 791 1100 hl
821 1047 868 1102 εει
891 1031 1028 1106 festinat(
1068 1040 1223 1122 pyrrichio
1246 1041 1418 1102 contrarius
1440 1051 1486 1103 est
1508 1041 1662 1120 spondeus
1683 1061 1721 1103 ex

397 1141 516 1204 duabus
539 1141 636 1222 longis
659 1148 830 1222 temporum
853 1151 1012 1224 quattuor,
1037 1152 1069 1206 ut
1091 1144 1191 1206 heres.
1238 1145 1291 1224 qni
1313 1161 1330 1204 a
1354 1145 1501 1204 sacrificio
1524 1163 1634 1208 nomen
1650 1161 1719 1226 pos·

373 1245 485 1314 ‚solih
513 1241 520 1327 l
545 1243 759 1327 quodlgraece
782 1240 917 1326 σπονδή
940 1255 1149 1327 nuncupatur,
1179 1247 1321 1327 quoniam
1344 1244 1404 1332 hoc
1427 1263 1501 1308 sono
1524 1246 1665 1328 hymnos,
1689 1247 1719 1308 id

395 1357 442 1410 est
463 1345 584 1418 leudes,
609 1347 658 1411 dis
679 1346 891 1410 inmortalibus
920 1347 1130 1411 decantabant
1175 1345 1296 1410 iambus
1318 1367 1354 1409 ex
1378 1346 1462 1409 brevi
1485 1357 1516 1409 et
1538 1349 1625 1428 longa
1648 1369 1733 1416 con·.

394 1458 454 1514 stat
476 1455 647 1532 temporum
663 1451 766 1520 trium,
790 1459 825 1512 ut
846 1451 947 1518 Ceres.
993 1451 1041 1513 cui
1056 1470 1166 1514 nomen
1187 1449 1298 1520 lambe,
1324 1449 1406 1512 Celei
1430 1449 1498 1520 filia,
1523 1451 1615 1523 cedri,
1638 1471 1714 1532 qliae
1731 1475 1754 1514 ro

394 1552 601 1618 cavillationes
628 1555 747 1615 iocosae
775 1551 867 1615 buius
895 1552 981 1636 pedis
1009 1573 1085 1616 sono
1114 1555 1219 1617 dicens
1241 1557 1335 1617 risum
1360 1554 1463 1616 Cereri
1492 1553 1654 1635 hospitanti
1678 1554 1718 1618 ibi

394 1647 598 1736 gratissimum
622 1653 845 1718 commovebat:
870 1658 950 1720 urrde
974 1657 1177 1722 etiam-huius
1200 1659 1287 1738 pedis
1310 1669 1439 1719 metrum
1463 1657 1637 1730 comoediis,
1662 1657 1719 1719 hoc

395 1769 441 1823 εει
461 1763 509 1824 rei
531 1759 735 1839 gratissimae,
760 1759 980 1823 commodatur.
1027 1761 1188 1823 trochacus
1204 1779 1239 1822 ex
1256 1761 1344 1840 longa
1361 1769 1392 1822 ct
1408 1759 1491 1821 brevi
1507 1743 1627 1823 constat
1642 1768 1717 1822 tern-

394 1880 502 1952 porum
530 1864 638 1932 trium.
669 1870 702 1923 ut
730 1879 815 1932 cera,
847 1861 944 1927 dictus
974 1862 1165 1947 [trochaeus]
1190 1882 1206 1926 a
1230 1863 1389 1925 velocitate
1412 1873 1513 1933 rotae,
1543 1855 1633 1944 quam
1664 1882 1718 1926 suo

394 1983 470 2027 sono
493 1965 643 2034 imitatur,
678 1981 755 2042 quac
784 1985 892 2046 graece
919 1963 1039 2047 τροχός
1068 1977 1270 2046 nuncupatur.
1316 1965 1368 2027 alii
1391 1965 1532 2026 chorium
1556 1964 1717 2046 appellant,
1732 1987 1755 2025 rs

297 2059 300 2064 ⁴
394 2071 462 2150 quia
486 2067 523 2129 ad
547 2068 657 2130 choros
689 2079 789 2151 aptam
814 2067 1209 2151 modulationisllcontinet
1241 2071 1405 2131 rationem:
1442 2067 1522 2131 urrde
1549 2073 1639 2130 eiiam
1664 2089 1717 2150 pes

394 2173 448 2250 qui
472 2190 507 2233 ex
531 2170 589 2233 hoc
612 2179 642 2232 ει
664 2171 765 2232 iambo
790 2181 909 2235 constat
931 2170 1127 2235 choriambus
1150 2173 1334 2234 nominatur.

480 2271 642 2355 Trisyllabl
658 2271 751 2353 perles
767 2284 837 2336 suut
859 2284 945 2346 octo.
969 2273 1039 2336 ldeo
1062 2276 1205 2354 quoniam
1230 2283 1293 2335 tres
1316 2271 1448 2352 syllabae
1473 2283 1540 2336 octo
1563 2274 1717 2337 schemata

394 2375 515 2438 habent.
561 2376 615 2438 sed
648 2377 728 2438 uncle
758 2379 907 2440 traxerint
936 2361 1046 2440 nornen
1075 2376 1191 2439 docebo
1224 2377 1289 2438 siue
1318 2375 1485 2456 exerupiis.
1515 2379 1657 2457 quoniam
1685 2380 1717 2438 in

393 2482 493 2561 priruo
508 2477 586 2540 libro
603 2478 824 2560 explicabilltcr
839 2481 1056 2566 demonstrari.
1102 2479 1239 2560 dactylus
1262 2479 1361 2541 dictus
1384 2488 1431 2540 est
1453 2497 1468 2540 a
1493 2479 1606 2558 digito.
1632 2481 1756 2543 cuiusro

393 2581 528 2645 articulis
558 2583 722 2662 liguratur,
753 2583 903 2664 iucipiens
931 2603 946 2646 a
975 2582 1081 2662 longa,
1113 2581 1257 2644 desinens
1286 2585 1316 2643 in
1347 2581 1423 2644 duas
1454 2581 1575 2644 breves:
1606 2581 1718 2662 digitus

393 2687 473 2770 euim
503 2703 610 2766 graece
640 2681 811 2760 δάκτυλος
840 2695 1041 2767 nuncupatur.
1087 2695 1270 2766 anapaestus
1293 2684 1413 2764 dactylo
1434 2685 1623 2753 contrarius,
1648 2685 1717 2746 imlc

393 2788 507 2865 lictus,
530 2787 610 2868 quod
633 2789 662 2850 ci
685 2788 848 2852 relcrlatur·
878 2788 922 2871 [id
946 2798 992 2852 est
1014 2787 1271 2870 repercutiatur],
1295 2787 1375 2868 quoii
1400 2789 1507 2850 Graeci
1531 2779 1716 2849 ἀνακαίειν

392 2891 505 2955 dicunt.
553 2889 721 2972 tribrachys
749 2909 766 2953 a
795 2911 917 2954 suarum
947 2882 1128 2974 syllabarum
1158 2891 1302 2973 qualitate
1332 2908 1442 2952 nomeu
1473 2891 1604 2970 accepit,
1635 2890 1715 2968 uuorl

316 3021 321 3032 ·
392 2993 490 3056 tribus
506 2990 649 3056 brevibus
664 3003 797 3065 constet,
822 3013 897 3076 quae
914 3013 1023 3075 graece
1045 2993 1202 3076 βραχεῖαι
1218 3001 1443 3074 nuncupantur.
1490 2991 1636 3055 molossus
1651 2992 1714 3054 ute·
1728 3013 1753 3054 as

392 3105 458 3170 tus,
486 3095 565 3177 quod
590 3117 607 3159 a
630 3094 773 3167 biolosso,
805 3097 940 3160 Cretensi
964 3098 1043 3168 viro,
1068 3107 1207 3178 repertus
1231 3104 1277 3157 est
1300 3093 1396 3178 [huno
1419 3094 1542 3176 quidam
1571 3102 1601 3156 et
1623 3097 1715 3156 creti·

392 3217 464 3260 cum
492 3197 623 3280 dicunt}
670 3197 909 3280 amphibrachus
938 3209 1145 3280 nuncupatur,
1177 3199 1257 3279 quoii
1288 3218 1325 3260 ex
1354 3207 1482 3278 utraque
1505 3204 1606 3279 parte,
1635 3197 1713 3278 quod

390 3333 597 3346 --——-

463 3425 476 3474 1
497 3421 596 3473 honora
615 3421 641 3472 B
658 3439 728 3474 corr.
742 3449 775 3460 -
789 3425 824 3475 ris
843 3425 857 3474 b
933 3423 1071 3474 saltauisse
1088 3425 1133 3474 AG
1151 3423 1309 3473 sulrrrauisse
1322 3421 1347 3472 Β
1366 3420 1505 3470 minuisse
1524 3419 1612 3470 dicum
1631 3419 1646 3468 b

391 3507 530 3560 aristotelis
551 3510 575 3558 A
659 3509 779 3560 schillem
798 3509 949 3560 Bachilleu
967 3511 1038 3575 pAG
1128 3509 1202 3560 3sui
1223 3509 1280 3558 soui
1299 3507 1476 3570 Scalipersui
1496 3519 1578 3555 souus
1598 3503 1673 3556 ABG

392 3581 451 3644 cinti
476 3592 528 3645 aori
552 3585 644 3656 πυρός
664 3612 684 3661 p
706 3591 839 3648 ΛΠΙΡΟ(
865 3596 902 3658 A,
926 3611 973 3646 om.
995 3595 1049 3646 BG.
1074 3583 1132 3644 ἀπὸ
1152 3591 1204 3644 τοῦ
1223 3585 1313 3658 armoe
1337 3619 1364 3629 -
1388 3590 1570 3652 arelocitate,
1596 3606 1662 3657 puae
1679 3591 1716 3640 ori

393 3679 553 3744 eoeplicaado
565 3678 644 3730 uerba
657 3681 688 3729 ab
701 3681 795 3731 ardore
806 3697 863 3749 sqq.
876 3682 1014 3746 adscripta
1026 3695 1082 3731 eree
1095 3680 1223 3741 videatur,
1237 3679 1320 3729 omisit
1332 3677 1452 3730 Cuiuciua
1464 3677 1564 3729 observ.
1578 3684 1604 3725 et
1617 3678 1712 3727 meod.

391 3769 408 3816 l.
428 3763 508 3816 XIII
526 3780 548 3816 o.
562 3768 596 3816 10
607 3783 633 3831 p.
647 3769 696 3817 601
715 3768 756 3818 ed.
775 3767 864 3818 Coioa.
884 3783 909 3816 a.
931 3769 997 3817 1591
1067 3764 1104 3815 id’
1124 3765 1162 3828 (h.
1181 3779 1203 3815 e.
1223 3763 1248 3814 id
1268 3761 1317 3827 est)
1338 3761 1442 3814 flemme
1456 3763 1481 3814 B
1568 3759 1711 3830 binstaut]

395 3849 653 3915 Verp.Aerr.1423
723 3848 808 3920 ardet]
832 3850 1151 3917 Verp.Aerr.1111281
1226 3841 1386 3914 δεπενθή]
1406 3843 1714 3912 ΠΕΟΝΔΕΒερναᾱε

299 3965 306 3983 ι
391 3937 474 3996 ΑΒ,
510 3949 605 3999 ymnos
625 3936 703 3989 ABG
771 3942 803 3991 10
821 3937 901 3988 cuiG
919 3938 993 3988 cuius
1013 3937 1084 4002 ABp
1164 3935 1248 3986 iambe
1264 3933 1305 3999 pC
1323 3935 1409 3984 iambe
1427 3932 1489 3994 AB,
1506 3932 1712 3985 corn-bach

218 4029 222 4037 “
310 4055 316 4070 .
428 4023 459 4071 12
478 4033 690 4088 commoueratp
763 4025 794 4076 19
812 4023 1024 4074 accommodetur
1041 4040 1060 4089 p
1130 4019 1344 4075 commercii
1416 4022 1448 4070 11
1466 4019 1584 4068 rlictusa
1601 4019 1645 4083 pC
1660 4017 1712 4068 dic·

392 4118 433 4156 tus
454 4105 574 4157 trocheus
594 4121 609 4156 a
628 4107 653 4158 B
671 4109 756 4159 dictus
780 4121 819 4160 εει
838 4109 958 4160 trocheus
977 4125 992 4158 a
1014 4100 1044 4160 A'
1108 4124 1156 4160 suo
1176 4123 1242 4158 souo
1266 4107 1316 4158 AC
1332 4121 1398 4156 sono
1417 4119 1466 4155 suo
1486 4103 1511 4152 Β
1581 4105 1613 4154 lb
1631 4099 1712 4154 ΤΡΟ·

393 4187 486 4246 (ΧΟΕ
504 4207 575 4242 corr.
593 4189 735 4246 ΤΡΟΧΟ(
754 4195 776 4246 Β
795 4195 900 4247 trochos
920 4195 966 4247 AG
1046 4197 1077 4246 16
1096 4191 1375 4261 epasmoclulecioneli
1459 4192 1489 4241 18
1507 4187 1552 4238 DE
1569 4186 1711 4237 PEDlBUS

391 4275 612 4330 rhlslhhhuls
632 4277 768 4344 Trispllabi
783 4281 807 4330 Α
880 4283 912 4332 19
930 4281 1057 4330 traxerint
1073 4280 1115 4346 pC
1133 4290 1267 4330 traxenmt
1285 4279 1339 4328 AB
1409 4277 1485 4327 20111
1505 4275 1589 4341 primo
1609 4273 1674 4324 libro
1686 4273 1711 4323 Β

390 4362 423 4416 io,
436 4361 502 4413 libro
522 4363 606 4426 primo
624 4363 688 4415 AG:
706 4365 741 4428 cs.
758 4381 840 4430 cupra
858 4383 884 4431 p.
899 4369 959 4430 192,
973 4368 1008 4417 25
1043 4365 1231 4431 explicabilirer
1250 4365 1274 4416 ,1
1293 4359 1465 4428 explicabitur
1482 4359 1509 4411 B
1527 4361 1553 4411 id
1572 4359 1713 4427 explicobi-

392 4447 451 4498 liter
468 4447 511 4512 pG
613 4451 644 4500 21
665 4451 787 4502 articulus
811 4451 938 4516 liguratur
960 4451 1087 4517 incipiens
1107 4449 1157 4500 Ac
1172 4449 1281 4500 articulo
1301 4448 1426 4514 liguratur
1445 4447 1600 4511 incipientes
1618 4443 1644 4494 B

336 4575 340 4583 ,
391 4535 424 4584 22
444 4525 602 4601 δάκτυλος]
622 4535 796 4587 ductilusAC
864 4539 897 4589 23
915 4528 1075 4588 ἀνακαίειν
1092 4553 1111 4601 p
1131 4532 1254 4588 ΑΝΑΠΕ
1273 4535 1298 4584 Β
1316 4533 1463 4601 arrupeAC
1524 4526 1709 4584 25’ΒΡΛΧΙΛΙ

392 4685 558 4739 nuncupatur
577 4671 602 4722 B
621 4673 740 4724 brachiae
767 4631 930 4740 nuncupbtur
949 4676 974 4725 A
1002 4673 1105 4724 brechio
1125 4685 1306 4740 nuucupantur
1329 4671 1351 4723 Β
1491 4665 1608 4718 moloaus
1627 4667 1710 4720 dictus

391 4759 461 4821 quod
475 4775 490 4808 11
503 4758 603 4809 moloso
618 4757 693 4810 ABG
709 4767 861 4810 constanter
924 4761 957 4811 26
971 4759 1040 4809 huuc
1054 4761 1158 4823 quidam
1176 4771 1200 4808 et
1212 4760 1334 4808 creticum
1347 4757 1434 4807 dicunt
1447 4771 1494 4805 om.
1509 4753 1565 4813 BG,
1583 4755 1645 4810 cdd.
1659 4761 1710 4821 Ap

425 4845 458 4896 27
477 4843 678 4910 amphibrachus
698 4846 724 4895 Α
742 4844 925 4912 erophihracus
947 4843 970 4894 B
989 4843 1191 4912 amphibrachus
1210 4860 1280 4896 corr.
1299 4869 1333 4880 -
1352 4842 1373 4890 is
1395 4841 1416 4890 C
1477 4851 1483 4868 ·
