3904 5556
730 413 733 420 ι
782 373 803 384 ²
844 309 1110 406 ‘liuenti-*nmo¹
1144 317 1149 387 Ϊ
1206 375 1212 384 ’
1466 403 1470 408 ,
1577 355 1652 404 xxv
1742 315 1749 324 ⁶

323 551 401 616 quae
425 549 463 594 ex
487 532 536 593 ltis
560 533 796 603 commentariis,
821 531 859 592 do
882 531 993 612 quibos
1016 549 1097 594 nunc
1121 532 1265 603 dicimus,
1290 533 1385 612 petita
1408 537 1469 600 est.
1498 533 1653 612 pertinere
1722 546 1724 551 ’
1782 496 1797 530 ’“

324 635 432 706 noluit,
464 633 590 697 Palladi!
619 635 655 698 ad
685 631 903 717 posteriorem,
933 635 963 696 in
988 653 1044 716 qua
1069 635 1106 696 de
1129 633 1230 698 tribus
1258 631 1397 716 partibus
1420 634 1582 710 orationis,
1615 633 1652 696 de

325 740 554 810 coniunctione,
583 739 620 801 de
637 739 873 822 praepositione.
898 737 935 800 de
952 739 1173 820 interiectione,
1196 736 1325 820 plurima
1346 754 1382 797 ex
1399 733 1491 798 Probi
1507 737 1654 799 institutis

97 879 100 894 ·
184 869 222 933 3¹
325 839 437 905 artium
461 839 587 904 collecta
610 851 692 905 suut.
724 859 822 922 neque
842 840 986 904 maiorem
1004 841 1214 903 auctoritatem
1231 839 1323 902 babet
1339 856 1449 900 nornen
1467 837 1654 902 Palaemonis
1719 817 1764 848 ⁷⁷
1880 905 1886 916 ,

263 999 268 1004 .
324 963 341 1007 a
366 947 572 1026 grammaticis
594 963 685 1030 saepe
701 951 889 1024 usurpatum,
914 942 993 1022 quod
1010 952 1041 1005 et
1056 943 1276 1006 commentario
1293 943 1330 1005 de
1350 943 1455 1004 metris
1472 942 1652 1022 inscriptum
1754 1023 1769 1038 y·

325 1055 372 1111 est
392 1049 424 1110 in
447 1046 586 1110 Parisino
609 1047 714 1110 codice
738 1057 767 1109 et
791 1047 943 1128 excerptis
965 1044 1003 1107 de
1025 1054 1089 1108 arte
1109 1048 1303 1125 grammatica
1326 1044 1527 1108 inBobieusi.
1559 1054 1655 1107 restat
1752 1071 1756 1084 ·
1839 1082 1845 1092 -

326 1135 440 1213 nomen
456 1148 613 1221 Victorini,
639 1148 719 1229 quod
742 1149 773 1210 in
795 1149 933 1230 principe
957 1148 1089 1210 editione
1112 1151 1236 1228 utrique
1258 1148 1337 1211 libro
1359 1149 1538 1230 inscriptum
1562 1156 1592 1210 et
1616 1146 1653 1210 ad

326 1253 456 1316 llarium
479 1253 668 1342 Victorinum
691 1251 864 1323 rbotorem,
895 1254 946 1330 qui
976 1252 1055 1312 circa
1084 1267 1195 1313 annum
1226 1254 1472 1314 trecentesimum
1503 1251 1651 1332 quinqua·

326 1358 478 1437 gesimum
508 1357 594 1428 vixit,
623 1356 751 1417 relatum
779 1365 841 1425 est,
877 1355 1035 1436 eidemque
1064 1355 1181 1416 auctori
1211 1362 1306 1415 artem
1336 1355 1480 1415 maiorem
1511 1361 1653 1435 quattuor

327 1459 414 1522 libris
437 1459 572 1521 divisam·
587 1457 688 1520 editor
711 1457 869 1520 tribuerat.
908 1456 946 1520 ab
971 1457 1027 1520 bac
1050 1460 1166 1520 ratione
1189 1457 1299 1519 deinde
1315 1455 1475 1519 l'utscltius
1499 1466 1529 1518 et
1544 1455 1652 1518 Linde·

327 1580 456 1626 manuus
487 1570 516 1624 et
549 1563 602 1640 qui
637 1561 692 1623 bos
726 1563 823 1624 secuti
857 1570 926 1623 sunt
955 1561 1119 1623 substituto
1153 1563 1185 1622 in
1216 1558 1386 1644 minoribus
1414 1555 1500 1622 libris
1530 1559 1650 1621 Maximi

241 1709 246 1712 -
293 1691 295 1694 ·
328 1665 476 1729 Victorini
505 1666 628 1726 nomine
656 1681 763 1744 parum
793 1662 960 1742 prudenter
992 1662 1240 1744 discesserunt.*)
1286 1681 1355 1749 nam
1387 1659 1505 1723 alibro
1529 1661 1650 1742 quidem

328 1768 366 1830 de
389 1766 508 1830 ratione
531 1777 711 1837 metrorum,
735 1770 767 1828 in
791 1785 850 1849 quo
872 1763 936 1828 solo
960 1765 1034 1828 illud
1060 1769 1169 1827 nonte'n
1200 1765 1290 1827 iidem
1319 1763 1432 1826 babere
1460 1781 1550 1844 supra
1581 1763 1650 1835 diti,

326 1871 436 1934 borum
459 1853 595 1951 ¹uterque
622 1867 711 1952 pla'ne
741 1869 878 1931 diversus
906 1878 966 1940 est;
995 1868 1048 1931 sed
1077 1887 1145 1930 curn
1173 1871 1210 1930 iis
1238 1885 1316 1950 quae
1346 1867 1458 1929 blarius
1481 1855 1663 1928 Victorinus¹

326 1983 398 2036 anto
419 1972 586 2055 Aphthonii
615 1969 711 2034 libros
732 1971 853 2051 scripsit
874 1971 966 2033 multa
991 1974 1023 2033 in
1047 1973 1164 2034 minore
1194 1971 1272 2034 libro
1296 1971 1332 2032 de
1361 1979 1426 2032 arte
1456 1971 1670 2048 grammatica

326 2077 529 2139 consentiunt
569 2093 650 2137 ,nam
674 2076 813 2156 primurn
849 2074 887 2136 de
921 2073 1095 2135 definitione
1128 2075 1202 2136 artis
1236 2083 1266 2138 ct
1293 2075 1330 2135 de
1362 2085 1426 2136 arte
1455 2073 1676 2152 grammatica

259 2161 267 2179 ²
326 2179 441 2250 eadem,
466 2197 482 2240 a
506 2176 616 2259 quibus
638 2175 690 2239 ille
714 2194 839 2238 exorsus
862 2185 918 2247 est,
942 2179 973 2240 in
998 2177 1055 2238 boo
1075 2176 1154 2238 libro
1171 2179 1410 2258 praecipiuntur.
1450 2175 1559 2238 deinde
1575 2193 1652 2257 qnae

232 2286 237 2292 '
327 2282 364 2343 de
388 2299 476 2352 voce,
501 2280 539 2342 do
562 2279 683 2350 litteris,
712 2279 750 2342 de
773 2275 895 2361 syllabis
917 2280 1030 2360 scripta
1053 2288 1133 2349 sunt,
1157 2277 1297 2362 pluribus
1319 2277 1392 2341 locis
1414 2278 1550 2359 dispersa
1573 2278 1652 2360 apud

294 2421 300 2428 ·
327 2382 410 2447 illum
432 2385 629 2454 inveniuntur
651 2399 681 2463 p.
705 2382 745 2454 4,
762 2379 810 2446 13.
833 2379 864 2455 5,
890 2379 939 2444 14.
963 2377 1016 2451 23,
1043 2379 1091 2446 tt
1114 2378 1166 2452 26,
1193 2379 1241 2445 15.
1264 2378 1315 2452 29,
1340 2377 1392 2452 21,
1417 2399 1596 2464 quamquam
1621 2383 1652 2442 in

329 2487 443 2549 maiore
472 2503 566 2568 opere
595 2486 713 2548 doctior
740 2487 777 2548 de
806 2483 854 2548 his
880 2485 1020 2548 omnibus
1047 2485 1210 2566 disputatio
1239 2491 1297 2556 est,
1328 2493 1358 2545 et
1386 2485 1532 2565 quaedam
1562 2479 1653 2546 aliter

326 2599 415 2670 atque
436 2583 550 2650 tn'hoc
573 2587 676 2650 libello
700 2587 808 2650 tradita
832 2597 911 2654 sunt.
952 2591 983 2650 itt
1007 2587 1131 2670 reliquis
1153 2596 1253 2649 autem
1277 2587 1416 2668 partibus
1438 2589 1652 2667 grammaticae
1728 2671 1729 2674 Ἴ
1789 2605 1793 2610 ”

283 2727 287 2734 -
326 2692 409 2761 artis,
433 2689 471 2751 do
494 2690 603 2771 quibus
626 2695 657 2754 itt
682 2693 797 2754 maiore
821 2709 914 2772 opere
936 2691 1023 2754 blarii
1039 2690 1185 2753 Victorini
1209 2689 1285 2754 nibil
1308 2691 1455 2768 scriptum
1481 2699 1535 2762 est,
1559 2690 1650 2752 iidem

329 2802 467 2856 auctores
491 2792 618 2856 adhibiti
640 2803 720 2864 sunt.
745 2793 854 2874 qulbus
877 2791 962 2856 illum
986 2795 1015 2856 in
1039 2795 1136 2875 prima
1160 2802 1246 2877 parte
1269 2795 1372 2874 operis
1389 2811 1475 2855 usum
1492 2811 1560 2856 esse
1578 2794 1651 2855 dixi.

224 2967 229 2972 ,
326 2915 398 2960 nam
421 2896 553 2977 plurima
575 2894 717 2958 similiter
740 2895 818 2977 opud
843 2897 1031 2968 Cbarlsium,
1061 2896 1252 2965 diomedem,
1283 2895 1446 2966 [lunatum.
1476 2895 1652 2960 Dositbeunt

328 3001 441 3081 scripta
466 3007 546 3060 sunt.
591 3001 623 3060 ln
648 3000 866 3060 commentario
890 3001 927 3062 de
950 3001 1058 3062 metris
1080 3017 1176 3079 pauca
1200 2983 1344 3068 inueniri,¹
1363 3016 1441 3080 quae
1464 3015 1532 3059 cum
1557 2999 1651 3062 biario

326 3101 481 3164 Victorino
508 3103 715 3170 consentiant,
745 3103 855 3162 mirum
881 3121 940 3164 non
965 3112 1024 3172 est,
1053 3099 1298 3183 quandoquidem
1328 3099 1379 3162 ille
1403 3099 1439 3163 de
1463 3102 1567 3163 metris
1591 3121 1651 3164 non

276 3201 280 3204 ’
326 3223 389 3275 sua,
413 3203 466 3266 sed
489 3203 653 3282 lphtbonii
677 3213 838 3286 praecepta
862 3207 973 3286 posuit.
1003 3214 1075 3266 sunt
1097 3213 1197 3267 autem
1213 3193 1284 3265 'lere
1307 3203 1393 3275 baec,
1417 3221 1511 3284 eaque
1536 3215 1566 3267 et
1589 3204 1653 3267 vul·

327 3307 410 3386 qaria
440 3323 539 3388 neque
569 3305 607 3367 ab
636 3309 718 3368 omni
747 3315 833 3388 parte
862 3308 943 3368 inter
970 3325 1002 3368 se
1029 3309 1266 3378 consentientia.
1297 3307 1335 3368 de
1365 3306 1509 3370 troclraeo
1538 3309 1569 3368 in
1593 3309 1651 3371 tine

147 3382 151 3392 Ι
218 3433 235 3502 ‘.
328 3408 497 3471 hexametri
527 3411 627 3489 posito
655 3429 684 3490 p.
712 3403 790 3479 208,
820 3405 862 3471 26
885 3409 959 3471 blan.
983 3409 1058 3472 Vict.
1084 3427 1112 3490 p.
1137 3407 1195 3480 11,
1226 3393 1275 3473 13.
1299 3406 1354 3480 12,
1387 3404 1441 3479 19;
1471 3409 1510 3472 de
1539 3413 1651 3473 senarii

326 3530 430 3574 nereus
453 3508 655 3592 appellatione
679 3531 709 3594 p.
733 3507 806 3583 209,
833 3510 870 3573 11
894 3511 966 3574 blar.
984 3513 1058 3575 Vict.
1076 3531 1105 3594 p.
1129 3508 1181 3582 19,
1205 3507 1235 3574 8.
1262 3507 1333 3582 132,
1358 3508 1392 3581 9;
1416 3511 1454 3574 de
1474 3511 1651 3577 hexametro

327 3615 476 3696 dactylico
504 3623 621 3679 tuntum
649 3622 680 3677 et
707 3614 745 3676 de
775 3615 863 3677 modo
879 3614 1075 3696 'syllabarum
1103 3615 1134 3677 in
1165 3633 1253 3676 versu
1277 3613 1453 3677 hexametro
1477 3635 1506 3697 p.
1532 3611 1606 3686 210,
1633 3616 1649 3678 1

396 3905 425 3972 *1
443 3908 507 3960 Post
525 3905 697 3957 Lindemaniti
720 3905 860 3956 editionem
883 3905 916 3957 de
939 3906 1053 3958 blaximo
1076 3906 1212 3958 Victorino
1235 3907 1342 3973 copiose
1364 3907 1509 3974 disputarit
1527 3905 1649 3958 Osannus

295 4031 298 4036 .
326 3991 405 4048 Beitr.
427 4010 452 4056 a,
474 3991 574 4060 griecb.
596 4007 623 4045 o.
647 4005 727 4044 roem.
750 3990 917 4060 Litteroturg.
942 4007 968 4046 v.
991 3993 1013 4043 ll
1037 4008 1062 4060 p.
1085 3993 1146 4048 352.
1187 4007 1239 4057 qun
1263 3992 1442 4059 disputatione
1467 3993 1517 4043 boc
1539 3994 1651 4060 probare

325 4080 432 4138 studuit.
452 4089 556 4147 praeter
573 4087 696 4142 quattuor
715 4077 789 4127 blatii
807 4077 936 4128 Victorini
954 4077 1034 4128 libros
1053 4078 1120 4129 duos
1139 4093 1171 4128 ex
1191 4078 1351 4144 minoribus,
1370 4080 1415 4143 qui
1433 4089 1495 4128 snnt
1512 4079 1545 4128 de
1562 4080 1651 4130 ntetris

326 4176 351 4215 et
368 4163 401 4217 de
417 4165 519 4234 ratione
537 4174 687 4232 metrorum,
706 4161 834 4212 Victorini
853 4161 958 4224 rhetori,
978 4179 1054 4227 quem
1073 4165 1124 4214 iem
1139 4163 1166 4215 C.
1181 4163 1291 4215 Marium
1304 4163 1474 4215 blaximinunr
1488 4163 1651 4215 Victorinum

215 4250 260 4306 ,’
324 4250 376 4300 dici
398 4249 515 4309 volebat,
536 4247 706 4310 tribuendos,
730 4248 835 4298 tertium
859 4263 920 4298 vero
942 4249 975 4299 de
998 4259 1053 4299 arte
1075 4251 1243 4316 grammatica
1266 4265 1281 4300 a
1304 4249 1411 4315 reliquis
1430 4249 1562 4300 diversum
1581 4266 1652 4302 esse.
1713 4317 1714 4320 Ἴ
1783 4229 1786 4234 ⁵

294 4371 308 4376 -
326 4333 423 4386 Osaoui
433 4335 590 4387 sententiam
600 4333 633 4386 de
641 4333 745 4386 duobus
754 4331 837 4392 libris,
849 4346 915 4396 quos
929 4331 971 4383 ille
980 4333 1116 4385 Victorino
1127 4335 1222 4386 rhetori
1233 4335 1365 4396 tribuerat,
1380 4334 1500 4408 probavit
1509 4333 1651 4386 Lersclrius

326 4419 449 4472 Zeitscbr.
466 4419 488 4476 l.
506 4418 741 4472 Altortbumswiss.
759 4433 784 4480 a,
806 4419 873 4471 1840
891 4433 917 4485 p.
939 4421 998 4483 tto,
1017 4429 1043 4470 et
1059 4435 1119 4472 curo
1137 4435 1155 4470 a
1170 4422 1356 4472 commentario
1381 4421 1414 4471 de
1432 4423 1521 4472 metris
1540 4420 1649 4472 ulcerum

324 4507 357 4558 de
374 4507 545 4574 grammatica
567 4491 622 4556 erte
643 4505 761 4571 separari
783 4505 851 4556 uon'
859 4518 941 4572 posse
960 4504 1144 4568 intellexisset,
1168 4505 1359 4572 huncquoque
1380 4507 1413 4557 ob
1436 4507 1527 4558 eodem
1545 4519 1651 4558 auctore
1752 4533 1754 4538 .

326 4593 448 4660 scriptum
474 4599 534 4644 esse
556 4590 724 4643 existimauit.
760 4591 855 4640 rectius
878 4589 1042 4641 Wentzelius
1065 4591 1176 4656 symbol.
1201 4593 1257 4645 crit.
1275 4593 1308 4642 nd
1326 4591 1388 4644 hist.
1408 4591 1497 4660 script.
1520 4594 1557 4644 rei
1576 4587 1649 4648 metr.
1755 4597 1756 4604 ’
1872 4597 1875 4604 “

303 4667 367 4728 ¹itt.
388 4693 415 4744 p.
439 4677 474 4729 to
496 4674 606 4728 relotete
629 4673 730 4726 Osaonl
755 4677 883 4728 sententia
910 4677 1004 4728 librum
1031 4677 1064 4727 de
1091 4677 1192 4728 ratione
1220 4690 1358 4728 memorum
1381 4693 1397 4728 e
1420 4677 1526 4741 reliquis
1545 4677 1649 4730 duobus
1755 4685 1757 4688 '
1849 4661 1853 4700 3

117 4805 122 4814 .
159 4779 164 4803 ¹
222 4771 251 4814 .'
322 4759 662 4829 omitioo'seiungendom‚
689 4759 739 4812 hos
767 4775 827 4812 vero
854 4763 887 4812 ab
910 4777 962 4814 uuo
985 4764 1168 4830 grammatico,
1197 4778 1273 4827 quem
1301 4761 1343 4813 ille
1370 4763 1502 4814 diversum
1526 4780 1542 4815 a
1566 4763 1650 4814 llario
1712 4775 1716 4782 ·

237 4873 243 4881 ·
306 4849 307 4852 ’
323 4848 459 4901 Victorino
478 4863 538 4900 esse
557 4845 647 4908 voluit,
666 4845 779 4914 scriptos
798 4863 858 4899 esse
875 4848 1074 4902 demonstrauit.

375 4955 674 4992 summumst.
718 4923 729 5006 '-
847 4941 860 4948 ’“
1382 4933 1439 4986 1111*
