3866 5562
394 403 459 470 476
689 421 794 506 ιιιιιιι
815 421 937 471 etorn
963 401 1014 489 [n.
1038 403 1200 490 curvom]
1225 418 1446 471 stcannorts

395 507 549 560 mffifflffi

481 597 541 662 Nas
569 594 681 678 syllaba
712 551 870 660 terminata
902 597 992 662 latina
1016 575 1226 660 indifferenter
1249 595 1494 667 declinabantur,
1522 607 1573 658 aut
1604 595 1719 676 primae

291 763 294 771 ἱ
395 700 605 765 declinationis
620 718 677 762 nae
693 704 849 779 genetivo,
873 701 1029 764 Maecenas
1046 701 1220 770 Maecenas,
1244 709 1297 763 ant
1319 701 1425 762 tertiae
1450 700 1502 770 tis,
1527 697 1718 768 Maecenatis,

395 811 547 886 Asprenas
562 807 717 886 Asprenas
735 806 922 886 Asprenatis.
969 822 1077 884 graeca
1101 805 1303 866 tertiae'sunt
1326 803 1538 866 declinationis
1561 811 1648 864 acuta
1665 819 1718 862 no·

371 904 516 994 *tissima
533 907 646 990 syllaba
663 917 768 970 contra
790 910 939 970 rationem
963 905 1133 977 latinitatis,
1158 907 1210 969 sed
1235 907 1281 968 dis
1304 907 1444 968 facientia
1467 908 1616 986 genetivo,
1641 905 1718 967 Mae·

364 999 368 1005 ’
395 1029 450 1073 aas
465 1011 633 1081 Maenadis,
658 1029 769 1073 nornen
786 1010 940 1074 Bacchae:
964 1012 1008 1075 sic
1030 1011 1153 1073 Persius
1178 1020 1208 1074 et
1232 1009 1383 1072 Horatius.
1430 1026 1484 1071 nes
1500 1019 1638 1088 correpta
1662 1006 1747 1088 syl-⁵
1782 1015 1788 1021 '

395 1112 462 1176 laba
491 1133 601 1177 nomen
633 1115 824 1178 terminatum
855 1133 915 1176 nott
945 1113 1019 1195 legi:
1050 1113 1195 1194 producta
1225 1131 1312 1182 rero.
1344 1115 1371 1175 si
1399 1110 1491 1174 latina
1515 1113 1644 1182 inerint,
1675 1111 1719 1171 itt·

321 1247 327 1258 ·
396 1217 575 1282 differenter
609 1219 724 1299 primae
761 1217 806 1279 tel
841 1219 949 1280 tertiae
986 1216 1196 1280 declinationis
1231 1218 1348 1278 ratione
1379 1214 1553 1285 llectentur,
1590 1213 1720 1276 Nolanos

395 1319 528 1383 Nolanae
559 1317 605 1383 vel
628 1319 761 1383 Nolanis.
807 1337 914 1402 graeca
943 1329 1118 1394 terotnnc
1147 1321 1264 1400 primae
1294 1328 1385 1381 erunt
1409 1315 1618 1380 declinationis
1641 1317 1719 1398 apud

396 1443 467 1493 nos,
491 1425 517 1485 si
540 1423 617 1506 apud
643 1424 776 1486 Graecos
799 1443 842 1486 ov
864 1426 995 1487 iecerint
1016 1407 1173 1504 genetivo,
1194 1421 1199 1506 Ι
1219 1431 1293 1485 tunc
1315 1425 1442 1497 tertiae,
1467 1425 1495 1484 si
1516 1423 1603 1500 opud
1623 1421 1718 1480 Grae·

394 1544 447 1590 cos
470 1545 531 1600 ους
549 1525 687 1602 fecerint
706 1530 858 1604 penetivo,
885 1520 1050 1608 Ὀστάνης
1067 1519 1233 1588 Ὁστάνου
1257 1525 1304 1586 bic
1328 1525 1477 1588 Hostanes
1501 1523 1589 1585 ltuius
1613 1523 1718 1585 llosta·
1734 1531 1759 1568 ¹⁰

395 1648 466 1700 nae,
503 1627 733 1712 Δημοσθένης
761 1627 1012 1712 Δημοσθένους
1047 1628 1096 1692 bic
1127 1629 1343 1706 Demosthenes
1380 1630 1469 1691 ltuius
1499 1626 1718 1690 Demosthenis.

398 1735 462 1796 nis:
486 1732 544 1794 ltac
567 1730 679 1814 syllaba
695 1733 779 1795 linita
801 1734 922 1794 nornine
947 1735 1053 1795 tertiae
1069 1742 1140 1795 sunt
1164 1731 1375 1794 declinationis
1398 1731 1526 1794 similent
1551 1731 1720 1810 genetivum

396 1837 581 1900 nominativo
597 1833 753 1908 facientia,
779 1845 810 1898 ut
834 1836 917 1898 oanis
933 1837 1047 1907 inanis,
1071 1846 1198 1918 excepto
1223 1855 1297 1907 uuo,
1324 1835 1403 1918 quod
1428 1837 1471 1898 ris
1488 1833 1558 1897 lacit
1573 1836 1721 1914 genetivo,

396 1940 473 2001 einis
495 1939 618 2002 cineris.
665 1937 720 2002 sed
743 1939 817 2000 baec
841 1937 932 2002 latina
948 1947 1037 2002 sunt:
1061 1953 1140 2002 nant·
1153 1956 1261 2020 graeca
1284 1941 1332 2001 nis
1356 1941 1517 2001 terminata
1541 1947 1593 2000 aut
1616 1939 1663 1999 nis
1679 1937 1720 1998 ia·

396 2044 479 2104 ciunt
508 2044 647 2122 genedea
676 2051 727 2104 ant
756 2041 815 2112 dis,
846 2039 979 2105 Pitilen'ts
1008 2041 1095 2104 buius
1124 2040 1289 2104 Pltilenidis
1317 2039 1362 2104 tel
1392 2039 1543 2113 l’bilenis,
1575 2039 1760 2102 Dardanis¹⁵

396 2145 485 2209 ltnins
508 2145 687 2208 Dardanidis
715 2144 761 2206 tel
784 2144 941 2208 Dardanis.
987 2163 1043 2207 nos
1072 2147 1231 2207 terminata
1257 2146 1378 2206 nomina
1408 2145 1514 2206 tertiae
1536 2154 1608 2207 sunt
1631 2142 1722 2205 decli·

299 2252 302 2259 ’
398 2249 528 2312 nationis
552 2250 577 2310 ls
605 2267 682 2330 pura
706 2249 846 2312 facientia
869 2249 1023 2328 genetivo,
1054 2257 1252 2330 ocorrepta,
1283 2246 1381 2309 Minos
1402 2247 1521 2310 Minois.
1568 2265 1640 2309 nus:
1666 2246 1721 2308 bac

396 2350 509 2433 syllaba
540 2352 640 2414 omnia
671 2353 792 2413 nomina
823 2353 983 2414 terminata
1013 2351 1169 2430 secundae¹
1191 2360 1261 2412 sunt
1291 2349 1518 2422 declinationis,
1549 2352 1579 2411 nl
1607 2351 1722 2412 iaciunt

396 2455 550 2535 genetivo,
574 2451 667 2518 Linus
684 2453 766 2524 Lini,
791 2471 885 2516 canus
908 2456 991 2526 caui,
1016 2472 1106 2516 sanus
1129 2455 1211 2524 sani,
1236 2453 1325 2516 lanus
1341 2453 1419 2524 lani,
1443 2471 1540 2516 annus
1563 2455 1645 2524 anni,
1669 2471 1721 2514 ex-

396 2560 493 2639 ceptis
521 2555 641 2620 duobus
669 2557 776 2620 tertiae
799 2555 1023 2628 declinationis,
1051 2557 1113 2620 uno
1134 2560 1179 2620 ris
1197 2555 1341 2631 faciente
1360 2561 1516 2633 penetino,
1542 2557 1642 2619 Venus
1666 2557 1720 2618 Ve·
1734 2562 1760 2602 ²⁰

396 2663 495 2731 nerls,
519 2660 614 2722 altero
637 2661 663 2722 is
687 2677 763 2722 nova
786 2661 918 2731 ratione,
942 2677 1019 2722 auus
1042 2661 1146 2724 annis:
1170 2659 1332 2722 Terentius

552 2763 667 2826 buius
691 2767 796 2828 anuis
819 2781 947 2834 causa,
972 2765 1122 2846 opinor,
1147 2783 1239 2846 quae
1263 2773 1345 2825 erat
1368 2771 1534 2826 mortua:

396 2876 427 2930 et
451 2865 570 2930 duobus
593 2875 719 2949 quartae
743 2867 973 2937 declinationis,
999 2867 1073 2929 baec
1098 2884 1206 2929 manus
1230 2865 1323 2929 buius
1346 2883 1470 2936 manns,
1493 2847 1544 2928 lte
1566 2867 1651 2928 sinus
1667 2865 1720 2928 ltu·

338 3053 342 3059 ⁴
397 2973 447 3033 ius
469 2972 562 3033 sinns.
609 2988 676 3032 nam
703 2979 808 3034 neutra
832 2972 952 3033 nomina
984 2988 1041 3032 nus
1064 2973 1225 3032 terminata
1249 2969 1350 3032 omnia
1380 2970 1422 3032 ris
1444 2969 1560 3030 iaciunt
1583 2971 1721 3049 genetivo

368 3059 562 3136 ¹seeundum
586 3075 746 3136 rationem.
793 3073 850 3136 bec
877 3083 978 3136 tamen
1002 3077 1082 3136 scire
1106 3071 1266 3144 debemus,
1291 3073 1373 3155 qnod
1396 3074 1495 3135 omnis
1517 3075 1758 3135 nominantuss'·

397 3196 432 3239 us
456 3179 634 3240 terminatus
650 3179 830 3260 corripitur,
856 3185 983 3258 excepto
999 3179 1051 3258 qui
1068 3178 1097 3239 ia
1114 3178 1253 3257 genetivo
1277 3195 1297 3238 u
1320 3175 1502 3237 hebetante
1526 3177 1718 3237 notissimam

396 3279 540 3362 syllabam
557 3281 715 3342 nubentem
732 3279 886 3342 dumtaxat
903 3287 1129 3343 consonantem.
1176 3299 1244 3342 narn
1269 3297 1344 3341 artus
1368 3287 1397 3340 et
1420 3281 1581 3341 susannis
1605 3289 1635 3340 et
1649 3280 1720 3347 suis,

467 3435 546 3487 Prob.
565 3433 658 3486 catltol.
679 3437 720 3492 25,
741 3437 856 3496 13-26,
875 3437 891 3485 2
962 3435 996 3486 21
1015 3449 1080 3486 artus
1100 3447 1125 3485 et
1143 3449 1189 3486 sua
1208 3433 1289 3489 Prob.
1310 3437 1355 3499 21,
1375 3439 1392 3484 5

468 3577 480 3622 1
501 3583 545 3622 mn
558 3572 658 3638 primae
676 3571 858 3623 declinationis
871 3588 902 3631 ne
916 3571 1035 3622 lrtcientin
1054 3573 1188 3640 genetiuo,
1209 3587 1236 3622 ιιι
1255 3571 1390 3622 Maecenas
1404 3569 1554 3634 Maecenate,
1574 3585 1618 3620 ant
1637 3571 1722 3622 tertiae

397 3661 430 3710 tis
451 3657 586 3718 lactentia,
606 3667 636 3708 ut
655 3655 809 3729 Maecenatis
829 3657 929 3709 Prnbne
999 3661 1015 3710 3
1033 3657 1168 3724 Asprenas
1183 3659 1317 3724 Asprenas
1335 3658 1490 3724 Asprenatis
1509 3676 1523 3708 a
1540 3660 1599 3708 coli.
1621 3658 1722 3720 Qttintil.

400 3744 416 3795 Ῑ
432 3749 457 3804 5,
476 3747 519 3802 12,
539 3757 665 3809 asperano
678 3745 964 3810 aspernneaspernatis
978 3743 1003 3794 B
1022 3751 1046 3795 et
1065 3745 1152 3795 codex
1163 3742 1277 3794 Charisii
1287 3759 1315 3808 p.
1328 3745 1369 3806 66,
1384 3745 1416 3792 12
1471 3745 1487 3794 b
1506 3742 1612 3794 Maenas
1632 3746 1721 3808 lepitnr

396 3829 469 3896 opud
478 3829 595 3882 Persium
615 3833 638 3893 1,
654 3831 701 3878 101
715 3837 741 3880 et
754 3833 812 3880 105.
832 3831 903 3896 apud
916 3829 1054 3881 Horntittm
1068 3830 1171 3880 Maenas
1185 3845 1235 3880 non
1254 3831 1389 3888 intenitnr,
1408 3831 1458 3880 aed
1469 3827 1565 3894 Thyias
1579 3845 1658 3880 cot-tn.
1672 3828 1721 3879 III

397 3919 481 3981 15,1o
493 3922 519 3967 et
531 3915 662 3980 Thyiadas
677 3931 756 3967 carot.
772 3915 804 3967 11
817 3918 857 3974 19,
870 3921 886 3966 n
944 3917 959 3965 t
980 3916 1067 3965 tertiae
1085 3915 1267 3966 declinationis
1279 3915 1377 3966 ratione
1391 3931 1403 3965 a
1417 3915 1573 3964 tertimionir
1587 3915 1686 3964 ratione
1699 3913 1722 3963 B

430 4003 447 4054 8
466 4003 565 4069 primae
578 4007 655 4052 erunt
667 4001 848 4053 declinationis
861 4014 924 4068 npnt
943 4017 991 4052 nos
1011 4003 1031 4051 si
1052 4013 1115 4067 aput
1128 4015 1236 4067 graecos
1256 4013 1287 4052 oc
1307 3997 1413 4050 iecerint
1425 4001 1546 4066 genetiuo
1561 3995 1722 4052 octana(

398 4083 568 4142 OCTANO(
578 4087 619 4138 ltic
634 4097 739 4139 ostanes
750 4087 827 4138 liuius
837 4087 963 4138 ltostanoe
974 4087 1014 4137 ltic
1024 4081 1270 4139 annotastis<
1279 4081 1358 4136 ltnins
1371 4085 1582 4137 demostbettisB
1621 4087 1651 4136 12
1665 4085 1719 4144 bac]

387 4173 443 4238 ¹lnts
463 4171 488 4223 B
558 4175 592 4246 .¹⁵
611 4173 724 4224 Pltilenis
743 4171 949 4224 ltuittsPltilettis
968 4173 1007 4222 tel
1026 4171 1167 4224 Pltilettidis
1187 4192 1200 4224 a
1220 4171 1303 4223 lllettis
1323 4171 1474 4222 lllcnidisB
1546 4172 1577 4222 tt
1597 4185 1612 4222 o
1632 4171 1658 4221 itt
1677 4186 1720 4221 no·

396 4259 521 4310 minativo
535 4259 669 4325 producta,
684 4259 708 4309 in
723 4260 842 4326 genetivo
856 4271 988 4326 correpta,
1009 4269 1036 4309 ut
1049 4258 1133 4310 Minos
1148 4259 1243 4310 Minois
1258 4259 1359 4312 Probae
1413 4261 1445 4310 19
1463 4274 1543 4310 canus
1556 4254 1624 4322 cani]
1639 4257 1720 4308 kanns

396 4347 457 4396 lani
474 4343 500 4394 B
588 4343 621 4395 20
641 4359 692 4394 uno
711 4345 746 4394 ris
765 4343 874 4396 iaciente
892 4346 1012 4411 genetivo
1032 4361 1079 4396 otn.
1099 4344 1133 4409 B,
1152 4347 1214 4397 add.
1235 4364 1248 4396 tt
1267 4345 1370 4397 Probae
1451 4345 1484 4394 22
1503 4341 1592 4412 liuius]
1619 4343 1721 4396 Terent.

397 4431 521 4483 Heauton
540 4431 591 4482 tint.
611 4429 686 4490 113,
701 4433 735 4480 16
804 4431 838 4484 25
856 4431 999 4482 secundum
1017 4433 1153 4494 rationem,
1172 4447 1251 4496 quam
1270 4422 1481 4495 lretyuen'tissime
1499 4441 1559 4480 ante
1578 4429 1722 4482 monstrari

396 4515 526 4568 oProbaa
577 4517 612 4567 26
625 4529 733 4581 excepto
748 4517 793 4582 qni
806 4519 831 4567 in
846 4517 967 4584 genetino
983 4515 1146 4568 liabentaute
1159 4517 1331 4569 nobissimum
1342 4516 1468 4581 syllabam
1481 4515 1618 4568 dumtaxat
1630 4530 1721 4566 conso-

398 4613 501 4654 nantem
520 4615 580 4652 nnm
599 4617 666 4653 anns
685 4612 709 4652 et
727 4617 772 4652 sus
791 4603 867 4654 antris
886 4615 911 4654 et
929 4605 985 4652 suis
1005 4605 1124 4666 quantula
1144 4603 1240 4655 liabent
1257 4605 1282 4654 in
1303 4603 1424 4670 genetiuo
1446 4619 1461 4652 u
1480 4613 1539 4652 aute
1553 4601 1722 4653 nobissimum

397 4689 523 4756 syllabam
544 4703 595 4739 non
615 4689 710 4740 ltnbent
728 4681 1049 4753 nliqunm'cousonnntetn
1065 4687 1089 4740 B
1108 4703 1217 4757 excepto
1237 4706 1282 4754 eo,
1303 4691 1346 4752 qni
1367 4689 1393 4739 in
1413 4689 1533 4755 genetivo
1547 4703 1563 4738 u
1576 4687 1724 4738 hebetante

397 4767 566 4828 notissimam
579 4774 706 4842 syllabam
720 4775 855 4826 ltabentcm
869 4776 1005 4828 dumtaxat
1023 4791 1220 4832 consonantem.
1258 4790 1316 4826 nam
1336 4791 1401 4826 auus
1421 4789 1446 4825 et
1464 4789 1509 4824 aus
1529 4776 1606 4824 anuis
1626 4787 1651 4825 et
1668 4776 1722 4824 suis

396 4865 491 4915 lntbent
509 4867 614 4927 qnidam
633 4865 657 4912 in
678 4863 798 4929 genetivo
819 4879 834 4912 n
853 4875 913 4914 ante
932 4863 1102 4914 novissintnm
1123 4863 1261 4928 syllabam,
1283 4873 1367 4912 tamen
1387 4861 1580 4928 corripiuntur,
1600 4864 1722 4926 qnnnitnn

397 4951 455 5017 ipsa
475 4952 618 5000 novissima
637 4949 736 5013 syllaba
756 4951 876 5014 genetivo
896 4961 1083 4998 ruttsnnntttettt
1105 4963 1154 4997 non
1177 4949 1251 4998 ltnltet
1270 4948 1387 4999 Probata:
1406 4949 1440 5012 cf.
1462 4947 1540 5000 I’rnd.
1559 4965 1587 5014 p.
1608 4951 1689 5008 2t,3
