3874 5556
427 425 429 432 y
836 354 884 401 DE
907 355 1077 407 siLuaBts

306 447 329 486 lt.
344 437 401 478 11111.
417 437 441 477 ll
457 436 482 476 1⁹.

461 524 721 590 eiusdem‘rerbi:
745 548 814 592 nam
839 545 860 592 Ρ
883 535 1022 614 sequitur
1045 531 1131 596 simui
1157 543 1186 594 ει
1209 547 1240 595 Τ.

461 631 588 712 ‘quam
612 631 731 694 facile
755 637 950 716 accipiter
973 655 1060 700 saxo
1085 657 1191 700 saner
1214 637 1292 700 aies
1315 637 1357 700 ab
1381 630 1493 700 aito’:

396 818 398 824 y
460 754 516 814 pro
540 737 668 815 geminis
692 733 843 820 duplicem
868 749 951 802 recte
973 740 1157 820 subiungere
1182 745 1286 822 possis
1559 720 1565 730 ’

457 841 501 901 sie
525 839 657 902 reddunt
680 839 800 922 longas,
824 842 903 923 quod
929 842 1040 904 riudtun
1065 862 1153 923 posse
1178 849 1294 925 negari,

371 941 563 1030 ¹arnotinitur
586 946 729 1024 quoniam
752 945 842 1026 pleno
868 955 939 1007 tuno
963 964 1063 1007 sermo
1088 946 1240 1016 trochaeo,

457 1045 553 1108 vivida
578 1066 634 1109 neo
657 1057 777 1130 praesto
802 1057 848 1110 est
871 1051 980 1110 totiens
1004 1047 1055 1110 tibi
1081 1049 1180 1111 littera
1205 1051 1290 1112 truta:

457 1167 537 1212 nunu
561 1169 663 1212 sermo
686 1150 847 1214 incolumis
871 1151 927 1213 sibi
951 1153 1029 1214 vires
1053 1155 1117 1232 ipse
1142 1154 1301 1216 ministrat.
1385 1177 1390 1186 ·

456 1263 487 1315 at
509 1257 651 1334 quotiens
675 1265 813 1340 correpta
838 1274 970 1339 sequens
994 1266 1039 1317 est
1061 1254 1192 1336 syllaba,
1219 1275 1306 1338 posse

362 1345 365 1351 ’
455 1357 623 1437 spondeum
649 1361 730 1427 fieri,
755 1361 779 1420 si
804 1355 917 1441 spiiaba
943 1361 1031 1421 tertia
1056 1359 1129 1422 tates

393 1477 442 1518 reu
457 1457 617 1523 substituat
640 1464 789 1540 geminas,
813 1464 949 1542 exerupia
975 1465 1030 1526 tibi
1054 1462 1179 1525 totidenr
1204 1463 1252 1534 du,

456 1563 605 1626 ‘eitioit
628 1564 792 1628 obiectu
818 1565 1000 1638 laterum,
1024 1565 1163 1648 quibus
1187 1569 1310 1628 onruis
1334 1565 1376 1627 ab
1401 1565 1509 1640 aito’,

456 1665 571 1729 ‘buno
594 1666 663 1731 iiia
688 1673 914 1751 exceptum'.
962 1679 1118 1750 correptas
1141 1670 1295 1731 ceruimus
1317 1669 1420 1732 artabas

454 1775 630 1834 sermonum
655 1790 742 1834 voces
765 1776 878 1854 positas
901 1775 931 1834 in
957 1783 1043 1853 parte
1066 1774 1221 1854 sequenti;

455 1872 507 1936 sed
532 1883 634 1937 tamen
658 1874 711 1936 has
735 1881 826 1940 etiarn
851 1877 960 1938 renidet
983 1876 1037 1939 tibi
1060 1869 1172 1958 syiiaba
1198 1873 1300 1956 iongas

391 1994 441 2037 oso
458 1979 562 2048 tertia,
587 1997 664 2060 qnae
688 1980 816 2059 genunis
840 1990 960 2044 constat
982 1979 1118 2042 subiecta
1143 1981 1270 2049 sonoris.

453 2083 525 2162 quia
549 2099 652 2145 serino
675 2083 741 2164 ipse
765 2094 868 2146 manet
891 2083 1033 2166 nulloque
1058 2091 1105 2145 est
1127 2079 1338 2144 une‘rectsus.

492 2269 649 2372 Forsitan
673 2306 754 2370 launo
778 2307 887 2387 aliquis
912 2306 1072 2370 verbosum
1099 2306 1202 2368 dicere
1226 2304 1338 2368 librum

453 2425 514 2470 nou
537 2409 669 2482 dubitet;
694 2413 798 2474 forsan
822 2412 916 2474 multo
942 2412 1148 2494 praestantior
1171 2409 1247 2474 aiter

452 2509 549 2595 pa'uoa
573 2527 694 2596 reperta
718 2525 818 2598 putet,
843 2535 917 2600 cunr
936 2515 1023 2597 ptura
1046 2516 1197 2577 invenerit
1221 2517 1301 2596 ipse;

389 2634 439 2676 rasa
454 2615 543 2680 tiosos
566 2629 597 2681 ει
617 2621 779 2701 impatiens
804 2621 892 2682 nimis
916 2619 992 2682 baec
1014 2617 1145 2682 obscura
1169 2616 1301 2698 putabit:

382 2727 386 2738 '
452 2739 508 2803 pro
530 2731 619 2804 oaptu
643 2721 766 2786 lectoris
791 2721 903 2785 babent
926 2742 983 2786 sua
1005 2722 1066 2786 sata
1089 2720 1191 2784 libelii.
1287 2719 1288 2722 ’

451 2824 504 2887 sed
528 2843 578 2887 rna
601 2825 702 2888 iudicii
726 2844 785 2888 non
809 2822 957 2906 paenitet:
983 2825 1055 2889 baec
1081 2824 1158 2888 bene
1183 2823 1267 2886 robis
1302 2881 1312 2886 -

452 2930 600 3001 commisi,
625 2929 735 3012 quibus
759 2939 804 2991 est
827 2947 913 2992 amor
937 2939 966 2990 et
989 2929 1152 3011 prudentia
1172 2921 1267 2996 iuxta.

396 3095 400 3102 ,
452 3039 482 3092 ει
504 3031 591 3095 iabor
613 3036 646 3094 in
669 3033 778 3096 studiis
801 3052 922 3114 seraper
946 3033 1117 3096 celebratus
1139 3031 1294 3094 inhaeret:

386 3153 437 3192 ooo
452 3153 503 3198 ros
525 3155 646 3217 sequar,
671 3139 700 3198 iu
725 3147 823 3199 restro
848 3138 918 3200 satis
943 3145 988 3199 est
1012 3137 1150 3199 examine
1174 3145 1306 3198 cautum.

451 3237 526 3300 baec
550 3257 606 3319 ego
630 3259 698 3303 oum
722 3242 849 3322 scripsi,
875 3241 921 3302 bis
944 3241 1045 3323 quinis
1068 3237 1224 3302 mensibus
1247 3255 1338 3316 aeger

376 3339 380 3342 ’
450 3341 620 3423 pendebam
644 3344 820 3426 ambiguum
845 3347 955 3406 trutina
981 3341 1037 3406 sub
1061 3342 1160 3406 iudico
1184 3361 1306 3423 corpus,

450 3445 600 3509 aiterrnun
625 3457 734 3520 nutans
758 3455 787 3508 ει
811 3457 918 3510 neutro
942 3447 1076 3529 pondere
1100 3445 1218 3508 sitiens:
1374 3531 1377 3537 .

450 3568 520 3612 narn
544 3569 642 3631 neque
666 3570 749 3614 mors
771 3551 857 3638 avide
881 3553 983 3630 nigros
1006 3548 1161 3632 pandebat
1183 3549 1291 3620 hiatus,
1346 3546 1349 3553 '
1398 3539 1404 3552 '

384 3667 506 3715 iraeneo
531 3655 620 3718 vitam
644 3655 714 3717 sorti
738 3655 913 3718 retinebant
935 3655 1063 3718 stamine
1080 3655 1203 3716 Parcae.

279 3739 283 3744 ⁵
449 3757 493 3818 sio
516 3757 614 3820 varios
638 3768 697 3820 tarn
721 3757 809 3838 longa
834 3757 897 3822 dies
921 3758 1094 3821 renouando
1118 3755 1239 3820 dolores

449 3859 533 3922 duxit
556 3861 592 3923 ad
618 3861 674 3924 boc
698 3871 815 3944 tenrpus
838 3880 960 3942 semper
983 3863 1048 3924 sine
1073 3863 1131 3924 stne
1155 3861 1308 3924 minando.

450 3982 520 4027 oum
544 3967 627 4048 potui
651 3963 948 4048 tamen,·obrepens
971 3967 1092 4047 incepta
1116 3966 1230 4046 peregi,

448 4087 508 4149 quo
531 4070 608 4130 ritae
632 4067 741 4130 dubius
764 4066 810 4130 vei
833 4069 877 4130 sio
902 4070 1011 4131 risisse
1035 4066 1164 4130 viderer.

254 4251 267 4257 ”’
366 4257 441 4310 1296.
460 4259 494 4311 99
518 4256 591 4310 Sero.
615 4259 640 4308 tn
664 4258 744 4322 Verp.
765 4261 833 4310 Aen.
856 4257 926 4310 1111
946 4260 999 4334 113
1018 4256 1057 4308 sio
1074 4255 1244 4306 Terentianus
1268 4261 1307 4306 ‘nt
1329 4257 1398 4308 ritae
1416 4256 1509 4308 dubius
1530 4260 1615 4308 varios

248 4339 251 4344 “
293 4342 441 4395 renovando
459 4341 574 4394 doiores'

363 4516 427 4568 taut
450 4516 529 4583 Vero.
550 4518 618 4569 Aen.
638 4517 688 4570 XI.
702 4507 752 4568 72'1
824 4519 889 4568 tata
915 4517 1002 4568 vivida
1024 4533 1082 4585 app.
1105 4524 1165 4583 post
1183 4534 1205 4570 u.
1225 4519 1293 4568 1272
1314 4531 1381 4568 nuno
1403 4531 1460 4584 sqq.
1480 4516 1556 4567 nubet
1576 4517 1615 4578 M,

293 4604 454 4667 transposuit
472 4603 653 4654 Loebmonnua
725 4603 791 4654 tato
813 4605 892 4670 Verp.
907 4605 974 4659 Aen.
994 4605 1011 4656 1
1031 4607 1080 4655 1⁶0
1152 4605 1217 4654 tart
1236 4602 1305 4653 huno
1323 4601 1463 4654 Suetonius
1481 4600 1555 4652 Nunc
1568 4603 1613 4652 M:

296 4687 375 4754 Verp.
395 4688 463 4738 Aen.
483 4687 527 4738 XI
545 4691 596 4739 ost
665 4706 689 4742 u.
709 4692 777 4740 1282
796 4705 849 4740 erran
867 4691 1046 4756 superioribus
1063 4692 1120 4742 sine
1138 4690 1278 4740 interstitio
1296 4689 1455 4740 coniunctum
1477 4687 1554 4738 lanbet
1573 4689 1613 4752 tt,
1670 4673 1673 4678 ¹

184 4780 188 4784 ’
290 4775 423 4840 separauit
441 4773 621 4826 Lorbmaanus
1166 4781 1171 4784 “

1403 4947 1454 4999 at*
