3850 5560
377 299 441 368 628
823 317 1041 368 mousson
1065 316 1256 368 sonrassra

1522 403 1701 455 omma

464 487 620 560 Clausulas
650 491 697 557 bis
726 491 879 592 placeptes
907 491 1096 576 temporibus
1125 491 1215 557 hulus
1244 493 1325 556 modi
1354 511 1421 556 esse
1450 503 1630 562 noscuntur,
1662 511 1700 554 ex

376 595 520 660 trochaeo
544 605 575 660 et
598 595 798 666 antibacchio,
822 607 857 660 ιιι
879 597 990 678 templa
1015 595 1132 660 deiecit.
1180 616 1215 660 ex
1239 596 1383 660 trochaeo
1407 605 1437 659 et
1459 615 1575 678 paeone
1592 596 1639 663 lll.
1665 607 1700 659 ut

185 712 197 735 ·
267 759 268 764 ,
377 717 489 781 corpus
517 703 667 764 animarit.
719 703 807 762 tertia
836 697 1020 783 [clausula]‚
1054 704 1080 763 si
1107 719 1328 782 quemcumque
1362 701 1470 781 pedem
1503 699 1698 777 ditrochaeus

292 829 296 836 ·
378 806 522 868 terminet
547 801 680 886 [linem],
704 815 735 866 ut
758 804 876 885 accepit
899 803 1090 868 cantilenam
1138 801 1298 887 [feliciter]

355 1049 359 1054 -
463 1011 501 1074 lll
523 1012 626 1092 pedes,
650 1012 790 1092 quotiens
813 1011 974 1074 trochaeus
998 1010 1096 1074 locum
1120 1011 1340 1092 paenultimam
1365 1018 1456 1081 tenet,
1479 1018 1549 1072 sunt
1571 1014 1724 1092 congruis

376 1116 548 1186 structuris,
574 1113 730 1184 molossus,
756 1122 788 1175 ut
812 1123 899 1177 uatus
922 1118 1054 1188 deneas;
1086 1119 1206 1178 ionicus
1229 1117 1339 1192 minor,
1369 1123 1403 1175 ut
1430 1115 1494 1194 ipse
1526 1111 1695 1186 Diomedes:

373 1202 494 1280 ionicus
510 1220 617 1289 maior,
635 1227 668 1280 ut
684 1219 748 1300 lpse
765 1215 924 1288 Iunonius:
949 1217 1153 1290 choriambus,
1171 1229 1204 1281 ut
1219 1219 1259 1280 ite
1274 1217 1436 1286 conticuli:
1461 1235 1557 1298 paeon
1573 1219 1694 1298 primus,

378 1328 410 1381 ut
433 1321 494 1382 iste
517 1318 683 1402 legitimus.
705 1317 710 1405 1
730 1323 870 1399 quotiens
884 1339 959 1389 tero
982 1339 1036 1402 pes
1051 1321 1214 1402 praecedit,
1238 1325 1290 1404 qui
1306 1320 1436 1383 mediam
1462 1320 1582 1382 brevem
1599 1319 1694 1393 habet,

376 1421 407 1486 ld
431 1431 478 1487 est
500 1425 735 1506 amphimacrus,
760 1422 909 1507 dactylus,
941 1423 1124 1505 tribrachys,
1156 1423 1186 1485 bi
1211 1423 1313 1508 [ergo]
1344 1422 1511 1486 subiciendi
1540 1430 1622 1494 sunt,
1652 1424 1695 1484 di·

376 1526 546 1608 trochaeus,
571 1536 604 1590 ut
626 1528 725 1591 sidera
749 1527 933 1598 iudicabant,
957 1531 1149 1610 antispastus,
1176 1538 1208 1590 ut
1231 1527 1344 1590 lleleua
1369 1527 1525 1599 maritalis,
1549 1526 1573 1607 †
1595 1530 1692 1590 carina
1709 1541 1735 1582 1⁰

375 1648 566 1712 repercussa.
612 1634 752 1714 quotiens
775 1641 874 1694 autent
905 1633 1058 1712 spondeus
1086 1631 1258 1714 praecedit,
1288 1630 1434 1694 bacchius
1462 1631 1694 1712 postponendus,

362 1737 409 1796 *ut
432 1731 546 1796 lulmen
569 1737 687 1797 tonanti
711 1731 771 1817 [rel
796 1734 961 1799 molossum
986 1745 1017 1798 et
1039 1735 1292 1818 amphibrachyn,
1325 1735 1440 1797 invadit
1469 1742 1634 1804 tonantem,
1664 1744 1695 1796 ut

375 1835 467 1899 addas
491 1835 650 1919 syllabam:
680 1847 905 1912 nammetrum
936 1847 990 1902 est
1041 1839 1162 1922 quidam
1192 1841 1309 1902 metrici
1339 1838 1397 1914 hoc
1426 1850 1524 1902 metro
1551 1830 1692 1908 scribunt,

374 1937 488 2001 lulmen
511 1936 671 2025 tonantis].
720 1942 776 2004 bae
799 1951 870 2005 sunt
892 1943 1022 2024 optimae
1046 1953 1229 2012 structurae,
1253 1961 1329 2024 quae
1354 1962 1389 2004 cx
1414 1940 1558 2004 trochaeo
1581 1950 1611 2002 et
1632 1959 1692 2002 mo·

375 2042 456 2105 losse
479 2053 628 2117 constant,
652 2061 742 2125 quem
767 2043 932 2108 molossum
955 2049 1127 2127 praeposito
1153 2044 1295 2109 trochaeo
1319 2047 1357 2107 ita
1381 2044 1470 2108 soleis
1489 2063 1507 2102 ι
1524 2055 1574 2107 aut
1598 2046 1691 2126 ipsum
1706 2056 1733 2096 1⁵

240 2239 241 2242 Ἴ
374 2146 554 2236 trochaeum
579 2148 676 2211 solvas
700 2152 730 2211 in
753 2147 940 2230 tribrachyn,
965 2160 998 2211 ut
1021 2159 1146 2212 naturae
1169 2148 1286 2211 tribuit.

461 2251 494 2312 Si
517 2258 621 2316 autem
641 2251 772 2314 volueris
795 2251 1019 2330 ampliationem
1049 2251 1165 2322 lacere,
1193 2255 1356 2331 praeponis
1386 2253 1452 2313 istis
1480 2250 1607 2329 pedibus
1628 2253 1692 2331 qui·

277 2425 279 2430 ,
335 2376 337 2380 ’
375 2370 482 2415 narum
506 2353 688 2434 syllabarum
705 2356 828 2434 quosvis
852 2353 926 2417 alios
941 2351 979 2416 'iu
998 2352 1178 2422 elocutione,
1202 2357 1253 2434 qui
1277 2353 1396 2433 quidem
1415 2371 1473 2414 nou
1498 2364 1691 2431 quaeruntur,

329 2465 338 2476 ·
374 2459 399 2518 si
423 2457 504 2537 longi
527 2465 598 2520 sunt
621 2466 673 2520 aut
697 2456 803 2520 breves
826 2455 894 2539 (hoc
923 2459 1034 2518 etenim
1066 2464 1182 2547 tantum
1213 2458 1401 2536 requiretur,
1434 2455 1636 2535 paenultimus
1664 2464 1692 2514 et

263 2592 271 2606 ‹
374 2557 507 2630 ultimus,
531 2576 591 2621 non
616 2560 890 2650 antepaenultlmus
912 2571 943 2623 et
972 2561 1168 2640 superiores),
1198 2570 1322 2642 excepta
1346 2559 1403 2621 hac
1425 2567 1590 2628 structura,
1615 2571 1731 2640 ,quaeso

374 2665 508 2744 quinque
538 2662 645 2725 breves
665 2662 767 2728 babet
795 2675 826 2725 et
855 2673 899 2727 est
927 2662 1136 2726 barbarismus
1165 2663 1255 2734 Aler,
1281 2661 1327 2724 rel
1356 2681 1392 2724 ex
1423 2663 1520 2755 longis
1548 2661 1692 2742 Hispanus

286 2765 293 2778 ⁴
344 2819 346 2822 .
375 2761 469 2846 [quos
499 2764 699 2829 debeamus
692 2785 723 2830 ro
754 2769 812 2830 line
840 2765 1043 2830 clausularum
1073 2763 1266 2848 observare];
1297 2765 1342 2828 rel
1372 2783 1410 2827 ne
1438 2757 1499 2828 siut
1527 2763 1566 2826 lll
1588 2765 1691 2843 longae

373 2877 424 2930 aut
447 2867 499 2931 llll
523 2867 639 2942 breomes
664 2888 702 2932 ue
726 2867 929 2952 monosyllaba
954 2887 1023 2950 pars
1051 2869 1196 2931 orationis
1224 2871 1383 2952 terminet,
1414 2886 1451 2930 ne
1481 2868 1541 2929 sint
1564 2867 1603 2928 ΙΙΙ
1632 2877 1690 2928 tro·

373 2957 468 3042 chael,
492 2991 531 3036 ne
554 2974 592 3034 sit
617 2991 721 3036 versus
743 2972 858 3035 heroici
882 2974 1063 3054 principium
1087 2972 1131 3032 vel
1155 2973 1237 3042 linis,
1269 2984 1298 3033 et
1322 2991 1359 3032 ue
1390 2973 1450 3033 sint
1472 2969 1549 3032 duae
1578 2970 1690 3040 breves,

375 3083 436 3137 tres
460 3073 567 3155 longae
592 3085 621 3137 et
645 3083 707 3138 tres
731 3075 876 3156 dactyli.
890 3071 1045 3150 clausulae
1065 3093 1124 3138 non
1143 3075 1239 3137 solum
1264 3075 1354 3154 pleno
1376 3093 1466 3137 sensu
1490 3072 1601 3135 debent
1617 3075 1689 3143 lieri,
1703 3083 1729 3124 ²⁵

375 3195 477 3238 verum
506 3185 536 3238 ct
562 3179 593 3239 in
623 3179 822 3242 commatibus
851 3177 978 3256 singulis
1006 3187 1036 3240 et
1068 3177 1182 3240 divisae
1212 3187 1242 3240 et
1278 3176 1385 3258 plenae
1419 3178 1504 3240 liunt.
1554 3195 1625 3239 sane
1659 3179 1689 3237 in

375 3290 495 3342 oratore
519 3283 562 3344 ait
584 3280 701 3344 Tullius
725 3282 782 3344 hoc
808 3300 874 3344 esse
897 3279 1060 3344 vitandum.

530 3385 664 3466 quinque
689 3383 806 3454 breves,
831 3383 955 3446 totidem
979 3381 1084 3463 longas
1108 3381 1318 3466 triplicemque
1343 3383 1519 3446 trochaeum

528 3486 704 3566 heroieique
729 3495 819 3566 caput
844 3487 994 3566 tinemquo
1019 3495 1130 3558 cavete,
1157 3483 1273 3550 diserti.
1408 3554 1414 3560 ,

373 3589 492 3651 initium
515 3606 635 3661 versus,
666 3601 697 3653 ut
726 3600 798 3670 puta
827 3587 904 3652 ‘rota
935 3589 1068 3651 llioerra
1091 3591 1195 3660 iuvat',
1225 3587 1480 3670 peuthemimeres
1504 3596 1563 3659 est;
1593 3590 1727 3664 flnem‚³⁰

374 3695 456 3754 ‘vera
481 3694 639 3774 potestas'.

460 3795 600 3876 Optimae
625 3803 796 3880 structurae
820 3795 876 3859 hae
899 3805 971 3858 sunt
994 3795 1080 3867 duae,
1106 3814 1141 3857 ex
1165 3795 1307 3857 trochaeo
1332 3803 1360 3856 et
1383 3793 1522 3868 molosso,
1547 3805 1578 3857 ut
1599 3793 1689 3856 laetus

375 3901 500 3970 deneas,
523 3901 597 3963 item
622 3919 659 3962 ca
683 3899 825 3962 trochaeo
850 3910 879 3963 et
903 3919 1018 3983 paeone
1042 3901 1140 3971 tertio,
1165 3907 1198 3963 ut
1221 3919 1316 3981 poena
1341 3897 1486 3979 capitalis.

460 4001 518 4064 Sed
543 4011 576 4066 ot
599 4001 787 4072 brevissime,
812 4004 856 4065 ait
880 4001 1006 4073 Probus,
1031 4003 1068 4065 de
1092 4007 1255 4066 structuris
1278 4002 1499 4066 delectantibus
1522 4001 1686 4066 doceamus.

374 4177 388 4184 ι-
401 4177 579 4185 --——-—-——

346 4353 350 4359 ·
443 4275 650 4381 Btmiplespnppe
706 4282 880 4382 culmddheas
899 4329 924 4380 B
1003 4331 1032 4382 10
1050 4325 1150 4397 carino]
1168 4330 1285 4394 sortasse
1304 4341 1432 4380 consonat
1449 4331 1489 4381 ael
1506 4329 1621 4380 Taenaro

375 4417 407 4466 tt
425 4414 465 4466 rel
487 4415 633 4467 molossum
657 4441 689 4452 -
709 4417 742 4467 tt
760 4415 856 4468 lulmen
885 4417 997 4466 tonantis
1024 4417 1167 4483 antiquiori
1193 4417 1373 4468 commentario
1395 4422 1491 4482 posteo
1519 4417 1608 4466 addita
1634 4427 1686 4462 esre

373 4503 504 4556 ridentur,
563 4502 595 4553 15
613 4497 714 4562 laenati,
734 4519 809 4569 puato
821 4505 941 4564 indicari,
955 4507 1097 4568 coemptura
1110 4504 1213 4554 ιιιοιοιιι
1223 4503 1301 4554 soluti
1313 4504 1413 4553 excidit
1483 4505 1516 4554 td
1534 4497 1610 4566 quae]
1629 4497 1687 4562 quia

373 4601 442 4639 corr.
463 4603 530 4652 quae
548 4585 574 4636 B
678 4589 711 4639 22
729 4603 797 4652 quos
816 4589 956 4640 debeamus
976 4589 1001 4639 iu
1021 4587 1098 4639 tlueut
1117 4587 1143 4638 B
1165 4599 1229 4652 quot
1253 4587 1393 4639 debeamus
1418 4589 1442 4638 io
1468 4590 1518 4638 tine
1541 4605 1563 4637 o.
1598 4585 1688 4636 seriori

373 4673 451 4724 verbo
470 4690 505 4725 ex
524 4674 639 4741 marpirre
656 4676 739 4726 inlato
823 4661 878 4727 ’23
890 4669 929 4725 'ue
948 4673 1094 4740 monosytts
1113 4690 1174 4742 pars
1195 4675 1320 4726 orationis
1340 4674 1490 4726 terminetur
1508 4673 1533 4722 B
1551 4686 1584 4722 ne
1602 4684 1687 4722 mauo-

375 4759 476 4822 syllobo
497 4775 557 4826 purs
577 4761 703 4811 orationis
723 4761 872 4812 terminetur
890 4779 904 4811 o
973 4761 1008 4812 26
1026 4756 1103 4828 hunt]
1124 4760 1186 4812 liant
1203 4760 1230 4810 B
1300 4761 1333 4812 28
1352 4759 1444 4826 loripes
1463 4777 1478 4810 a
1496 4759 1590 4823 longae
1609 4756 1633 4807 B

375 4846 408 4894 :st
426 4857 454 4894 ut
471 4861 518 4897 ont.
538 4845 573 4912 B,
597 4847 658 4899 odd.
678 4864 692 4898 o
711 4861 746 4897 ex
765 4847 851 4898 Probo
940 4842 1053 4914 Probus]
1073 4847 1166 4898 cathol.
1183 4863 1211 4912 p.
1233 4849 1277 4906 43,
1299 4851 1328 4896 7:
1347 4847 1382 4910 cs.
1404 4845 1513 4896 Socerd.
1529 4861 1556 4910 p.
1577 4843 1635 4902 195,
1653 4845 1687 4894 tt
