3906 5564
634 233 714 288 aar.
733 233 843 287 canti.
863 233 936 289 nnn.
953 235 995 288 111
1014 237 1037 299 ι,
1059 237 1087 288 ιι
1109 264 1139 274 -
1159 237 1184 302 a,
1200 239 1230 288 ιι
1537 235 1596 301 103

301 346 321 389 p.
335 335 394 378 255⁰.
408 337 434 378 itt
449 333 472 378 Ρ.
1408 351 1429 393 p.
1446 340 1490 384 tto.
1503 341 1528 382 tt
1543 339 1569 384 G.

275 426 346 490 item
376 443 413 489 ex
443 427 635 507 anapaestico
665 427 792 488 dimetro
821 423 985 490 acatalecto
1016 437 1045 490 et
1083 427 1214 492 iambico
1250 428 1380 492 dimetro
1412 427 1594 500 catalectico,

277 537 309 592 ut
330 537 376 592 esi

421 647 477 711 age
500 649 582 696 utnne
605 635 729 696 comites
753 631 875 694 rabidae
899 631 1025 714 Cybeles
1049 644 1156 698 vocant
1179 634 1288 698 choros
1311 635 1347 698 ad
1372 653 1450 700 aras.

275 734 421 818 intellegis
448 737 540 816 igitur
562 746 652 820 atque
680 739 747 819 ipso
775 753 867 799 sensu
891 734 1118 800 abhorrentium
1149 741 1265 802 aurium
1289 741 1420 821 percipis
1449 740 1508 804 duo
1533 761 1594 804 me·

249 848 389 904 suorum
418 840 483 903 cola
515 839 692 904 dissidentia
720 841 800 902 inter
828 859 862 902 se
895 841 936 904 ita
966 841 1147 922 contraqose
1181 854 1271 924 atque
1300 861 1408 924 aspere
1437 847 1532 908 coisse
1564 847 1593 908 in

276 945 419 1010 unitatem
449 947 724 1026 conexionemque.
761 951 794 1006 ut
824 943 980 1025 superiora
1010 943 1109 1009 lenem
1138 965 1172 1010 ac
1200 947 1344 1029 liquidam
1375 947 1592 1033 [nequaquam]
1622 1001 1624 1004 .

275 1050 450 1114 convenisse
474 1047 623 1112 videntur.
669 1049 740 1110 item
764 1051 950 1130 etquattuor
973 1048 1099 1130 dactylis
1123 1059 1184 1116 tres
1201 1050 1371 1122 trochaeos,
1396 1069 1472 1133 quos
1488 1062 1595 1116 vocant

176 1232 178 1236 Ι
275 1151 516 1235 ithyphallicuut,
540 1155 661 1234 iungas,
685 1152 743 1215 erit
764 1140 1013 1234 cacodaemone,
1040 1163 1073 1216 ut
1094 1162 1140 1216 est
1161 1152 1250 1225 illud.

480 1267 552 1320 tunc
574 1267 605 1320 et
626 1257 738 1320 amoris
761 1274 846 1320 aanor
868 1257 949 1320 rettit
970 1254 1129 1338 improbus
1152 1255 1245 1336 aliger
1268 1258 1393 1340 Cupido.

239 1370 430 1446 ropraeterea
459 1361 677 1444 permixtiones
710 1359 845 1423 colorum
876 1357 921 1444 [id
952 1369 998 1422 est
1026 1359 1248 1444 membrorum]
1278 1363 1308 1424 iu
1338 1363 1442 1427 metris
1471 1364 1593 1446 quadri·

275 1465 401 1546 periitne
427 1473 510 1528 suat.
555 1472 610 1526 οιιι
638 1469 718 1528 enim
745 1473 842 1527 metro
871 1483 906 1526 ex
936 1463 1054 1526 duobus
1082 1463 1158 1526 colis
1182 1465 1366 1547 irnperleetis
1395 1468 1594 1531 conciliantur
1689 1509 1692 1516 -

275 1577 325 1631 aut
344 1587 386 1632 ex
408 1567 527 1632 dnobus
549 1569 693 1650 perlectis
715 1578 767 1632 aut
790 1586 827 1630 ex
854 1569 991 1650 perlecto
1015 1576 1045 1630 et
1067 1566 1246 1650 imperfecto
1270 1578 1321 1632 aut
1343 1579 1464 1642 corttra,
1494 1572 1524 1634 id
1549 1583 1594 1634 est

274 1693 309 1736 ex
330 1674 509 1756 imperfecto
532 1680 563 1735 ct
583 1671 732 1754 perlecto,
756 1670 835 1754 qnod
852 1663 1091 1753 doovoipeqeoo
1112 1669 1328 1754 appellavimus
1352 1683 1480 1747 nreuon,
1504 1677 1592 1756 quale

275 1784 318 1841 est
339 1796 376 1842 ex
396 1776 528 1840 iambico
552 1774 681 1840 dimetro
704 1774 867 1838 acatalecto
891 1783 922 1836 et
943 1775 1136 1858 ithyphallico
1159 1779 1357 1858 compositum
1382 1778 1438 1850 ita,

238 1908 262 1950 ιι
592 1879 679 1942 iubar
702 1897 833 1960 superne
857 1877 967 1960 fulgida
991 1878 1071 1942 lucet
1093 1897 1163 1942 arce
1185 1880 1270 1944 caeli.

274 1995 322 2048 aut
344 1992 448 2069 contra
473 2003 509 2048 ex
533 1981 686 2046 trochaico
710 1983 840 2046 dimetro
863 1980 1035 2064 acatajlecto
1059 1993 1089 2046 et
1109 1982 1237 2046 iambico
1254 1984 1382 2048 dimetro
1406 1985 1589 2060 catalectico,

276 2084 380 2172 velutfl

489 2193 491 2198 '
565 2190 679 2256 caeruli
702 2192 840 2255 blenoeta
864 2192 948 2273 ponti
972 2197 1102 2272 ratisque
1127 2193 1292 2254 rectitator.

274 2297 304 2359 in
332 2296 397 2360 eius
425 2294 506 2360 ntonli
537 2296 617 2358 enlm
648 2294 783 2357 versibus
815 2293 1021 2358 membrorum
1051 2292 1208 2357 manifesta
1246 2281 1387 2358 discretio
1416 2304 1469 2360 cst.
1516 2317 1592 2381 quae

237 2409 372 2469 mantem
396 2419 431 2462 ex
455 2399 573 2462 duobus
595 2397 783 2479 imperfectis
811 2399 885 2461 colis
909 2397 954 2480 [id
979 2405 1024 2460 est
1048 2397 1206 2480 membris]
1230 2399 1443 2473 eotrciliantur,
1475 2403 1522 2464 rin
1546 2413 1592 2464 est

276 2523 379 2568 eorum
408 2503 631 2586 separationem
662 2501 904 2583 divisionemque
932 2519 1133 2582 cognoscere.
1172 2503 1201 2564 iu
1232 2502 1278 2565 ltis
1307 2505 1485 2585 praecipue,
1515 2525 1590 2587 qntae

275 2609 417 2671 minimae
445 2607 637 2689 proceritatis
666 2622 780 2666 conexa
809 2608 988 2685 iunguntur:
1026 2604 1154 2686 caetnpli
1183 2609 1278 2686 gratia
1307 2609 1331 2670 si
1359 2611 1399 2670 sit
1427 2607 1589 2671 iambicum

274 2713 434 2775 dimetrum
447 2709 654 2774 catalecticum
668 2717 698 2771 et
715 2720 859 2791 sequatur
867 2708 1045 2791 dactylicum
1058 2709 1219 2772 dimetrum
1234 2709 1523 2792 braclrycatalectum
1541 2716 1590 2783 ita,

189 2793 192 2801 ⁵
771 2810 907 2895 †dicata
930 2831 968 2875 ex
990 2814 1081 2883 lario.

238 2941 341 2986 ascum
363 2923 403 2984 sit
424 2919 568 2984 traditum
591 2915 689 2980 colum
712 2919 753 2981 ita
776 2916 898 2980 demum
922 2917 1017 2980 iustae
1040 2918 1230 2998 proceritatis
1253 2921 1357 2998 accipi,
1384 2921 1409 2983 si
1433 2921 1538 2984 decem
1562 2935 1591 2986 et

274 3033 341 3088 octo
364 3023 551 3105 temporibus
573 3020 760 3104 suppleatur.
807 3040 874 3083 curu
898 3033 997 3083 autom
1021 3039 1077 3083 oue
1100 3021 1157 3083 coli
1181 3041 1353 3086 ascensuram
1383 3023 1512 3088 brevitas
1535 3029 1589 3090 ista

344 3209 356 3259 1
375 3208 435 3256 itern
454 3219 487 3256 ex
506 3204 674 3272 anapaestico
694 3229 726 3240 —
745 3204 761 3254 3
779 3203 812 3252 ad
830 3216 889 3253 aras
907 3218 934 3268 p.
954 3204 1015 3264 tta,
1028 3204 1071 3252 12.
1090 3203 1162 3252 2593

344 3364 407 3413 lex
426 3372 569 3427 anapaesto
588 3359 728 3409 acatalecto
750 3357 838 3414 ΑΒς
925 3357 1072 3422 tpencipis
1091 3356 1117 3406 B
1134 3355 1223 3412 Vota
1243 3341 1403 3424 pen-eipebet
1485 3364 1590 3413 avom.
1639 3411 1643 3419 .

275 3431 376 3495 ltapose
395 3433 419 3484 A
492 3430 518 3479 iu
532 3430 653 3480 nnttitment
667 3428 869 3486 cottuexionum,
889 3437 916 3477 ut
934 3427 1069 3493 superiora
1087 3426 1144 3476 lene
1161 3441 1191 3475 ae
1210 3426 1333 3488 liqnninlum
1352 3443 1513 3492 nequaquam
1528 3449 1589 3483 conn-

275 3503 375 3551 nneuisse
390 3498 525 3550 uideantur
537 3511 563 3554 ς.
588 3498 705 3560 [irritasse
718 3497 743 3547 lu
758 3497 883 3546 unitatem
896 3496 1126 3559 connexionemque,
1145 3504 1171 3544 ut
1185 3497 1320 3560 superiora
1337 3498 1361 3546 iu
1375 3497 1458 3548 lenem
1471 3514 1500 3548 ac
1515 3501 1588 3564 liqui-

275 3571 332 3619 dom
350 3569 521 3620 conexionem
541 3581 727 3630 usquequaque
745 3566 900 3616 contrenisso
918 3564 1061 3615 vicinantur.
1131 3564 1147 3613 'i
1166 3562 1245 3629 quos]
1264 3565 1334 3627 quonl
1353 3578 1369 3622 ς
1433 3569 1449 3618 8
1468 3569 1589 3636 itlriplnnnl-

275 3639 340 3690 licuu
359 3641 384 3691 A
455 3639 488 3689 10
506 3647 639 3704 praeterea
657 3637 796 3703 permistio
815 3633 928 3684 colorum
948 3636 973 3682 io
993 3634 1083 3684 meu-io
1096 3633 1285 3700 quadripertita
1304 3647 1354 3686 cst:
1374 3649 1419 3685 aut
1436 3652 1469 3688 ex
1487 3639 1589 3690 doniam

275 3709 335 3758 colis
354 3706 510 3775 imperiectis
529 3704 680 3756 cottciiiatur
703 3717 746 3753 aut
765 3719 797 3753 ex
816 3703 918 3753 dntulms
943 3702 1063 3769 perlectis
1082 3715 1126 3751 ant
1149 3717 1182 3753 cx
1201 3702 1314 3768 perlecto
1334 3715 1358 3753 ct
1377 3705 1526 3772 imperiecto
1546 3725 1591 3758 anu

275 3789 361 3826 conttra
380 3775 450 3840 quod
471 3765 672 3841 ἅσονᾶοτητοο
689 3770 877 3840 appellavimus
897 3784 1004 3821 taretrom
1025 3771 1154 3837 Berqlrirta
1171 3771 1198 3821 ia
1215 3775 1424 3825 comatentott'oae
1442 3778 1590 3828 arndeoo'co

275 3847 388 3910 bemlirii
405 3845 619 3911 Morperpen'nai
637 3846 692 3910 lepe
710 3843 781 3894 edito
801 3843 863 3896 Hal.
881 3858 906 3892 ο.
925 3844 993 3893 1863
1011 3858 1038 3906 p.
1058 3845 1074 3892 6
1097 3851 1230 3906 praeterea
1249 3856 1295 3908 per
1316 3843 1456 3894 mixtiones
1474 3846 1588 3896 colorum

276 3915 302 3980 (i.
322 3931 343 3965 e.
363 3914 549 3976 membrorum)
571 3913 596 3962 iu
617 3913 704 3963 nttetris
723 3912 912 3978 quadripartita
935 3923 974 3960 est
992 3910 1067 3959 ratio.
1099 3921 1178 3958 metra
1197 3911 1265 3960 enim
1289 3923 1333 3960 aut
1352 3927 1383 3960 ex
1403 3913 1505 3964 duobus
1525 3915 1588 3965 colis
1618 3929 1628 3947 ²

275 3983 431 4052 irnperleetis
450 3982 620 4034 conciliantur
638 3993 682 4032 ant
700 3981 802 4031 nlnnobus
822 3980 950 4048 perlectis,
969 3992 1014 4028 aut
1031 3993 1064 4030 ex
1083 3979 1196 4045 perlecto
1215 3991 1240 4028 et
1257 3979 1419 4046 imperfecto,
1438 3995 1482 4032 aut
1499 3997 1589 4035 contem

275 4055 291 4104 i.
311 4071 332 4109 e.
350 4067 383 4104 ex
400 4052 551 4120 imperiectn
570 4065 595 4101 et
614 4049 725 4117 perfecto
751 4051 926 4115 Westpltoliue
945 4047 1024 4101 lletr.
1043 4065 1065 4102 a.
1086 4047 1118 4098 II
1135 4063 1162 4114 p.
1182 4051 1233 4100 tat
1255 4049 1295 4102 eti.
1317 4065 1378 4110 aec..
1402 4053 1446 4117 qui
1468 4069 1499 4104 eo
1523 4071 1589 4120 quoe

275 4123 367 4174 deinde
382 4129 525 4189 aequantur
543 4121 626 4172 alieno
645 4122 700 4170 loco
719 4136 736 4170 o
751 4123 918 4186 ιιινοιιιιιιοιιόο
936 4118 1028 4169 addito
1046 4132 1102 4168 erae
1119 4121 1217 4168 censuit
1278 4120 1480 4186 quadripartitae
1556 4139 1589 4174 ex

276 4191 375 4242 duobus
395 4191 451 4246 Aa
467 4195 562 4243 lucano
579 4188 754 4254 duodeviplatt'
772 4188 832 4251 sere
853 4190 998 4239 litterarum
1019 4193 1079 4238 onte
1097 4201 1130 4236 ex
1147 4189 1175 4237 ia
1193 4188 1218 4237 A
1237 4189 1330 4239 relicte
1347 4188 1534 4257 quadripertita
1550 4205 1589 4243 esc

277 4275 369 4312 autex
386 4259 490 4312 dnobus
507 4258 534 4308 B
604 4259 636 4308 tt
659 4269 703 4306 aut
720 4255 823 4307 dnobus
842 4257 933 4313 Alte
1004 4257 1035 4308 13
1058 4265 1157 4306 metron
1176 4257 1201 4306 A
1224 4267 1331 4307 metrum
1350 4256 1405 4314 ςΒ
1458 4262 1507 4314 ,14
1529 4277 1587 4311 aea-

277 4325 540 4450 talectoqcatalectico
560 4329 584 4378 A
599 4325 653 4382 Βς
725 4326 756 4376 15
775 4321 860 4393 iubar]
879 4327 957 4377 scltol.
972 4325 1055 4376 Arist.
1069 4341 1109 4391 eq.
1123 4327 1173 4376 ⁷5⁶
1191 4311 1231 4376 ὧν
1249 4319 1280 4376 οἱ
1290 4320 1351 4406 ,μὲν
1368 4329 1446 4391 τρεῖς
1462 4319 1588 4394 devocio-

277 4415 354 4467 rqcot
387 4395 402 4462 ξ
427 4393 567 4463 ἱαμβιιιοῦ
594 4390 733 4462 depa'apou
760 4385 965 4460 οἱιιαταιήιιτοο
993 4391 1045 4445 aovi
1070 4387 1255 4459 καλουμένου
1281 4395 1509 4460 αναιιρεοιιτειόυ
1537 4397 1588 4451 uoti

277 4464 431 4536 τοοχοικοῦ
449 4461 650 4531 ὒθυφιιλιιιιοῦ
669 4457 923 4540 τοῦκιιαιοομὲνοιι
941 4455 1118 4532 ἆρχιιοχίου.
1147 4464 1280 4516 καλεῖται
1298 4459 1331 4515 dl
1352 4458 1444 4516 ταῦτα
1462 4458 1588 4532 ἀσυνάρ-

276 4527 541 4605 easaetenatone.
570 4529 626 4587 cirri
645 4527 700 4601 peip
718 4547 806 4598 ομοια
829 4529 868 4602 τῷ
887 4523 1052 4602 Εὐριπίδου
1067 4525 1153 4603 Ἑῷος
1173 4524 1254 4600 ἡνίχ’
1279 4525 1403 4598 initiens
1422 4525 1588 4602 ἐξέλαμψεν

277 4595 373 4674 ἀστήρ.
396 4605 432 4670 cs.
454 4605 596 4670 Hepllaeat.
615 4621 643 4670 p.
662 4607 704 4666 54,
719 4606 735 4652 2
753 4604 794 4656 ed.
819 4602 938 4668 Wertpd.
1013 4603 1043 4653 ta
1065 4614 1182 4654 menoeta
1201 4601 1254 4652 Ba
1270 4603 1329 4654 Vol.
1348 4615 1469 4654 monneto
1489 4606 1513 4657 A
1532 4623 1588 4657 nnnc-

279 4679 406 4736 narchae
488 4679 519 4728 19
538 4673 616 4742 quae]
638 4675 722 4740 quiB
800 4673 928 4743 atquae]
949 4675 993 4740 qul
1014 4673 1037 4723 B
1115 4675 1148 4724 22
1164 4673 1280 4736 sortasse
1299 4673 1434 4724 iambicum
1454 4689 1588 4728 monome-

278 4763 341 4803 trum
357 4746 534 4800 catalecticum
554 4771 586 4784 -
604 4748 653 4804 ita,
673 4743 758 4795 dicata
776 4754 893 4795 nectareo
981 4746 1013 4796 23
1032 4742 1205 4794 catalecticum
1226 4744 1249 4793 A
1274 4743 1423 4794 catalectum
1443 4745 1497 4800 en

278 4828 310 4877 24
325 4818 408 4870 dicata
426 4829 467 4868 est
483 4815 557 4869 ιιιιιίο
576 4829 595 4873 ε
