3906 5564
655 285 736 342 ser.
755 284 867 338 euru.
892 285 954 340 um
982 258 1203 352 uue,1-.1'e
1436 261 1447 270 “
1530 280 1592 347 159

295 386 460 443 passo-er.
492 447 494 451 Ι
977 421 980 426 .
1401 383 1564 440 pusioli.

268 477 443 557 magisterio
459 479 593 539 maiores
609 487 741 550 nostros,
766 478 844 557 quod
869 467 979 540 meotis
1002 479 1061 542 iam
1084 475 1173 560 pulsu
1195 488 1225 540 et
1247 475 1376 542 naturali
1393 477 1591 556 conceptione

269 577 467 662 collegerant,
492 583 550 644 arti
573 600 608 644 ac
631 580 807 664 discipliuae
829 579 1000 646 tradidisse.
1047 582 1180 665 denique
1203 580 1238 643 ad
1263 576 1445 644 modulanda
1469 576 1588 661 eademi¹

267 702 359 748 sensu
395 681 525 764 quodam
559 686 712 767 animique
750 692 832 748 motu
865 681 1039 749 instruente
1071 705 1125 750 nos
1157 684 1237 748 velut
1270 685 1415 765 magistro
1450 683 1591 772 ducimur

169 835 172 840 ·
217 809 220 816 ⁴
268 796 432 870 gestusque
456 789 545 850 etiam
569 790 708 872 corporis
731 789 854 868 imagini
877 787 1089 852 modulationis
1112 807 1262 870 congruos
1284 789 1398 854 incitati
1421 783 1590 850 odientibus

241 893 505 956 ocommodamus.
551 895 662 955 etenim
687 901 719 955 ut
741 899 868 954 accentu
897 893 979 956 vocis
1008 893 1109 976 dispar
1139 910 1233 956 sonus
1255 911 1315 956 noo
1340 890 1506 972 disciplina,
1536 887 1588 952 sed

267 1004 375 1060 natura
399 995 514 1070 editur,
543 998 584 1060 ita
615 999 705 1060 etiam
729 994 862 1076 rhythmi
887 1005 916 1058 et
939 994 1016 1060 mele
1039 997 1190 1060 variandis
1218 1005 1309 1060 cantu
1336 993 1590 1059 modulationibus

267 1101 352 1182 prius
373 1108 479 1182 suapte
502 1107 610 1164 natura
633 1118 723 1183 quam
747 1099 819 1162 artis
840 1101 1007 1162 structione
1029 1101 1205 1181 gignuntur.

353 1203 406 1266 liis
428 1204 623 1267 accedentem
647 1212 677 1266 et
699 1210 934 1266 consentaneam
959 1204 1046 1266 ctiam
1067 1201 1269 1285 Theophrasti
1292 1204 1463 1286 opinionem
1488 1200 1588 1265 erudi·

268 1305 397 1370 tioribus
419 1305 528 1372 litteris
551 1305 629 1372 lraud
653 1307 921 1390 praetermiserim,
945 1307 1114 1371 adserentis
1137 1309 1321 1370 incentivum
1345 1315 1375 1369 et
1398 1323 1457 1370 non
1481 1323 1589 1389 parvos

200 1443 206 1456 ·
228 1429 254 1471 xo
267 1413 399 1493 impetus
415 1409 472 1482 his,
496 1409 608 1490 quihus
624 1408 710 1474 cordi
733 1419 779 1474 cst
802 1428 925 1474 carmen
941 1429 996 1494 per
1011 1409 1089 1474 mele
1108 1406 1288 1496 [memorum
1305 1409 1462 1494 numeros]
1488 1411 1587 1482 edere,

267 1513 305 1577 ab
328 1513 561 1587 adlectionibus,
593 1533 666 1597 quas
689 1513 797 1578 Graeci
820 1510 916 1596 πάθη
947 1513 1114 1597 appellant,
1136 1515 1265 1596 suggeri
1289 1523 1319 1576 et
1341 1514 1520 1598 quibusdam
1543 1515 1589 1576 io·

267 1615 445 1681 calescentis
466 1617 582 1699 ingenii
604 1617 732 1682 stimulis
756 1619 891 1691 incitari,
916 1616 1027 1698 quibus
1049 1616 1179 1681 sublime
1203 1617 1419 1683 cothurnatum
1443 1635 1587 1681 canorum

267 1727 297 1784 et
319 1722 424 1802 tragici
445 1721 591 1803 ponderis
618 1741 742 1786 carmen
773 1722 889 1784 edatur.
935 1741 1064 1805 quorum
1095 1724 1277 1804 tripertitam
1308 1723 1447 1787 virtutem
1477 1723 1507 1785 iu
1532 1723 1589 1784 isto

267 1822 421 1888 dumtaxat
449 1843 465 1888 a
495 1824 616 1889 dicendi
644 1843 737 1907 opere
766 1827 806 1888 ita
839 1825 997 1891 discernit.
1042 1824 1159 1890 inducit
1181 1829 1261 1890 enim
1285 1826 1477 1909 voluptatem,
1501 1825 1588 1895 iram,

227 1943 253 1986 ιι
268 1926 509 2002 enthusiasmos,
534 1927 625 1993 veluti
648 1931 725 1993 sacri
751 1929 864 1992 luroris
887 1931 1078 2004 instinctum,
1103 1939 1135 1992 nt
1157 1929 1266 1995 Graeci
1289 1938 1410 2002 vocant,
1439 1947 1499 2012 quo
1523 1927 1589 1992 ioti-

267 2031 327 2122 dici
350 2041 431 2096 vates
454 2033 652 2115 inspirantur.
700 2052 798 2115 neque
821 2032 935 2107 abnuo,
965 2033 1018 2097 sed
1041 2035 1136 2115 magis
1159 2032 1296 2114 adprobo
1319 2053 1379 2098 non
1403 2032 1476 2095 nihil
1500 2033 1589 2096 etiam

266 2135 314 2198 his
336 2132 504 2200 adfectibus
533 2155 623 2201 omne
643 2137 823 2218 ingenium,
853 2139 902 2201 cui
932 2139 1040 2201 musici
1063 2137 1207 2200 carminis
1235 2137 1366 2202 studium
1392 2143 1452 2209 est,
1481 2143 1588 2200 natura
1679 2186 1685 2198 .

267 2238 424 2302 dumtaxat
445 2239 531 2321 prius
553 2240 589 2303 ad
613 2239 643 2303 id
666 2239 859 2313 informante,
884 2251 1001 2316 natura,
1025 2250 1171 2324 utsupra
1196 2240 1378 2313 dictumest,
1403 2249 1531 2327 parente
1555 2259 1588 2303 ac

196 2415 202 2422 ,
266 2344 404 2426 principe
433 2345 464 2406 in
496 2344 593 2408 maius
622 2342 725 2408 extolli
753 2347 887 2426 satisque
910 2363 1058 2428 prospero
1085 2343 1142 2409 sub
1165 2343 1254 2408 huius
1277 2344 1358 2408 modi
1382 2347 1491 2409 meotis
1514 2343 1589 2406 inci·

227 2465 254 2507 ao
268 2449 380 2511 tatione
401 2449 573 2529 provenire.
612 2467 743 2531 namque
765 2451 885 2512 insitam
910 2458 940 2511 et
962 2449 1125 2530 ingenitam
1150 2451 1262 2513 nostris
1285 2448 1426 2513 sensibus
1442 2449 1587 2511 musicam

264 2551 356 2615 iidem
378 2552 547 2626 iustmuut,
577 2551 717 2616 adiuvant
740 2562 770 2616 et
792 2555 822 2615 in
847 2555 942 2616 maius
965 2571 1053 2636 quam
1077 2554 1193 2632 ingenii
1216 2553 1361 2635 citiusque
1385 2555 1477 2616 virtus
1500 2561 1546 2616 est
1559 2548 1574 2636 11

191 2711 199 2738 ,
266 2652 446 2735 provehunt.
491 2656 530 2716 ita
555 2673 621 2719 esse
644 2663 734 2738 atquc
761 2657 803 2718 ita
825 2655 931 2719 haberi
961 2656 1049 2720 docet
1076 2673 1181 2720 eorum
1211 2655 1398 2737 exemplum,
1428 2657 1480 2737 qui
1508 2657 1587 2718 sacri

266 2759 379 2823 iurnris
402 2759 583 2840 spiratione,
612 2769 645 2823 ut
668 2759 808 2833 diximus,
833 2757 1092 2844 [enthusiasmon]
1117 2757 1198 2842 pieni
1222 2779 1275 2824 ore
1299 2763 1439 2824 intonant
1460 2761 1586 2838 tragico,

266 2881 321 2924 nec
344 2871 434 2925 sonat
456 2861 582 2926 mortale
606 2861 686 2945 quod
706 2871 827 2926 canrrnt.
869 2862 906 2926 de
929 2883 1058 2948 quorum
1082 2871 1182 2928 mente
1205 2883 1240 2926 ac
1262 2863 1457 2928 similitudine
1479 2873 1587 2946 poetae

227 2955 344 3048 s'sapud
368 2985 432 3036 ons,
456 2965 539 3029 reiut
561 2966 667 3030 eodem
697 2965 797 3031 calore
821 2969 941 3030 excitati
964 2967 1000 3032 ad
1024 2967 1182 3051 pangenda
1206 2969 1350 3040 carmina,
1381 2976 1462 3032 vates
1485 2964 1587 3050 appel·

265 3069 316 3133 lati
331 3068 541 3152 perhibentur.
577 3069 660 3134 Plato
684 3072 774 3134 ctiam
798 3071 887 3134 huius
910 3073 955 3135 rei
979 3074 1065 3134 testis
1089 3079 1143 3144 est,
1168 3071 1312 3136 adserens
1329 3088 1491 3155 numquam
1515 3089 1587 3152 poe·

266 3183 324 3236 tam
348 3191 472 3238 carmen
495 3193 585 3256 posse
608 3173 806 3239 memorabile
835 3176 902 3237 sine
931 3175 1074 3238 instinctu
1103 3175 1217 3238 iuroris
1240 3177 1357 3240 eiicrre.
1403 3175 1483 3239 unde
1507 3173 1585 3257 apud

265 3286 382 3341 veteres
404 3276 542 3360 plerique
565 3288 722 3360 poetarum
747 3287 961 3360 oratorumque
984 3275 1020 3340 ad
1045 3278 1234 3342 excitandum
1254 3277 1385 3344 calorem
1402 3280 1495 3342 animi
1518 3279 1587 3340 rino

265 3379 388 3452 hausto,
417 3381 496 3444 reiut
519 3383 669 3445 incentivo
692 3379 851 3466 torpenitis
873 3382 903 3442 in
927 3400 960 3444 se
983 3390 1108 3446 naturae
1132 3401 1186 3446 seu
1209 3384 1338 3446 senioris
1361 3384 1491 3464 ingenii,
1516 3399 1585 3444 cum

228 3483 294 3546 aoid
317 3483 375 3547 sibi
399 3482 524 3566 pulchre
548 3486 722 3568 provenisse
747 3493 872 3568 experto
896 3485 1088 3557 didicissent,
1112 3489 1293 3568 scripturam
1315 3487 1463 3570 propositi
1486 3487 1587 3568 operis

266 3587 530 3669 adgrediebantur.
575 3591 663 3652 testis
685 3588 774 3652 huius
797 3592 841 3652 rei
865 3591 954 3652 etiam
978 3588 1131 3662 Horatius,
1155 3590 1234 3673 apud
1258 3609 1347 3673 quem
1372 3588 1500 3672 legimus

574 3735 755 3791 narratur
777 3739 813 3790 et
836 3729 957 3810 prisci
980 3728 1134 3792 Catonis

573 3849 689 3913 saepe
711 3849 811 3894 mero
835 3829 1053 3895 incaluisse
1076 3833 1209 3894 virtus.

266 3987 322 4032 nec
345 3970 445 4032 miuus
467 3968 619 4052 voluptate
647 3970 793 4050 inopere
822 3971 938 4032 musico
967 3969 1114 4034 alacriora
1144 3969 1313 4034 redduntur
1339 3971 1468 4052 ingenia.
1513 3970 1585 4052 quid

227 4076 348 4137 ssenim
375 4073 518 4137 relaxatis
545 4071 584 4134 ab
612 4091 646 4135 ea
674 4075 786 4135 nostris
808 4071 948 4136 sensibus
977 4093 1065 4156 quarn
1090 4092 1200 4137 canere
1223 4073 1306 4137 cordi
1337 4075 1400 4136 esti
1428 4075 1473 4136 ira
1497 4075 1585 4136 etiam

333 4315 528 4382 4gestumque
546 4312 572 4364 Β
653 4314 781 4366 detenim
800 4314 825 4364 io
844 4327 951 4367 accentu
969 4316 995 4367 A
1008 4314 1063 4372 Βς
1144 4317 1217 4368 sonis
1236 4313 1262 4365 B
1343 4316 1505 4371 beantuss

268 4385 299 4436 10
317 4385 388 4434 cordi
407 4381 823 4440 estBVai.3cnrdiat'ecorr.
843 4384 992 4436 eordieA
1058 4386 1088 4435 11
1109 4382 1388 4451 ques1quosAB5
1450 4385 1480 4434 12
1499 4393 1587 4435 cotur-

268 4465 354 4504 ntttum
372 4453 398 4505 A
412 4452 438 4504 B
461 4465 628 4504 cotrrruomm
648 4465 666 4510 ς
754 4455 785 4504 ld
804 4463 877 4504 riores
896 4455 1029 4521 spirantur
1047 4453 1073 4503 B
1089 4453 1149 4506 Vct.
1171 4467 1244 4505 tontes
1264 4455 1379 4521 spirante
1397 4469 1467 4506 corr.
1487 4465 1542 4504 -tur
1560 4454 1584 4504 A

267 4533 337 4573 notes
356 4537 369 4572 s
391 4523 493 4578 irauts
564 4523 597 4575 18
619 4521 697 4572 adid
717 4521 889 4577 soditAB
960 4521 1167 4576 imiormauteA
1238 4525 1269 4575 21
1294 4518 1430 4590 cuiusque]
1450 4523 1543 4586 cuique
1561 4521 1587 4571 Β

267 4591 299 4642 22
317 4538 462 4657 quilpquod
481 4589 507 4642 Β
570 4591 604 4643 23
622 4606 699 4656 quem
717 4589 1047 4652 diximuseuthusiosmou
1067 4593 1153 4644 editor
1171 4593 1410 4644 Sanctuadreamrs.
1437 4591 1587 4642 entirusios·

253 4675 326 4712 ·mon
345 4676 382 4712 ea·
399 4663 432 4712 iis
450 4677 515 4728 quae
533 4676 616 4727 supro
636 4661 667 4712 15
684 4661 786 4726 scripio
803 4667 878 4711 eram
901 4665 1037 4728 repetitum
1059 4669 1085 4713 et
1103 4677 1139 4713 ex
1156 4663 1272 4727 margine
1290 4664 1385 4713 illatum
1409 4676 1466 4714 esse
1484 4663 1586 4713 uidetur

350 4729 412 4781 dum
455 4729 513 4781 leno
535 4745 578 4781 ore
601 4730 720 4782 intormut
741 4729 840 4795 tragice
863 4729 1027 4783 camerariam
1114 4731 1232 4798 intogout
1248 4747 1317 4784 corr.
1336 4731 1455 4788 intonant
1472 4730 1497 4781 A

267 4797 300 4848 28
317 4795 402 4865 Pluto]
447 4800 538 4854 haedo.
556 4801 689 4866 pressi
741 4799 775 4849 27
793 4797 893 4848 adierrc
912 4801 937 4851 A
951 4798 1006 4856 Βς
1058 4801 1092 4852 30
1110 4801 1233 4867 pulchrae
1252 4801 1277 4853 A
1331 4799 1489 4850 didicessent
1508 4801 1532 4850 A

267 4867 299 4917 ot
317 4865 459 4934 legimuss
477 4869 588 4936 legimut
605 4870 629 4920 A
650 4869 760 4935 legimns
781 4880 808 4917 ut
826 4867 851 4918 Β
922 4871 955 4921 32
974 4866 1104 4936 orarentur]
1126 4871 1193 4922 Hor.
1212 4886 1291 4923 eorm.
1314 4868 1363 4920 ΙΙΙ
1381 4872 1468 4929 21,11
