3866 5562
331 297 396 364 560
621 267 625 272 ⁵
810 313 819 320 ·
934 309 1056 359 nvrrru
1154 322 1160 330 ·

332 400 466 450 pilton
482 401 552 460 2,Υ
899 397 910 413 “

488 499 555 548 nee
579 485 683 548 ionte
707 483 815 547 labra
839 483 971 565 prolui
994 479 1204 554 caballino,

488 589 616 652 necin
640 586 797 670 bicipiti
822 573 1032 677 somniasse
1056 585 1252 648 Parnasso.

421 691 462 754 De
486 693 592 754 metris
615 691 751 753 comicis.

392 803 431 836 -‘
487 793 694 858 Tetrametros
717 795 932 876 trimetrosque
956 785 1036 874 capit
1058 791 1214 856 comoedia
1238 809 1352 854 sersus.

489 905 698 966 tetrametrum
717 897 837 978 primas
860 884 956 958 iertur
979 894 1115 976 posuisse
1139 895 1274 958 Boiscus.
1332 907 1338 924 ¹

489 1002 623 1064 creticon
647 997 846 1064 Archilochus
863 996 1237 1080 trimetrosuperaddidit
1259 1001 1376 1078 ingens.

489 1101 727 1184 amphibrachyn
752 1099 892 1166 trimetro
915 1102 1074 1182 Hipponax
1097 1103 1241 1182 supponit
1263 1099 1374 1163 iambo.

479 1202 615 1269 'ialeerat
638 1205 694 1268 hac
718 1205 840 1270 Plautus
863 1203 1060 1285 pulcherque.
1074 1201 1234 1272 Terentius
1258 1199 1364 1286 antei
1433 1235 1439 1246 ν

421 1309 622 1371 Terentianus
645 1307 682 1370 de
706 1307 814 1370 iambis
836 1306 1005 1371 iabularum
1030 1305 1073 1368 sic
1095 1305 1177 1376 dicit

490 1411 634 1492 Culpatur
657 1419 757 1474 autern
782 1429 886 1473 sersus
909 1411 940 1472 in
964 1408 1128 1490 tragoediis
1199 1405 1202 1416 '

491 1524 522 1578 et
544 1533 631 1578 rarus
654 1517 747 1576 intrat
770 1501 814 1576 es¹
829 1511 935 1576 iambis
958 1509 1108 1584 omnibus,

491 1615 607 1690 atille,
633 1625 737 1679 contra
762 1619 813 1697 qui
838 1614 972 1680 secando
995 1624 1025 1676 et
1046 1614 1158 1678 talibus

406 1789 416 1800 ,
492 1719 647 1802 spondeon
672 1725 724 1781 aut
746 1737 836 1800 quem
861 1735 1033 1800 comparem
1057 1722 1219 1800 receperit.

350 1807 354 1814 ’
388 1841 390 1844 ·
466 1823 543 1902 ι5εά
567 1823 617 1907 qul
639 1821 795 1903 pedestres
819 1819 1047 1884 iabulassocco
1071 1829 1223 1901 premunt,

394 1919 405 1928 '
493 1933 627 2008 atquae
651 1925 791 1987 locuntur
814 1933 933 2006 sumpta
958 1922 995 1985 de
1020 1922 1076 1986 vita
1101 1932 1199 2004 putes,

494 2030 600 2092 sitiant
622 2026 755 2116 iambum
780 2026 927 2090 tractibus
950 2025 1122 2108 spondiacis

399 2193 403 2200 ,
492 2143 522 2194 et
545 2132 575 2193 ln
598 2128 731 2193 secando
753 2137 785 2192 et
806 2130 918 2193 ceteris
940 2147 1036 2210 aeque
1059 2127 1143 2200 loeis,

492 2233 642 2315 iidemque
666 2235 742 2296 lictis
765 2233 836 2296 dam
862 2242 1026 2314 procurant
1049 2231 1169 2307 inbutis,

494 2339 526 2400 in
550 2346 646 2400 rrretra
670 2344 799 2418 peceant
821 2347 895 2407 arte,
921 2353 981 2398 non
1006 2336 1135 2408 inscitia,

439 2451 450 2526 J
494 2459 531 2501 ne
555 2441 616 2502 sint
639 2457 749 2501 sonora
775 2439 866 2500 rerba
890 2436 1131 2509 consuetudinis,
1159 2457 1189 2524 ’-

441 2556 446 2564 ’
494 2542 678 2624 paulumque
702 2561 809 2604 rursus
833 2563 848 2604 a
873 2525 980 2605 solutis
1003 2539 1178 2626 differenti

494 2646 590 2734 inagis
614 2648 671 2708 ista
695 2645 807 2728 nostri:
832 2663 900 2706 narn
924 2647 989 2706 iere
1012 2643 1135 2707 Graeris
1160 2651 1248 2708 tenax

463 2732 467 2737 ⁴
495 2767 568 2810 cura
593 2755 638 2811 ast
660 2746 753 2811 iambi
778 2745 822 2810 vel
848 2744 974 2810 novellis
997 2749 1121 2810 comicis

495 2849 540 2912 vol
563 2835 669 2933 quiin
693 2859 807 2938 retasta
832 2850 1008 2932 praecluent
1029 2849 1196 2914 comoedia.
1258 2841 1260 2844 ’

494 2939 704 3034 Aristophanis
728 2953 834 3032 ingens
856 2953 964 3015 emicat
987 2949 1132 3026 sollertia,

497 3059 546 3138 (pari
571 3073 661 3136 saepe
685 3057 789 3118 metris
813 3055 1050 3118 mnitilormihns
1073 3074 1168 3120 novus

495 3157 698 3222 Archilochon
722 3167 787 3221 arte
810 3167 855 3222 est
878 3160 1044 3223 aemulatus
1067 3163 1191 3222 musica.

427 3262 552 3324 Sisenna
582 3263 612 3324 in
648 3263 865 3324 commentario
897 3261 1021 3324 Poennli
1056 3261 1217 3325 l‘lautinae'
1245 3261 1363 3325 labalae
1394 3265 1453 3332 sic,
1489 3261 1659 3325 ‘llaloninm

248 3409 254 3416 u
346 3399 548 3415 μ-

410 3453 426 3503 9
445 3425 615 3501 Terentianus
633 3466 657 3501 a.
676 3450 748 3500 2228
768 3449 895 3502 Priscian.
916 3452 949 3502 de
967 3457 1042 3509 meir,
1065 3449 1168 3502 Terent.
1187 3453 1246 3510 dis,
1268 3453 1300 3501 16
1366 3481 1369 3486 -

344 3553 549 3568 —ffl
656 3561 660 3566 ,

363 3653 366 3658 -
413 3614 813 3688 insciente]Pers.prol.1
894 3620 1056 3672 bieruncli
1139 3601 1171 3670 rt
1190 3617 1299 3684 sedqui
1318 3619 1498 3684 deestquid
1518 3622 1596 3674 Aere

397 3708 428 3759 tu
446 3711 572 3774 putaptes
592 3704 618 3756 B
724 3707 755 3756 16
774 3707 924 3773 spondiacis
943 3705 966 3757 R
989 3705 1141 3773 spondeieis
1160 3707 1186 3758 A
1205 3705 1356 3772 spondaicis
1374 3724 1444 3758 corr.
1463 3699 1619 3774 spondeacis
1636 3706 1661 3756 B

394 3794 427 3843 'li
447 3803 471 3843 et
488 3793 515 3842 in
539 3793 662 3852 coeteris,
685 3791 735 3842 sed
751 3793 836 3844 deleto
859 3793 885 3842 io
910 3793 934 3843 A
1041 3791 1073 3843 ta
1092 3789 1194 3842 inscitia
1217 3790 1240 3842 lt
1263 3791 1399 3842 inscientia
1424 3807 1493 3844 corr.
1518 3791 1662 3842 inscitiaB

204 3909 217 3919 -
244 3857 268 3865 Η
344 3878 463 3930 insciatin
481 3877 708 3929 corr.insoiciaA
778 3879 810 3928 21
829 3876 1096 3944 paululumquecorr.
1108 3875 1267 3944 paulumque
1285 3875 1311 3927 B
1381 3875 1660 3931 asoloaisdilieramts

227 4005 233 4012 .
343 3979 359 4015 a
382 3963 474 4014 solutis
497 3962 588 4012 litteris
613 3960 690 4012 ABR
713 3970 739 4014 et
755 3965 896 4032 adscripto
920 3965 946 4013 in
969 3980 1049 4030 morp.
1064 3961 1212 4034 ‚lq'differant
1233 3964 1320 4014 codes
1346 3964 1489 4028 Vossianus
1513 3964 1595 4014 ssi

344 4051 378 4103 ’22
397 4063 473 4116 mage
493 4049 544 4099 ists
562 4047 699 4100 Palaebisca
780 4043 845 4115 iere]
865 4046 930 4098 ierre
949 4047 973 4100 Il
1059 4052 1093 4102 24
1112 4049 1269 4116 praecia...
1287 4065 1357 4104 corr.
1377 4047 1526 4116 praecluent
1545 4045 1570 4096 B
1588 4060 1661 4113 prse-

345 4135 464 4190 lnceats
535 4134 569 4185 ib
588 4131 769 4208 aristophanes
781 4132 807 4184 B
876 4133 911 4184 26
930 4147 1013 4186 nouas
1026 4133 1101 4185 ABR
1120 4135 1182 4190 Ase.
1201 4135 1261 4192 Ald.
1275 4137 1351 4186 noais
1373 4135 1440 4188 Vera.
1454 4141 1479 4186 et
1495 4133 1662 4185 Terentianus

396 4221 429 4271 27
448 4229 613 4286 assessores
633 4216 709 4268 ΑΒΕ
796 4219 907 4269 aemalae
926 4220 1030 4270 sisenne
1048 4220 1074 4268 in
1094 4223 1278 4271 commentario
1297 4219 1321 4271 R
1413 4221 1446 4272 28
1465 4218 1575 4270 Sisenna
1593 4215 1662 4272 ABs'

264 4325 268 4331 ·
346 4304 459 4356 Sentrrus
478 4305 602 4355 inlidere
621 4303 706 4354 eodem
729 4303 872 4358 Vossianus
892 4307 937 4356 33.
959 4309 983 4364 sl,
1002 4311 1028 4354 ta
1047 4321 1096 4372 prro
1119 4307 1177 4356 olim
1196 4303 1306 4355 Sisenna
1328 4307 1452 4371 scriptam
1475 4313 1541 4360 erat.
1577 4311 1661 4354 troas·

331 4392 448 4458 pacilio.
467 4397 494 4441 at
511 4389 621 4452 videtur,
642 4391 669 4468 in
688 4387 713 4439 B
732 4390 848 4440 indicato
866 4398 906 4440 est
918 4390 967 4443 -his
985 4392 1073 4456 sipnis,
1091 4404 1125 4440 ÷
1144 4389 1254 4441 Sisenna
1278 4393 1302 4440 in
1327 4391 1511 4442 eorarrnentarlo
1534 4419 1568 4431 -
1590 4387 1662 4438 merri

345 4492 425 4528 erasa
443 4489 477 4536 -:-
495 4475 609 4526 Scaurus
634 4501 666 4512 -
689 4475 803 4541 syllabas
821 4489 856 4524 ÷
880 4473 990 4527 Sisenna
1014 4478 1040 4526 ia
1064 4477 1181 4547 rudente,
1200 4483 1224 4530 et
1242 4477 1360 4528 similiter
1382 4479 1408 4528 ira
1431 4479 1520 4528 codice
1543 4475 1662 4524 Parisino

348 4565 415 4617 7428
432 4564 478 4622 iia,
496 4557 524 4615 ἱ(
543 4559 655 4612 Siseuna
673 4562 698 4611 in
718 4563 876 4614 cementario
895 4587 928 4600 -
947 4565 1022 4614 metri
1037 4577 1118 4614 caasa
1136 4560 1164 4617 >“.<·
1182 4577 1291 4614 marinas
1311 4589 1343 4600 -
1362 4561 1484 4628 syllabas.
1502 4559 1613 4612 Sisenna

85 4719 88 4730 Ι
212 4645 219 4651 '
270 4711 272 4716 ,
346 4648 433 4715 penali
452 4646 502 4698 AB
582 4647 716 4700 helenium
736 4646 1017 4717 Bliadouiameorr.
1038 4648 1171 4701 halapiam
1192 4651 1224 4702 A.
1263 4647 1378 4716 Alonim]
1398 4645 1556 4698 alonl’oeai
1576 4645 1664 4697 dicant

143 4736 148 4745 “
236 4805 239 4810 .
346 4739 477 4797 ‹team‚'et
494 4733 687 4800 producendam
706 4732 832 4800 syllabam
853 4734 925 4784 metri
945 4736 1028 4800 gratia
1046 4735 1129 4802 exigis
1147 4736 1248 4787 iambus
1266 4733 1541 4787 coniecitliitsclcslias
1556 4748 1664 4800 parerp.

350 4820 434 4871 l'lurct.
451 4835 478 4884 p.
498 4821 549 4870 378
568 4821 625 4871 coll.
647 4821 734 4875 Plani.
752 4820 834 4872 Puera.
857 4819 884 4868 V
900 4823 924 4883 1,
945 4824 958 4870 t
