3904 5556
799 1413 1184 1489 PRAEFATIO

415 1623 495 1684 llrtis
517 1623 734 1701 grammaticae
757 1621 844 1685 illarii
861 1624 1005 1686 Victorini
1029 1631 1092 1686 tres
1110 1628 1275 1704 supersunt
1291 1621 1411 1686 codices
1428 1641 1507 1686 nono
1523 1623 1655 1696 saeculo,

329 1733 361 1786 ut
385 1724 512 1794 ridetur,
536 1725 654 1805 scripti,
679 1723 831 1788 Palatinus
857 1723 950 1797 1753,
976 1726 1168 1788 Valentianus
1191 1725 1230 1790 bl.
1254 1721 1283 1788 6.
1309 1721 1357 1794 10,
1382 1724 1537 1790 Parisinus
1560 1723 1656 1790 7539.

414 1825 616 1890 Palatinus
639 1828 734 1890 codex
758 1829 787 1890 in
818 1829 1003 1891 membranis
1033 1830 1147 1892 termae
1170 1827 1318 1908 oblongae
1342 1831 1473 1910 scrIptus
1496 1829 1567 1892 olim
1591 1849 1655 1892 mo·

328 1931 452 1994 nasterii
484 1931 514 1994 S.
544 1930 666 1994 Nazarii
688 1931 893 1995 Laurissensis
923 1933 989 1994 luit.
1036 1951 1104 1995 nam
1134 1935 1167 1994 in
1192 1941 1293 1994 vetere
1317 1932 1455 1995 codicum
1480 1933 1657 1996 Leurissen-

208 2041 212 2045 ’
328 2036 407 2096 sium
431 2033 531 2095 indice
555 2032 676 2098 saeculo
700 2033 819 2098 decimo
844 2036 969 2115 scripto,
996 2054 1085 2116 quiem
1110 2045 1177 2114 post
1199 2035 1310 2098 illalum
1337 2037 1470 2117 spicileg.
1520 2035 1604 2098 llom.
1631 2055 1655 2098 r.

251 2179 253 2182 -
328 2137 350 2198 V
376 2156 405 2217 p.
432 2133 492 2198 161
517 2155 582 2218 sqq.
606 2139 777 2200 accuratius
801 2137 1019 2202 Wilmannsius
1044 2157 1118 2200 mus.
1165 2137 1262 2200 Rben.
1292 2157 1318 2200 v.
1341 2137 1436 2202 XXlll
1466 2158 1492 2202 a.
1521 2135 1603 2201 1868
1628 2157 1657 2219 p.

326 2235 391 2302 385
413 2257 478 2321 sqq.
504 2239 608 2314 edidit,
632 2239 805 2319 descrimus
828 2252 874 2304 est
896 2241 944 2304 his
968 2241 1067 2302 sorbis
1094 2241 1172 2320 apud
1199 2241 1429 2304 ll'ilmannsium
1454 2261 1482 2323 p.
1506 2238 1578 2312 390,
1603 2260 1658 2303 ors

324 2345 419 2406 morli
444 2346 591 2406 uictora'ni
613 2353 778 2420 grammat.
812 2354 842 2406 et
871 2347 1007 2408 altisimi
1034 2345 1073 2406 de
1100 2347 1211 2420 reputa
1245 2353 1411 2407 metrorum
1444 2353 1473 2406 rt
1500 2347 1657 2422 ercr'prueta

325 2447 482 2524 simphosii
502 2449 532 2507 a'a
556 2463 618 2508 uno
639 2447 706 2508 cod.
752 2455 923 2510 accuratam
946 2447 1060 2510 codids
1083 2444 1319 2530 descriptionem
1335 2447 1473 2510 exhibuit
1491 2445 1656 2509 lt‘ilmann-

325 2552 389 2613 sius
411 2569 442 2632 p.
466 2545 541 2621 401,
566 2544 619 2630 qui
643 2567 713 2612 eum
736 2560 830 2621 recta,
855 2561 888 2613 ut
910 2550 1039 2618 ridetur.
1064 2569 1144 2612 nono
1164 2550 1285 2613 saeculo
1300 2553 1448 2630 scriptum
1474 2569 1540 2614 esse
1564 2551 1654 2620 dixin

326 2655 391 2734 lpse
414 2651 486 2714 olim
510 2652 587 2714 anal.
613 2669 740 2733 gramm.
771 2652 915 2737 (Raiba.
941 2649 1034 2734 1848)
1058 2673 1087 2734 p.
1110 2649 1154 2714 20
1178 2653 1295 2715 decimo
1318 2653 1440 2716 saeculo
1465 2653 1576 2716 librum
1601 2655 1653 2714 tri·

311 2755 467 2826 ,boeram;
492 2755 719 2820 Studemundus
742 2758 829 2818 initio
853 2757 963 2820 decimi
986 2753 1098 2819 saeculi
1124 2776 1193 2819 erim
1215 2760 1361 2838 scriptum
1379 2775 1446 2818 esse
1462 2757 1653 2820 existimarit

329 2861 600 2922 licionatensem
624 2859 694 2921 libri
717 2859 737 2921 l.
764 2855 870 2922 1-62
893 2861 998 2941 scripti
1022 2869 1094 2922 sum
1116 2863 1157 2922 ita
1188 2861 1272 2940 (nam
1297 2879 1357 2938 (pio
1381 2858 1498 2922 lacilius
1521 2859 1559 2921 de
1582 2879 1654 2922 con·

325 2961 446 3026 dicione
469 2963 574 3043 operis
597 2961 723 3026 iudicari
747 2965 858 3044 possit,
893 2964 1107 3044 inscriptiones
1135 2972 1164 3025 et
1186 2962 1426 3043 subscriptiones
1451 2963 1597 3026 librorum
1623 2968 1654 3026 in
1725 2981 1731 2986 ·
1800 2963 1802 2968 ’

326 3084 385 3129 uno
402 3074 568 3146 conspectu
585 3067 696 3148 positas
712 3065 893 3146 adscribam)
967 3067 992 3128 S
1007 3065 1289 3130 GRAMMATICI
1305 3067 1436 3128 dIARII
1458 3067 1557 3129 I'ICT
1559 3113 1653 3130 ......
1706 3145 1708 3152 Ι

325 3173 417 3232 rta'um
444 3173 689 3246 premmotirartt
711 3187 777 3250 sqq.
822 3171 983 3250 superiore
1012 3167 1141 3232 schedae
1165 3169 1299 3248 margIne
1329 3188 1454 3231 corroso
1483 3169 1655 3248 complures

327 3271 445 3334 litterae
469 3290 505 3333 ex
529 3273 637 3352 primis
660 3268 800 3334 versibus
823 3274 996 3354 perierunt;
1021 3272 1130 3334 deinde
1154 3273 1290 3352 proxima
1315 3272 1442 3343 scheda,
1475 3292 1551 3353 qliae
1581 3271 1653 3334 olim

326 3377 391 3446 luit.
415 3378 525 3438 emissa
549 3385 605 3438 cst.
651 3376 746 3438 reteri
770 3375 959 3456 inscriptioni
988 3393 1078 3438 manu
1104 3376 1218 3437 recenti
1242 3379 1450 3457 superscripta
1475 3384 1544 3436 sunt
1568 3374 1652 3446 haec,

332 3482 483 3542 Victorini
508 3481 547 3540 de
574 3482 708 3541 metricis
735 3481 944 3556 etpdosrulicr's
969 3481 1046 3541 liber
1068 3479 1096 3552 I,
1122 3495 1199 3559 quae
1229 3482 1323 3559 petita
1345 3488 1412 3539 sunt
1439 3497 1475 3539 ex
1499 3477 1652 3557 subscrip·

328 3584 408 3644 tione
432 3583 523 3662 primi
547 3577 619 3643 libri
642 3581 660 3641 l.
678 3577 755 3652 '23²2
782 3583 914 3644 MARII
933 3580 1157 3644 VICTORINI
1170 3583 1230 3643 BE
1245 3582 1409 3660 dIETRIl
1431 3581 1497 3643 CIS
1511 3581 1652 3643 BIBAS·

326 3683 491 3748 CALICIS
510 3685 595 3746 LIB.
612 3685 647 3756 I.
674 3683 878 3747 EXPLICIT
898 3683 1130 3746 FELICITER
1150 3680 1338 3766 {INCIPIT
1359 3685 1444 3746 LIB.
1469 3685 1515 3746 II.
1540 3685 1655 3746 LEGE

327 3787 555 3850 FELICITER
574 3789 579 3864 l
598 3787 658 3848 BE
683 3787 949 3850 PROTOTTPIS
976 3787 1210 3850 SPECIEBUS
1237 3785 1393 3848 d'OIIEdI.
1421 3821 1459 3830 —
1485 3789 1504 3849 t.
1528 3784 1571 3848 34
1593 3787 1652 3848 BI-

327 3889 581 3952 BASCALICUS
590 3889 938 3952 PROTOTI'PORBM
950 3889 1102 3953 NOUEM
1119 3887 1124 3972 1
1145 3889 1347 3952 EXPLICIT
1361 3890 1494 3952 LIBER
1505 3889 1652 3954 SECUN-

325 3989 428 4076 rust
448 3991 620 4056 lNCIPIT
638 3994 773 4055 LIBER
799 3994 1004 4068 TERTIUS!
1024 3995 1085 4056 BE
1106 3991 1361 4056 CONIUNCTIS
1379 3993 1514 4054 INTER
1528 3994 1584 4054 SE
1597 3993 1656 4056 ET

327 4096 482 4160 MIXTIS
518 4095 712 4172 METRISI
740 4097 1027 4172 PRAGMATICIS
1061 4095 1295 4158 FELICITER
1336 4095 1563 4157 SCRIPTORI
1598 4097 1657 4158 ET

326 4199 515 4262 LECTORI.
537 4231 581 4244 -
610 4197 632 4260 l.
660 4195 728 4259 47*
757 4200 861 4262 EPCL
890 4199 973 4262 LIR.
996 4202 1054 4262 III
1079 4201 1182 4261 TILX
1199 4197 1205 4280 l
1225 4200 1247 4260 I.
1270 4195 1312 4261 48
1336 4198 1500 4262 LICIPIT
1519 4199 1653 4262 LIBER

324 4304 396 4366 IIII
424 4301 538 4364 LEGE
564 4301 794 4364 FELICITER
813 4299 817 4384 Ι
838 4303 898 4364 BE
924 4301 1110 4365 CONEXIS
1135 4302 1271 4363 INTER
1303 4301 1357 4363 SE
1377 4301 1520 4374 ATQUE
1539 4302 1651 4366 ln'co-
1772 4309 1774 4314 '
1869 4315 1872 4324 ·

324 4405 456 4470 BEXIS
479 4405 590 4479 QUAE
612 4405 747 4468 CRECI
765 4405 1050 4468 ACTNAPTHTA
1076 4403 1243 4468 UOCANT
1262 4403 1557 4467 PRACRATICUS
1579 4405 1652 4485 (pri-

325 4528 408 4571 mum
421 4509 701 4572 RRAGRATCUS
716 4509 865 4587 scriptum
889 4508 976 4586 crat).
1001 4543 1041 4554 —
1055 4509 1084 4570 l.
1100 4505 1169 4570 58*
1191 4507 1339 4585 proferre
1356 4524 1515 4583 possemus
1531 4509 1655 4570 AELII

326 4609 473 4692 FESTIl
493 4611 704 4674 APTIIOEII
728 4613 764 4672 V.
788 4613 822 4672 Ρ.
849 4613 907 4674 BE
932 4611 1098 4674 METRIS
1126 4609 1317 4674 Odld'IBd'S
1345 4611 1405 4670 EX
1424 4607 1428 4690 Ι
1449 4595 1548 4672 ΡιΙῦ
1565 4611 1650 4674 LIB.

315 4717 396 4783 ⁴rm
416 4699 592 4778 rectori
620 4713 767 4778 creec
791 4714 1019 4778 ereremum
1043 4715 1249 4778 semeron
1271 4717 1299 4791 e
1324 4712 1329 4798 ι
1350 4709 1539 4794 recreet
1565 4714 1585 4776 r.
1609 4709 1652 4775 on

322 4818 456 4881 INTER
483 4822 573 4881 initia
601 4821 693 4880 doctus
721 4820 824 4902 operis
851 4818 885 4877 id
910 4827 955 4880 est
977 4823 1008 4878 in
1033 4820 1139 4897 prima
1165 4821 1221 4881 ode
1251 4821 1289 4898 lp.
1317 4815 1388 4888 174,
1417 4817 1443 4892 1}
1470 4853 1509 4864 -
1533 4817 1552 4881 l.
1583 4815 1650 4880 61*

324 4923 477 4985 debemur
510 4925 613 4998 itaque
648 4923 736 4999 opud
766 4921 920 4982 dormtum
949 4922 1053 5002 babila
1081 4923 1322 4984 dinumeratione
1350 4929 1513 4982 metrorum
1534 4939 1652 4997 peracre
