3906 5564
355 345 397 414 88
857 349 965 404 matut
987 348 1177 402 vidronmt

384 465 405 506 p.
419 452 479 494 aaut.
493 452 520 494 aa
535 451 557 496 r.
1483 467 1504 508 p.
1519 457 1610 497 ras-ao
1625 455 1650 496 u.

358 540 457 604 locum
481 540 579 604 eidem
603 541 872 624 auctoritatemque
895 543 974 604 inter
997 541 1189 623 principalia,
1215 541 1245 602 id
1269 549 1314 604 est
1337 541 1545 622 primiformia,
1570 563 1676 607 norem

358 655 453 708 rrretra
483 649 546 729 ipsa
569 644 746 726 parilitatis,
777 662 835 723 tyna
864 646 943 708 inter
967 665 999 708 se
1021 654 1207 730 congruunt,
1239 643 1490 726 contemplatione
1522 649 1677 712 viridican-

359 749 427 812 dam
452 769 518 813 esse
542 750 692 811 dixerunt.
740 747 811 830 quid
836 766 908 830 ergo
933 767 1024 832 snper
1047 751 1105 813 hoc
1128 751 1158 812 in
1183 749 1307 812 dubium
1330 751 1446 832 primos
1464 761 1603 816 auctores
1626 753 1677 815 de·

358 851 493 924 tinxerit,
518 851 635 934 plenius
658 851 800 920 referam.
846 855 1015 936 coniugatio
1038 856 1210 938 antispasti,
1242 863 1274 915 nt
1298 851 1370 916 luha
1394 863 1497 918 noster
1516 865 1604 938 atque
1628 855 1678 918 alii

359 956 544 1019 Graecorum
574 959 749 1037 opinionem
779 960 875 1020 secuti
898 959 1052 1029 relernut,
1082 977 1142 1022 non
1166 975 1286 1041 semper
1307 959 1348 1020 ita
1373 969 1562 1040 perseverat,
1592 968 1626 1022 nt
1647 961 1706 1022 ina

360 1061 511 1142 principio
546 1059 632 1142 pedis
667 1061 785 1125 iambus
815 1059 991 1126 collocetur.
1009 1060 1020 1145 h
1065 1062 1274 1126 indifferenter
1308 1063 1389 1125 enirn
1424 1072 1564 1126 auctores
1594 1062 1678 1144 lyrici

361 1171 456 1226 metro
480 1165 675 1247 antispastioo
699 1165 782 1228 initia
805 1169 1060 1249 praestituerunt:
1085 1185 1176 1249 saepe
1199 1169 1280 1230 enim
1303 1185 1359 1248 pro
1384 1165 1483 1229 iambo
1507 1169 1606 1250 primo
1630 1178 1682 1229 ant

359 1267 511 1349 spondens
539 1279 591 1332 aut
622 1267 784 1332 trochaeus
817 1278 868 1334 aut
899 1269 1070 1354 pyrrichius
1098 1273 1236 1350 ponitur,
1278 1289 1405 1354 quarum
1442 1269 1680 1334 differentiarum

359 1371 496 1454 exempla
513 1392 696 1454 promemus.
735 1393 804 1436 nam
827 1377 852 1437 si
877 1377 916 1436 sit
937 1377 1020 1437 insta
1043 1374 1141 1455 legem
1157 1375 1243 1456 pedis
1267 1393 1303 1436 ox
1326 1372 1426 1437 iambo
1451 1372 1497 1457 [et
1521 1373 1679 1457 trochaeo]

360 1477 481 1538 initium
507 1479 609 1549 metri,
640 1477 672 1538 lit
693 1496 803 1559 pnrnm
827 1480 1055 1559 antispasticnm
1079 1487 1209 1542 metrum
1232 1477 1446 1550 acatalectnm,
1477 1477 1556 1558 qarod
1582 1487 1681 1541 tamen
1696 1494 1722 1532 m

360 1578 490 1642 iambica
514 1579 702 1662 depositione
725 1580 930 1652 concluditur,
976 1589 1008 1643 ut

671 1693 736 1748 erat
759 1705 811 1748 sus
833 1684 1014 1767 Calydonius
1038 1685 1111 1747 odax
1137 1687 1251 1748 attera
1276 1685 1377 1749 belua.

360 1791 385 1850 si
410 1795 509 1850 antem
533 1788 686 1870 spondens
702 1807 757 1869 pro
780 1786 879 1851 iambo
901 1799 1041 1870 ponatur,
1067 1791 1099 1852 tit
1121 1791 1293 1871 coniugatio
1316 1810 1371 1872 pro
1389 1792 1553 1872 antispasto
1570 1791 1683 1874 epitriti

359 1893 473 1974 qtrarti,
499 1901 530 1954 nt

632 2015 650 2056 o
673 1999 725 2080 qni
746 2004 866 2080 praeter
890 1999 954 2079 agis
976 1997 1117 2061 caeruleo
1141 2000 1264 2062 llnmine
1287 1999 1407 2061 limites.
1698 2011 1723 2052 ¹⁵

360 2103 385 2162 si
410 2117 480 2163 vero
504 2121 519 2162 a
544 2099 686 2164 trochaeo
710 2102 760 2164 hat
781 2103 916 2173 initium,
942 2103 998 2165 orit
1022 2121 1058 2164 ex
1082 2102 1257 2165 ditrochaeo
1280 2105 1470 2183 coniugatio,
1495 2113 1527 2166 nt

590 2223 662 2267 aura
685 2222 871 2288 purpureum
895 2223 949 2288 per
973 2205 1096 2288 pelagus
1120 2209 1255 2288 segniter
1278 2206 1313 2268 ad
1339 2214 1455 2289 petram

361 2307 387 2369 si
409 2315 509 2371 antem
534 2328 550 2370 a
574 2308 744 2390 pyrrichio,
769 2309 801 2371 m
824 2309 996 2390 coniugatio
1020 2313 1144 2392 paeonis
1168 2313 1267 2381 tertii,
1299 2319 1332 2373 ut
1414 2300 1418 2306 ’

611 2412 717 2475 domus
739 2412 798 2476 alta
821 2414 891 2483 init,
917 2431 992 2493 quae
1015 2413 1137 2478 Danaen
1160 2416 1270 2477 Acrisii
1293 2423 1408 2495 tegens.

361 2533 439 2596 tynae
463 2517 659 2579 commutatio
677 2516 855 2598 plerumque
877 2519 958 2580 inter
972 2518 1058 2580 initia
1076 2536 1217 2580 versuum
1235 2519 1266 2582 tit
1290 2537 1344 2580 nec
1362 2519 1448 2582 lacile
1463 2522 1494 2582 in
1511 2521 1681 2592 rrredietate,
1697 2533 1725 2573 20

361 2621 420 2682 nisi
444 2621 475 2682 in
499 2639 535 2682 eo
564 2639 676 2702 genero
707 2629 886 2690 metrorum,
917 2640 993 2704 quae
1022 2615 1257 2704 ἀσυνάρτητα,
1288 2621 1319 2684 id
1349 2632 1394 2686 est
1422 2623 1569 2686 inconexa
1604 2632 1686 2694 sunt,

362 2726 527 2804 reperitur.

449 2827 502 2890 Est
540 2837 639 2891 antem
683 2831 911 2912 antispasticurn
950 2839 1172 2892 monometrnm
1206 2828 1494 2912 hypercatalectnm,
1534 2830 1615 2914 synod
1656 2841 1685 2894 et

363 2931 573 2996 dochmiacum
598 2934 723 3007 dicitnr,

863 3037 964 3100 volant
986 3046 1163 3121 praepetem
1700 3053 1727 3094 sa

363 3158 527 3221 dimetrum
551 3157 858 3241 brachycatalectum,
884 3156 1109 3242 quodquidam
1132 3159 1346 3241 pherecration
1370 3153 1487 3235 ἀτελές
1510 3170 1625 3232 vocant,

863 3279 1042 3359 choreisque
1064 3291 1179 3351 cautat;

364 3404 536 3465 trimetrum
561 3400 768 3467 catalecticum
792 3405 1020 3466 anacreontium
1043 3401 1117 3482 ital

726 3543 810 3588 amor
834 3533 864 3586 te
887 3543 973 3587 meus
995 3543 1013 3585 o
1037 3521 1162 3602 pulchra
1185 3520 1299 3606 pnella;

365 3654 572 3708 tetrametrum
597 3645 793 3710 acatalectnm

622 3769 706 3812 amor
729 3750 867 3814 sidereus
890 3768 942 3812 cor
966 3750 1081 3831 pepulit
1104 3749 1291 3829 llannnigero
1314 3755 1429 3815 casnm

367 3863 589 3935 pentametrum
613 3853 810 3918 acatalectnm
835 3851 1009 3936 alcaicnmll

497 3977 594 4038 rogas,
619 3977 681 4020 uon
705 3976 780 4029 amo,
809 3959 852 4021 sic
876 3977 908 4018 se
932 3956 1010 4019 solet
1032 3953 1133 4019 Aetola
1158 3971 1230 4033 sago
1254 3953 1403 4018 Carrthara
1427 3973 1557 4020 comere.

454 4061 535 4124 llaec
558 4061 596 4123 do
626 4060 812 4143 simplicibus
835 4063 1018 4143 antispastis.
1065 4077 1142 4141 qnae
1166 4057 1296 4122 admixta
1320 4070 1391 4122 snat
1418 4057 1558 4122 iambicis
1581 4063 1687 4122 conin-

367 4164 539 4246 gationibus
563 4167 757 4247 antispastica
781 4174 811 4226 et
834 4163 1013 4228 incmrdiora
1037 4173 1107 4226 sunt
1131 4171 1160 4225 et
1183 4181 1307 4233 sonora,
1332 4163 1411 4244 qnod
1435 4161 1572 4224 accidere
1596 4167 1687 4226 etiam
1702 4189 1728 4228 ao

367 4274 398 4333 in
428 4268 642 4334 choriambicis
671 4268 808 4332 versibus
837 4267 967 4331 tliximus
996 4267 1123 4346 rynadam
1159 4265 1327 4329 iamborum
1360 4267 1474 4349 pedum
1502 4267 1587 4346 quasi
1617 4285 1689 4330 con-

368 4375 522 4455 iugatione
552 4377 729 4455 coniuncta,
760 4372 853 4436 veluti
884 4375 1054 4435 trimetrum
1083 4371 1309 4438 catalecticum,
1347 4371 1426 4452 quod
1456 4369 1550 4433 solam
1581 4369 1689 4432 haheat

375 4506 577 4516 ...Q-—

437 4572 548 4639 lliuter]
567 4573 607 4624 ncl
627 4572 652 4622 B
704 4572 811 4622 'linitio
829 4572 1007 4639 bisscrr'phuu
1026 4569 1102 4621 dubet
1120 4573 1144 4621 Α
1205 4569 1387 4636 praestiterunt
1406 4582 1422 4624 ς
1441 4569 1606 4635 perstiterunt
1627 4569 1690 4620 AB

368 4643 589 4711 tiporrlchinsA
647 4641 970 4708 tlpctlischedesrl
1025 4644 1058 4691 10
1077 4639 1418 4692 initirranan.sicirrm
1439 4641 1463 4690 Α
1519 4641 1550 4690 12
1569 4639 1690 4695 snssb'

369 4729 413 4778 syo
434 4715 459 4765 A
548 4715 580 4764 19
599 4710 903 4766 ιιοιίιίἱςΒιιοιίεἰΑ
990 4712 1022 4760 21
1047 4706 1200 4774 metrorum]
1227 4707 1462 4764 uersrrnmAB5
1544 4710 1578 4760 25
1602 4708 1690 4760 volout

370 4793 505 4850 praepetes
522 4783 585 4833 Atat.
598 4781 696 4830 Fortun
708 4797 734 4846 p.
749 4783 819 4831 2694
838 4780 906 4831 uolat
918 4789 1053 4847 praepetes
1073 4779 1134 4830 AB
1153 4779 1222 4829 noim
1242 4791 1350 4844 praepes
1369 4787 1386 4832 ς
1456 4780 1489 4830 ‘dl
1509 4778 1609 4828 choreis
1628 4795 1691 4829 ran-

370 4887 406 4928 tat
424 4876 513 4934 ΑΒς
589 4879 620 4928 31
643 4873 759 4926 sidereas
778 4873 804 4924 a
821 4876 909 4931 ναις
928 4856 1056 4942 sidet-enda
1077 4877 1101 4926 Α
1184 4877 1216 4926 33
1235 4885 1313 4939 rogas
1333 4883 1349 4928 ς
1373 4888 1429 4923 cnm
1450 4887 1526 4941 rogas
1547 4874 1571 4926 Α
1587 4873 1611 4925 b'

370 4942 475 5014 Aetola]
496 4947 579 4998 aetola
599 4947 623 4997 A
643 4945 729 4996 accola
749 4943 800 5001 sbi
871 4942 949 5012 sago]
971 4945 1031 5012 lngo
1052 4943 1145 5033 ‘¹35
