<?xml version="1.0" encoding="UTF-8"?>
<!DOCTYPE html PUBLIC "-//W3C//DTD XHTML 1.0 Transitional//EN"
    "http://www.w3.org/TR/xhtml1/DTD/xhtml1-transitional.dtd">
<html xmlns="http://www.w3.org/1999/xhtml" xml:lang="en" lang="en">
 <head>
  <title>
</title>
<meta http-equiv="Content-Type" content="text/html;charset=utf-8" />
  <meta name='ocr-system' content='tesseract 3.04.00' />
  <meta name='ocr-capabilities' content='ocr_page ocr_carea ocr_par ocr_line ocrx_word'/>
</head>
<body>
  <div class='ocr_page' id='page_1' title='image "./grammaticilatin05hagagoog_0328.png"; bbox 0 0 3874 5556; ppageno 0'>
   <div class='ocr_carea' id='block_1_1' title="bbox 391 391 1273 556">
    <p class='ocr_par' dir='ltr' id='par_1_1' title="bbox 391 391 1273 556">
     <span class='ocr_line' id='line_1_1' title="bbox 391 391 1273 458; baseline -0.011 0"><span class='ocrx_word' id='word_1_1' title='bbox 391 391 454 458; x_wconf 78' lang='grc'>298</span> <span class='ocrx_word' id='word_1_2' title='bbox 830 394 948 448; x_wconf 77' lang='lat' dir='ltr'>erun</span> <span class='ocrx_word' id='word_1_3' title='bbox 966 393 1273 448; x_wconf 77' lang='lat' dir='ltr'>ronrvnnurmm</span> 
     </span>
     <span class='ocr_line' id='line_1_2' title="bbox 419 494 617 556; baseline 0.005 -17"><span class='ocrx_word' id='word_1_4' title='bbox 419 507 439 550; x_wconf 83' lang='lat' dir='ltr'>p.</span> <span class='ocrx_word' id='word_1_5' title='bbox 455 498 513 538; x_wconf 78' lang='lat' dir='ltr'>aron</span> <span class='ocrx_word' id='word_1_6' title='bbox 528 497 580 556; x_wconf 73' lang='lat' dir='ltr'>moa</span> <span class='ocrx_word' id='word_1_7' title='bbox 594 494 617 540; x_wconf 80' lang='grc' dir='ltr'>Ρ.</span> 
     </span>
    </p>
   </div>
   <div class='ocr_carea' id='block_1_2' title="bbox 390 585 1668 988">
    <p class='ocr_par' dir='ltr' id='par_1_2' title="bbox 390 585 1668 988">
     <span class='ocr_line' id='line_1_3' title="bbox 393 585 714 671; baseline 0.009 -24"><span class='ocrx_word' id='word_1_8' title='bbox 393 594 617 650; x_wconf 88' lang='lat' dir='ltr'>anacreonteon</span> <span class='ocrx_word' id='word_1_9' title='bbox 641 597 686 650; x_wconf 88' lang='lat' dir='ltr'>est</span> <span class='ocrx_word' id='word_1_10' title='bbox 702 585 714 671; x_wconf 87' lang='grc' dir='ltr'>ΙΙ</span> 
     </span>
     <span class='ocr_line' id='line_1_4' title="bbox 811 683 1289 774; baseline -0.002 -21"><span class='ocrx_word' id='word_1_11' title='bbox 811 687 1009 773; x_wconf 75' lang='grc' dir='ltr'><strong><em>γουνοῦμαί</em></strong></span> <span class='ocrx_word' id='word_1_12' title='bbox 1027 683 1064 752; x_wconf 79' lang='lat' dir='ltr'>o&#39;</span> <span class='ocrx_word' id='word_1_13' title='bbox 1086 685 1289 774; x_wconf 78' lang='grc' dir='ltr'><strong><em>ἐλαφηβόλε.</em></strong></span> 
     </span>
     <span class='ocr_line' id='line_1_5' title="bbox 390 811 1668 895; baseline 0.004 -23"><span class='ocrx_word' id='word_1_14' title='bbox 390 813 434 874; x_wconf 89' lang='lat' dir='ltr'>usi</span> <span class='ocrx_word' id='word_1_15' title='bbox 459 821 530 876; x_wconf 89' lang='lat' dir='ltr'>sunt</span> <span class='ocrx_word' id='word_1_16' title='bbox 552 812 609 875; x_wconf 92' lang='lat' dir='ltr'>huc</span> <span class='ocrx_word' id='word_1_17' title='bbox 634 831 747 894; x_wconf 82' lang='lat' dir='ltr'>genere</span> <span class='ocrx_word' id='word_1_18' title='bbox 770 813 860 876; x_wconf 89' lang='lat' dir='ltr'>metri</span> <span class='ocrx_word' id='word_1_19' title='bbox 882 811 1018 884; x_wconf 79' lang='lat' dir='ltr'>Alcaeus,</span> <span class='ocrx_word' id='word_1_20' title='bbox 1043 811 1174 895; x_wconf 86' lang='lat' dir='ltr'>Sappho,</span> <span class='ocrx_word' id='word_1_21' title='bbox 1199 811 1331 876; x_wconf 76' lang='lat' dir='ltr'>Alcman.</span> <span class='ocrx_word' id='word_1_22' title='bbox 1378 811 1530 877; x_wconf 86' lang='lat' dir='ltr'>sccundus</span> <span class='ocrx_word' id='word_1_23' title='bbox 1553 832 1668 886; x_wconf 79' lang='lat' dir='ltr'>versus,</span> 
     </span>
     <span class='ocr_line' id='line_1_6' title="bbox 747 915 1346 988; baseline -0.005 -8"><span class='ocrx_word' id='word_1_24' title='bbox 747 919 793 980; x_wconf 85' lang='lat' dir='ltr'>sic</span> <span class='ocrx_word' id='word_1_25' title='bbox 816 917 926 981; x_wconf 83' lang='lat' dir='ltr'>iratres</span> <span class='ocrx_word' id='word_1_26' title='bbox 949 915 1081 980; x_wconf 77' lang='lat' dir='ltr'>Helenae</span> <span class='ocrx_word' id='word_1_27' title='bbox 1106 915 1206 980; x_wconf 84' lang='lat' dir='ltr'>lucida</span> <span class='ocrx_word' id='word_1_28' title='bbox 1228 915 1346 988; x_wconf 86' lang='lat' dir='ltr'>sidera,</span> 
     </span>
    </p>
   </div>
   <div class='ocr_carea' id='block_1_3' title="bbox 286 1019 1051 1103">
    <p class='ocr_par' dir='ltr' id='par_1_3' title="bbox 286 1019 1051 1103">
     <span class='ocr_line' id='line_1_7' title="bbox 286 1019 1051 1103; baseline 0.004 -22"><span class='ocrx_word' id='word_1_29' title='bbox 286 1055 288 1060; x_wconf 94' lang='lat'>·</span> <span class='ocrx_word' id='word_1_30' title='bbox 391 1019 608 1103; x_wconf 81' lang='lat' dir='ltr'>asclepiadeus,</span> <span class='ocrx_word' id='word_1_31' title='bbox 633 1020 752 1102; x_wconf 88' lang='lat' dir='ltr'>dequo</span> <span class='ocrx_word' id='word_1_32' title='bbox 776 1023 835 1084; x_wconf 88' lang='lat' dir='ltr'>iam</span> <span class='ocrx_word' id='word_1_33' title='bbox 859 1020 972 1084; x_wconf 88' lang='lat' dir='ltr'>dictum</span> <span class='ocrx_word' id='word_1_34' title='bbox 996 1029 1051 1085; x_wconf 91' lang='lat' dir='ltr'>est.</span> 
     </span>
    </p>
   </div>
   <div class='ocr_carea' id='block_1_4' title="bbox 502 1159 1619 1349">
    <p class='ocr_par' dir='ltr' id='par_1_4' title="bbox 502 1159 1619 1349">
     <span class='ocr_line' id='line_1_8' title="bbox 502 1159 1619 1242; baseline 0.001 -20"><span class='ocrx_word' id='word_1_35' title='bbox 502 1159 554 1223; x_wconf 97' lang='lat' dir='ltr'>llll</span> <span class='ocrx_word' id='word_1_36' title='bbox 598 1160 769 1224; x_wconf 74' lang='lat' dir='ltr'>Solvitur</span> <span class='ocrx_word' id='word_1_37' title='bbox 792 1162 894 1224; x_wconf 89' lang='lat' dir='ltr'>acris</span> <span class='ocrx_word' id='word_1_38' title='bbox 916 1159 1035 1224; x_wconf 89' lang='lat' dir='ltr'>hiems</span> <span class='ocrx_word' id='word_1_39' title='bbox 1058 1169 1167 1242; x_wconf 83' lang='lat' dir='ltr'>grata</span> <span class='ocrx_word' id='word_1_40' title='bbox 1190 1159 1271 1224; x_wconf 85' lang='lat' dir='ltr'>rice</span> <span class='ocrx_word' id='word_1_41' title='bbox 1294 1163 1395 1224; x_wconf 85' lang='lat' dir='ltr'>reris</span> <span class='ocrx_word' id='word_1_42' title='bbox 1418 1171 1454 1224; x_wconf 88' lang='lat' dir='ltr'>et</span> <span class='ocrx_word' id='word_1_43' title='bbox 1477 1161 1619 1233; x_wconf 82' lang='lat' dir='ltr'>levoni,</span> 
     </span>
     <span class='ocr_line' id='line_1_9' title="bbox 584 1263 1386 1349; baseline 0 -23"><span class='ocrx_word' id='word_1_44' title='bbox 584 1263 831 1349; x_wconf 73' lang='lat' dir='ltr'>‘trahuntque</span> <span class='ocrx_word' id='word_1_45' title='bbox 854 1266 978 1329; x_wconf 89' lang='lat' dir='ltr'>siccas</span> <span class='ocrx_word' id='word_1_46' title='bbox 1001 1264 1204 1328; x_wconf 77' lang='lat' dir='ltr'>machinae</span> <span class='ocrx_word' id='word_1_47' title='bbox 1227 1267 1386 1328; x_wconf 87' lang='lat' dir='ltr'>carinas.</span> 
     </span>
    </p>
   </div>
   <div class='ocr_carea' id='block_1_5' title="bbox 392 1401 1581 1616">
    <p class='ocr_par' dir='ltr' id='par_1_5' title="bbox 392 1401 1581 1616">
     <span class='ocr_line' id='line_1_10' title="bbox 392 1401 1339 1487; baseline 0.001 -22"><span class='ocrx_word' id='word_1_48' title='bbox 392 1411 499 1485; x_wconf 76' lang='lat' dir='ltr'>‹puarta</span> <span class='ocrx_word' id='word_1_49' title='bbox 522 1421 643 1486; x_wconf 87' lang='lat' dir='ltr'>quoque</span> <span class='ocrx_word' id='word_1_50' title='bbox 667 1402 780 1467; x_wconf 86' lang='lat' dir='ltr'>dicolos</span> <span class='ocrx_word' id='word_1_51' title='bbox 802 1403 838 1466; x_wconf 86' lang='lat' dir='ltr'>ad</span> <span class='ocrx_word' id='word_1_52' title='bbox 863 1404 1034 1487; x_wconf 84' lang='lat' dir='ltr'>exemplum</span> <span class='ocrx_word' id='word_1_53' title='bbox 1058 1401 1339 1476; x_wconf 61' lang='lat' dir='ltr'>Archilochium,</span> 
     </span>
     <span class='ocr_line' id='line_1_11' title="bbox 520 1524 1581 1616; baseline 0.001 -21"><span class='ocrx_word' id='word_1_54' title='bbox 520 1524 641 1598; x_wconf 78' lang='grc' dir='ltr'><strong><em>οὐκέθ’</em></strong></span> <span class='ocrx_word' id='word_1_55' title='bbox 665 1525 756 1616; x_wconf 73' lang='grc' dir='ltr'><strong><em>ὅμως</em></strong></span> <span class='ocrx_word' id='word_1_56' title='bbox 777 1531 921 1609; x_wconf 62' lang='lat' dir='ltr'>&amp;cilicie</span> <span class='ocrx_word' id='word_1_57' title='bbox 943 1527 1078 1596; x_wconf 79' lang='grc' dir='ltr'><strong><em>ἁπαλὸν</em></strong></span> <span class='ocrx_word' id='word_1_58' title='bbox 1100 1528 1201 1616; x_wconf 83' lang='grc' dir='ltr'><strong><em>χρόα·</em></strong></span> <span class='ocrx_word' id='word_1_59' title='bbox 1226 1529 1394 1616; x_wconf 77' lang='grc' dir='ltr'><em>κάρφεται</em></span> <span class='ocrx_word' id='word_1_60' title='bbox 1416 1526 1482 1614; x_wconf 82' lang='grc' dir='ltr'><strong><em>γὰρ</em></strong></span> <span class='ocrx_word' id='word_1_61' title='bbox 1505 1525 1581 1616; x_wconf 81' lang='grc' dir='ltr'><em>ἤδη.</em></span> 
     </span>
    </p>
   </div>
   <div class='ocr_carea' id='block_1_6' title="bbox 391 1661 1761 2576">
    <p class='ocr_par' dir='ltr' id='par_1_6' title="bbox 391 1661 1761 2576">
     <span class='ocr_line' id='line_1_12' title="bbox 392 1661 1761 1753; baseline 0.001 -27"><span class='ocrx_word' id='word_1_62' title='bbox 392 1665 534 1728; x_wconf 87' lang='lat' dir='ltr'>dilierunt</span> <span class='ocrx_word' id='word_1_63' title='bbox 562 1665 651 1746; x_wconf 92' lang='lat' dir='ltr'>primi</span> <span class='ocrx_word' id='word_1_64' title='bbox 675 1661 679 1748; x_wconf 82' lang='grc' dir='ltr'>Ι</span> <span class='ocrx_word' id='word_1_65' title='bbox 704 1664 762 1727; x_wconf 92' lang='lat' dir='ltr'>hoc</span> <span class='ocrx_word' id='word_1_66' title='bbox 785 1684 856 1735; x_wconf 86' lang='lat' dir='ltr'>uno,</span> <span class='ocrx_word' id='word_1_67' title='bbox 884 1664 965 1747; x_wconf 84' lang='lat' dir='ltr'>quod</span> <span class='ocrx_word' id='word_1_68' title='bbox 995 1665 1025 1725; x_wconf 94' lang='lat' dir='ltr'>in</span> <span class='ocrx_word' id='word_1_69' title='bbox 1054 1681 1163 1744; x_wconf 81' lang='lat' dir='ltr'>graeco</span> <span class='ocrx_word' id='word_1_70' title='bbox 1192 1662 1344 1726; x_wconf 88' lang='lat' dir='ltr'>secundus</span> <span class='ocrx_word' id='word_1_71' title='bbox 1366 1663 1526 1746; x_wconf 85' lang='lat' dir='ltr'>spondeus,</span> <span class='ocrx_word' id='word_1_72' title='bbox 1556 1666 1586 1727; x_wconf 92' lang='lat' dir='ltr'>iu</span> <span class='ocrx_word' id='word_1_73' title='bbox 1618 1666 1761 1753; x_wconf 64' lang='lat' dir='ltr'>latinum,</span> 
     </span>
     <span class='ocr_line' id='line_1_13' title="bbox 392 1765 1708 1847; baseline 0.001 -16"><span class='ocrx_word' id='word_1_74' title='bbox 392 1770 500 1831; x_wconf 88' lang='lat' dir='ltr'>tertius</span> <span class='ocrx_word' id='word_1_75' title='bbox 536 1776 590 1830; x_wconf 85' lang='lat' dir='ltr'>cst.</span> <span class='ocrx_word' id='word_1_76' title='bbox 637 1786 736 1847; x_wconf 88' lang='lat' dir='ltr'>neque</span> <span class='ocrx_word' id='word_1_77' title='bbox 772 1777 873 1832; x_wconf 86' lang='lat' dir='ltr'>tamen</span> <span class='ocrx_word' id='word_1_78' title='bbox 908 1767 1045 1830; x_wconf 84' lang='lat' dir='ltr'>ordinem</span> <span class='ocrx_word' id='word_1_79' title='bbox 1082 1767 1113 1830; x_wconf 92' lang='lat' dir='ltr'>in</span> <span class='ocrx_word' id='word_1_80' title='bbox 1148 1766 1288 1830; x_wconf 88' lang='lat' dir='ltr'>omnihus</span> <span class='ocrx_word' id='word_1_81' title='bbox 1321 1765 1445 1830; x_wconf 77' lang='lat' dir='ltr'>Flaccus</span> <span class='ocrx_word' id='word_1_82' title='bbox 1480 1771 1623 1840; x_wconf 83' lang='lat' dir='ltr'>serravit,</span> <span class='ocrx_word' id='word_1_83' title='bbox 1656 1769 1708 1832; x_wconf 89' lang='lat' dir='ltr'>sed</span> 
     </span>
     <span class='ocr_line' id='line_1_14' title="bbox 392 1870 1707 1955; baseline 0.003 -24"><span class='ocrx_word' id='word_1_84' title='bbox 392 1871 472 1934; x_wconf 86' lang='lat' dir='ltr'>rarle</span> <span class='ocrx_word' id='word_1_85' title='bbox 502 1880 533 1934; x_wconf 88' lang='lat' dir='ltr'>et</span> <span class='ocrx_word' id='word_1_86' title='bbox 561 1872 699 1942; x_wconf 88' lang='lat' dir='ltr'>licenter.</span> <span class='ocrx_word' id='word_1_87' title='bbox 731 1871 893 1934; x_wconf 86' lang='lat' dir='ltr'>dummodo</span> <span class='ocrx_word' id='word_1_88' title='bbox 923 1891 961 1934; x_wconf 89' lang='lat' dir='ltr'>ne</span> <span class='ocrx_word' id='word_1_89' title='bbox 990 1871 1028 1934; x_wconf 87' lang='lat' dir='ltr'>ab</span> <span class='ocrx_word' id='word_1_90' title='bbox 1056 1871 1153 1934; x_wconf 89' lang='lat' dir='ltr'>heroo</span> <span class='ocrx_word' id='word_1_91' title='bbox 1181 1870 1347 1935; x_wconf 78' lang='lat' dir='ltr'>recederet.</span> <span class='ocrx_word' id='word_1_92' title='bbox 1394 1871 1484 1935; x_wconf 85' lang='lat' dir='ltr'>hahet</span> <span class='ocrx_word' id='word_1_93' title='bbox 1513 1891 1585 1952; x_wconf 83' lang='lat' dir='ltr'>ergo</span> <span class='ocrx_word' id='word_1_94' title='bbox 1612 1875 1707 1955; x_wconf 87' lang='lat' dir='ltr'>prima</span> 
     </span>
     <span class='ocr_line' id='line_1_15' title="bbox 391 1973 1707 2066; baseline 0.001 -28"><span class='ocrx_word' id='word_1_95' title='bbox 391 1993 515 2038; x_wconf 86' lang='lat' dir='ltr'>caesura</span> <span class='ocrx_word' id='word_1_96' title='bbox 539 1974 667 2038; x_wconf 89' lang='lat' dir='ltr'>heroum</span> <span class='ocrx_word' id='word_1_97' title='bbox 691 1985 909 2048; x_wconf 83' lang='lat' dir='ltr'>tetrametrum,</span> <span class='ocrx_word' id='word_1_98' title='bbox 932 1986 963 2040; x_wconf 93' lang='lat' dir='ltr'>et</span> <span class='ocrx_word' id='word_1_99' title='bbox 985 1973 1053 2037; x_wconf 91' lang='lat' dir='ltr'>talis</span> <span class='ocrx_word' id='word_1_100' title='bbox 1076 1985 1122 2039; x_wconf 90' lang='lat' dir='ltr'>est</span> <span class='ocrx_word' id='word_1_101' title='bbox 1144 1973 1218 2037; x_wconf 90' lang='lat' dir='ltr'>haec</span> <span class='ocrx_word' id='word_1_102' title='bbox 1241 1993 1321 2058; x_wconf 84' lang='lat' dir='ltr'>pars,</span> <span class='ocrx_word' id='word_1_103' title='bbox 1345 1975 1443 2059; x_wconf 87' lang='lat' dir='ltr'>qualis</span> <span class='ocrx_word' id='word_1_104' title='bbox 1465 1975 1514 2066; x_wconf 88' lang='lat' dir='ltr'>illa</span> <span class='ocrx_word' id='word_1_105' title='bbox 1538 1977 1707 2048; x_wconf 85' lang='lat' dir='ltr'>llomerice.</span> 
     </span>
     <span class='ocr_line' id='line_1_16' title="bbox 391 2069 1708 2162; baseline 0.002 -20"><span class='ocrx_word' id='word_1_106' title='bbox 391 2069 457 2152; x_wconf 71' lang='lat' dir='ltr'>‘m‘s</span> <span class='ocrx_word' id='word_1_107' title='bbox 479 2071 579 2160; x_wconf 82' lang='grc' dir='ltr'><strong><em>ἔφατ’</em></strong></span> <span class='ocrx_word' id='word_1_108' title='bbox 604 2071 800 2162; x_wconf 76' lang='grc' dir='ltr'><strong><em>εὐχόμενος,</em></strong></span> <span class='ocrx_word' id='word_1_109' title='bbox 824 2075 887 2144; x_wconf 84' lang='grc' dir='ltr'>τοῦ</span> <span class='ocrx_word' id='word_1_110' title='bbox 909 2072 941 2142; x_wconf 82' lang='grc' dir='ltr'>δ’</span> <span class='ocrx_word' id='word_1_111' title='bbox 967 2079 1096 2151; x_wconf 80' lang='grc' dir='ltr'><strong><em>ἔκλυε’,</em></strong></span> <span class='ocrx_word' id='word_1_112' title='bbox 1128 2083 1176 2141; x_wconf 83' lang='lat' dir='ltr'>vel</span> <span class='ocrx_word' id='word_1_113' title='bbox 1196 2081 1273 2142; x_wconf 85' lang='lat' dir='ltr'>haec</span> <span class='ocrx_word' id='word_1_114' title='bbox 1296 2076 1467 2160; x_wconf 78' lang='lat' dir='ltr'>virgiliana.</span> <span class='ocrx_word' id='word_1_115' title='bbox 1490 2080 1611 2144; x_wconf 80' lang='lat' dir='ltr'>‘solve</span> <span class='ocrx_word' id='word_1_116' title='bbox 1635 2101 1708 2144; x_wconf 90' lang='lat' dir='ltr'>me·</span> 
     </span>
     <span class='ocr_line' id='line_1_17' title="bbox 392 2177 1745 2267; baseline 0.002 -24"><span class='ocrx_word' id='word_1_117' title='bbox 392 2191 451 2244; x_wconf 86' lang='lat' dir='ltr'>tus</span> <span class='ocrx_word' id='word_1_118' title='bbox 479 2183 579 2246; x_wconf 86' lang='lat' dir='ltr'>leret</span> <span class='ocrx_word' id='word_1_119' title='bbox 606 2183 698 2246; x_wconf 86' lang='lat' dir='ltr'>haec</span> <span class='ocrx_word' id='word_1_120' title='bbox 725 2183 888 2267; x_wconf 83' lang='lat' dir='ltr'>aliquam</span> <span class='ocrx_word' id='word_1_121' title='bbox 919 2183 1021 2247; x_wconf 82' lang='lat' dir='ltr'>tihi’.</span> <span class='ocrx_word' id='word_1_122' title='bbox 1068 2201 1197 2264; x_wconf 85' lang='lat' dir='ltr'>quorum</span> <span class='ocrx_word' id='word_1_123' title='bbox 1221 2181 1308 2246; x_wconf 87' lang='lat' dir='ltr'>alteri</span> <span class='ocrx_word' id='word_1_124' title='bbox 1332 2182 1416 2246; x_wconf 80' lang='lat' dir='ltr'>deest</span> <span class='ocrx_word' id='word_1_125' title='bbox 1445 2182 1572 2266; x_wconf 84' lang='grc' dir='ltr'><strong><em>Φοῖβος</em></strong></span> <span class='ocrx_word' id='word_1_126' title='bbox 1591 2177 1745 2260; x_wconf 65' lang='lat' dir='ltr'>&#39;Audi-25</span> 
     </span>
     <span class='ocr_line' id='line_1_18' title="bbox 391 2285 1708 2370; baseline 0.003 -24"><span class='ocrx_word' id='word_1_127' title='bbox 391 2286 472 2356; x_wconf 87' lang='grc' dir='ltr'><strong><em>λων,</em></strong></span> <span class='ocrx_word' id='word_1_128' title='bbox 496 2285 583 2350; x_wconf 84' lang='lat' dir='ltr'>alteri</span> <span class='ocrx_word' id='word_1_129' title='bbox 612 2289 723 2350; x_wconf 85' lang='lat' dir='ltr'>‘lama</span> <span class='ocrx_word' id='word_1_130' title='bbox 751 2287 947 2358; x_wconf 88' lang='lat' dir='ltr'>salntem&#39;‚</span> <span class='ocrx_word' id='word_1_131' title='bbox 977 2307 1054 2370; x_wconf 85' lang='lat' dir='ltr'>quae</span> <span class='ocrx_word' id='word_1_132' title='bbox 1082 2291 1107 2349; x_wconf 91' lang='lat' dir='ltr'>si</span> <span class='ocrx_word' id='word_1_133' title='bbox 1137 2287 1258 2352; x_wconf 84' lang='lat' dir='ltr'>adicere</span> <span class='ocrx_word' id='word_1_134' title='bbox 1282 2287 1440 2350; x_wconf 70' lang='lat' dir='ltr'>Planciano</span> <span class='ocrx_word' id='word_1_135' title='bbox 1467 2297 1496 2351; x_wconf 92' lang='lat' dir='ltr'>et</span> <span class='ocrx_word' id='word_1_136' title='bbox 1518 2287 1708 2352; x_wconf 80' lang='lat' dir='ltr'>Archilochio</span> 
     </span>
     <span class='ocr_line' id='line_1_19' title="bbox 392 2387 1210 2472; baseline 0.002 -20"><span class='ocrx_word' id='word_1_137' title='bbox 392 2387 534 2462; x_wconf 84' lang='lat' dir='ltr'>volueris,</span> <span class='ocrx_word' id='word_1_138' title='bbox 558 2389 765 2472; x_wconf 85' lang='lat' dir='ltr'>implebuntur</span> <span class='ocrx_word' id='word_1_139' title='bbox 789 2400 818 2454; x_wconf 84' lang='lat' dir='ltr'>el</span> <span class='ocrx_word' id='word_1_140' title='bbox 841 2393 912 2455; x_wconf 86' lang='lat' dir='ltr'>lieni</span> <span class='ocrx_word' id='word_1_141' title='bbox 936 2391 1024 2455; x_wconf 87' lang='lat' dir='ltr'>solidi</span> <span class='ocrx_word' id='word_1_142' title='bbox 1047 2392 1133 2455; x_wconf 88' lang='lat' dir='ltr'>heroi</span> <span class='ocrx_word' id='word_1_143' title='bbox 1156 2395 1210 2464; x_wconf 89' lang='lat' dir='ltr'>sic,</span> 
     </span>
     <span class='ocr_line' id='line_1_20' title="bbox 650 2493 1453 2576; baseline 0.001 -20"><span class='ocrx_word' id='word_1_144' title='bbox 650 2493 773 2557; x_wconf 87' lang='lat' dir='ltr'>solvitur</span> <span class='ocrx_word' id='word_1_145' title='bbox 797 2497 875 2558; x_wconf 86' lang='lat' dir='ltr'>acris</span> <span class='ocrx_word' id='word_1_146' title='bbox 898 2495 994 2558; x_wconf 77' lang='lat' dir='ltr'>liieurs</span> <span class='ocrx_word' id='word_1_147' title='bbox 1017 2505 1099 2576; x_wconf 79' lang='lat' dir='ltr'>grata</span> <span class='ocrx_word' id='word_1_148' title='bbox 1126 2499 1190 2558; x_wconf 80' lang='lat' dir='ltr'>rice</span> <span class='ocrx_word' id='word_1_149' title='bbox 1213 2496 1295 2558; x_wconf 82' lang='lat' dir='ltr'>lania</span> <span class='ocrx_word' id='word_1_150' title='bbox 1319 2495 1453 2567; x_wconf 87' lang='lat' dir='ltr'>salutem,</span> 
     </span>
    </p>
   </div>
   <div class='ocr_carea' id='block_1_7' title="bbox 543 2625 1558 2717">
    <p class='ocr_par' dir='ltr' id='par_1_7' title="bbox 543 2625 1558 2717">
     <span class='ocr_line' id='line_1_21' title="bbox 543 2625 1558 2717; baseline 0.003 -21"><span class='ocrx_word' id='word_1_151' title='bbox 543 2626 666 2699; x_wconf 78' lang='grc' dir='ltr'><strong><em>οὐκέθ’</em></strong></span> <span class='ocrx_word' id='word_1_152' title='bbox 689 2625 780 2716; x_wconf 76' lang='grc' dir='ltr'><strong><em>ὁμῶς</em></strong></span> <span class='ocrx_word' id='word_1_153' title='bbox 801 2630 942 2709; x_wconf 78' lang='grc' dir='ltr'>θάλλεις</span> <span class='ocrx_word' id='word_1_154' title='bbox 964 2627 1098 2697; x_wconf 82' lang='grc' dir='ltr'><strong><em>ἁπαλόν</em></strong></span> <span class='ocrx_word' id='word_1_155' title='bbox 1120 2629 1205 2716; x_wconf 87' lang='grc' dir='ltr'><strong><em>χρόα</em></strong></span> <span class='ocrx_word' id='word_1_156' title='bbox 1228 2633 1355 2717; x_wconf 80' lang='grc' dir='ltr'><strong><em>Φοῖβος</em></strong></span> <span class='ocrx_word' id='word_1_157' title='bbox 1374 2627 1558 2699; x_wconf 85' lang='grc' dir='ltr'><strong><em>Ἀπόλλων.</em></strong></span> 
     </span>
    </p>
   </div>
   <div class='ocr_carea' id='block_1_8' title="bbox 391 2771 1747 3274">
    <p class='ocr_par' dir='ltr' id='par_1_8' title="bbox 391 2771 1747 3155">
     <span class='ocr_line' id='line_1_22' title="bbox 391 2771 1747 2856; baseline 0.004 -26"><span class='ocrx_word' id='word_1_158' title='bbox 391 2773 541 2852; x_wconf 75' lang='lat' dir='ltr'>posterior</span> <span class='ocrx_word' id='word_1_159' title='bbox 571 2791 650 2854; x_wconf 87' lang='lat' dir='ltr'>pars,</span> <span class='ocrx_word' id='word_1_160' title='bbox 680 2773 781 2835; x_wconf 78' lang='lat' dir='ltr'>‘reris</span> <span class='ocrx_word' id='word_1_161' title='bbox 803 2783 835 2836; x_wconf 86' lang='lat' dir='ltr'>et</span> <span class='ocrx_word' id='word_1_162' title='bbox 856 2775 983 2845; x_wconf 86' lang='lat' dir='ltr'>lavoni’,</span> <span class='ocrx_word' id='word_1_163' title='bbox 1016 2771 1225 2856; x_wconf 78' lang='lat' dir='ltr'>ithyphallicos</span> <span class='ocrx_word' id='word_1_164' title='bbox 1254 2793 1357 2837; x_wconf 73' lang='lat' dir='ltr'>ceratis</span> <span class='ocrx_word' id='word_1_165' title='bbox 1386 2784 1432 2837; x_wconf 83' lang='lat' dir='ltr'>ost</span> <span class='ocrx_word' id='word_1_166' title='bbox 1463 2793 1498 2836; x_wconf 81' lang='lat' dir='ltr'>ex</span> <span class='ocrx_word' id='word_1_167' title='bbox 1527 2772 1625 2839; x_wconf 86' lang='lat' dir='ltr'>trihus</span> <span class='ocrx_word' id='word_1_168' title='bbox 1648 2785 1747 2846; x_wconf 62' lang='lat' dir='ltr'>tro-2„</span> 
     </span>
     <span class='ocr_line' id='line_1_23' title="bbox 392 2873 1708 2960; baseline 0.005 -25"><span class='ocrx_word' id='word_1_169' title='bbox 392 2873 502 2936; x_wconf 86' lang='lat' dir='ltr'>ulmeis.</span> <span class='ocrx_word' id='word_1_170' title='bbox 550 2876 617 2938; x_wconf 89' lang='lat' dir='ltr'>talis</span> <span class='ocrx_word' id='word_1_171' title='bbox 640 2887 686 2940; x_wconf 81' lang='lat' dir='ltr'>est</span> <span class='ocrx_word' id='word_1_172' title='bbox 709 2896 779 2958; x_wconf 87' lang='lat' dir='ltr'>pars</span> <span class='ocrx_word' id='word_1_173' title='bbox 803 2898 838 2940; x_wconf 84' lang='lat' dir='ltr'>ex</span> <span class='ocrx_word' id='word_1_174' title='bbox 862 2877 1027 2940; x_wconf 82' lang='lat' dir='ltr'>Catulliano</span> <span class='ocrx_word' id='word_1_175' title='bbox 1058 2877 1308 2960; x_wconf 74' lang='lat' dir='ltr'>hendecasyllabo</span> <span class='ocrx_word' id='word_1_176' title='bbox 1331 2879 1465 2941; x_wconf 83' lang='lat' dir='ltr'>detracta</span> <span class='ocrx_word' id='word_1_177' title='bbox 1489 2881 1591 2960; x_wconf 87' lang='lat' dir='ltr'>priore</span> <span class='ocrx_word' id='word_1_178' title='bbox 1615 2887 1708 2958; x_wconf 88' lang='lat' dir='ltr'>parte,</span> 
     </span>
     <span class='ocr_line' id='line_1_24' title="bbox 391 2979 1709 3065; baseline 0.005 -26"><span class='ocrx_word' id='word_1_179' title='bbox 391 2981 556 3060; x_wconf 84' lang='lat' dir='ltr'>‘pumice</span> <span class='ocrx_word' id='word_1_180' title='bbox 580 2979 815 3061; x_wconf 85' lang='lat' dir='ltr'>expolitum&#39;‚</span> <span class='ocrx_word' id='word_1_181' title='bbox 846 2981 937 3065; x_wconf 84' lang='lat' dir='ltr'>idque</span> <span class='ocrx_word' id='word_1_182' title='bbox 961 2981 1157 3045; x_wconf 75' lang='lat' dir='ltr'>si‘adieceris</span> <span class='ocrx_word' id='word_1_183' title='bbox 1185 2981 1222 3044; x_wconf 83' lang='lat' dir='ltr'>ad</span> <span class='ocrx_word' id='word_1_184' title='bbox 1247 2981 1399 3045; x_wconf 86' lang='lat' dir='ltr'>lloratiaui</span> <span class='ocrx_word' id='word_1_185' title='bbox 1430 2991 1544 3062; x_wconf 88' lang='lat' dir='ltr'>partem</span> <span class='ocrx_word' id='word_1_186' title='bbox 1571 2985 1709 3064; x_wconf 86' lang='lat' dir='ltr'>superio·</span> 
     </span>
     <span class='ocr_line' id='line_1_25' title="bbox 391 3083 772 3155; baseline 0.016 -13"><span class='ocrx_word' id='word_1_187' title='bbox 391 3100 466 3152; x_wconf 81' lang='lat' dir='ltr'>reni,</span> <span class='ocrx_word' id='word_1_188' title='bbox 489 3084 541 3145; x_wconf 88' lang='lat' dir='ltr'>liet</span> <span class='ocrx_word' id='word_1_189' title='bbox 563 3083 772 3155; x_wconf 87' lang='lat' dir='ltr'>archilochius.</span> 
     </span>
    </p>

    <p class='ocr_par' dir='ltr' id='par_1_9' title="bbox 598 3187 1501 3274">
     <span class='ocr_line' id='line_1_26' title="bbox 598 3187 1501 3274; baseline 0.003 -24"><span class='ocrx_word' id='word_1_190' title='bbox 598 3187 723 3251; x_wconf 84' lang='lat' dir='ltr'>solvitur</span> <span class='ocrx_word' id='word_1_191' title='bbox 745 3191 823 3251; x_wconf 88' lang='lat' dir='ltr'>acris</span> <span class='ocrx_word' id='word_1_192' title='bbox 847 3191 944 3254; x_wconf 81' lang='lat' dir='ltr'>hienis</span> <span class='ocrx_word' id='word_1_193' title='bbox 966 3200 1049 3272; x_wconf 84' lang='lat' dir='ltr'>grata</span> <span class='ocrx_word' id='word_1_194' title='bbox 1075 3193 1136 3256; x_wconf 85' lang='lat' dir='ltr'>rice</span> <span class='ocrx_word' id='word_1_195' title='bbox 1160 3193 1279 3274; x_wconf 87' lang='lat' dir='ltr'>pumice</span> <span class='ocrx_word' id='word_1_196' title='bbox 1307 3189 1501 3270; x_wconf 72' lang='lat' dir='ltr'>expolitun1.,¹l</span> 
     </span>
    </p>
   </div>
   <div class='ocr_carea' id='block_1_9' title="bbox 393 3327 598 3335">
    <p class='ocr_par' dir='ltr' id='par_1_10' title="bbox 393 3327 598 3335">
     <span class='ocr_line' id='line_1_27' title="bbox 393 3327 598 3335; baseline 0.005 -1"><span class='ocrx_word' id='word_1_197' title='bbox 393 3327 558 3335; x_wconf 71' lang='lat'><strong>——---.</strong></span> <span class='ocrx_word' id='word_1_198' title='bbox 581 3329 598 3335; x_wconf 81' lang='lat'>-</span> 
     </span>
    </p>
   </div>
   <div class='ocr_carea' id='block_1_10' title="bbox 389 3360 1711 4223">
    <p class='ocr_par' dir='ltr' id='par_1_11' title="bbox 389 3360 1711 4223">
     <span class='ocr_line' id='line_1_28' title="bbox 464 3360 1710 3465; baseline 0.005 -20"><span class='ocrx_word' id='word_1_199' title='bbox 464 3397 477 3445; x_wconf 91' lang='lat'>1</span> <span class='ocrx_word' id='word_1_200' title='bbox 498 3396 692 3448; x_wconf 75' lang='lat' dir='ltr'>Anacreonteum</span> <span class='ocrx_word' id='word_1_201' title='bbox 716 3409 755 3448; x_wconf 87' lang='lat' dir='ltr'>est</span> <span class='ocrx_word' id='word_1_202' title='bbox 775 3391 946 3464; x_wconf 78' lang='lat' dir='ltr'>Fovvoa&#39;rpe&#39;e</span> <span class='ocrx_word' id='word_1_203' title='bbox 966 3397 1048 3459; x_wconf 85' lang='lat' dir='ltr'>(corr.</span> <span class='ocrx_word' id='word_1_204' title='bbox 1069 3397 1148 3464; x_wconf 76' lang='lat' dir='ltr'>-puil</span> <span class='ocrx_word' id='word_1_205' title='bbox 1172 3389 1198 3451; x_wconf 83' lang='lat' dir='ltr'>c&#39;</span> <span class='ocrx_word' id='word_1_206' title='bbox 1220 3360 1393 3465; x_wconf 57' lang='grc' dir='ltr'><strong><em>ἕλαφόιβολε</em></strong></span> <span class='ocrx_word' id='word_1_207' title='bbox 1418 3397 1565 3464; x_wconf 79' lang='grc' dir='ltr'><strong><em>εαφηβολε</em></strong></span> <span class='ocrx_word' id='word_1_208' title='bbox 1586 3399 1628 3450; x_wconf 76' lang='grc' dir='ltr'>λέῑ</span> <span class='ocrx_word' id='word_1_209' title='bbox 1649 3415 1710 3451; x_wconf 85' lang='lat' dir='ltr'>suut</span> 
     </span>
     <span class='ocr_line' id='line_1_29' title="bbox 391 3465 1708 3533; baseline 0.005 -19"><span class='ocrx_word' id='word_1_210' title='bbox 391 3465 415 3514; x_wconf 99' lang='lat' dir='ltr'><em>A</em></span> <span class='ocrx_word' id='word_1_211' title='bbox 437 3467 643 3514; x_wconf 67' lang='lat' dir='ltr'>niceri-reomensi</span> <span class='ocrx_word' id='word_1_212' title='bbox 667 3478 706 3515; x_wconf 85' lang='lat' dir='ltr'>esc</span> <span class='ocrx_word' id='word_1_213' title='bbox 728 3481 817 3532; x_wconf 76' lang='grc' dir='ltr'><strong><em>γουνο</em></strong></span> <span class='ocrx_word' id='word_1_214' title='bbox 835 3483 890 3533; x_wconf 82' lang='grc' dir='ltr'>μαε</span> <span class='ocrx_word' id='word_1_215' title='bbox 913 3469 1007 3532; x_wconf 65' lang='lat' dir='ltr'>crium</span> <span class='ocrx_word' id='word_1_216' title='bbox 1028 3467 1111 3532; x_wconf 78' lang='grc' dir='ltr'><strong><em>τβολε</em></strong></span> <span class='ocrx_word' id='word_1_217' title='bbox 1136 3472 1175 3518; x_wconf 86' lang='lat' dir='ltr'>osi</span> <span class='ocrx_word' id='word_1_218' title='bbox 1199 3481 1260 3518; x_wconf 83' lang='lat' dir='ltr'>soor</span> <span class='ocrx_word' id='word_1_219' title='bbox 1284 3467 1308 3518; x_wconf 87' lang='lat' dir='ltr'><em>B</em></span> <span class='ocrx_word' id='word_1_220' title='bbox 1337 3469 1543 3519; x_wconf 77' lang='lat' dir='ltr'>Anacreonticon</span> <span class='ocrx_word' id='word_1_221' title='bbox 1568 3481 1607 3520; x_wconf 79' lang='lat' dir='ltr'>est</span> <span class='ocrx_word' id='word_1_222' title='bbox 1630 3485 1645 3514; x_wconf 76' lang='lat' dir='ltr'>e</span> <span class='ocrx_word' id='word_1_223' title='bbox 1668 3473 1708 3520; x_wconf 85' lang='lat' dir='ltr'>usi</span> 
     </span>
     <span class='ocr_line' id='line_1_30' title="bbox 391 3525 1707 3608; baseline 0.005 -25"><span class='ocrx_word' id='word_1_224' title='bbox 391 3546 452 3583; x_wconf 81' lang='lat' dir='ltr'>sum</span> <span class='ocrx_word' id='word_1_225' title='bbox 471 3547 495 3589; x_wconf 90' lang='grc' dir='ltr'>ς.</span> <span class='ocrx_word' id='word_1_226' title='bbox 521 3535 665 3598; x_wconf 63' lang='lat' dir='ltr'>iteponere.</span> <span class='ocrx_word' id='word_1_227' title='bbox 684 3552 711 3598; x_wconf 86' lang='grc' dir='ltr'><strong><em>ρ.</em></strong></span> <span class='ocrx_word' id='word_1_228' title='bbox 727 3539 769 3594; x_wconf 76' lang='grc'>62,</span> <span class='ocrx_word' id='word_1_229' title='bbox 784 3541 818 3587; x_wconf 84' lang='grc'>26</span> <span class='ocrx_word' id='word_1_230' title='bbox 836 3540 876 3588; x_wconf 84' lang='lat' dir='ltr'>ed.</span> <span class='ocrx_word' id='word_1_231' title='bbox 903 3537 1022 3598; x_wconf 81' lang='lat' dir='ltr'>ll&#39;eslpll.</span> <span class='ocrx_word' id='word_1_232' title='bbox 1041 3531 1179 3601; x_wconf 71' lang='grc' dir='ltr'><strong><em>καθάπερ</em></strong></span> <span class='ocrx_word' id='word_1_233' title='bbox 1203 3535 1233 3587; x_wconf 86' lang='grc' dir='ltr'>τό</span> <span class='ocrx_word' id='word_1_234' title='bbox 1260 3535 1373 3599; x_wconf 80' lang='grc' dir='ltr'><strong><em>πρῶτον</em></strong></span> <span class='ocrx_word' id='word_1_235' title='bbox 1395 3532 1594 3598; x_wconf 70' lang='grc' dir='ltr'>Ἀνακρέοντος</span> <span class='ocrx_word' id='word_1_236' title='bbox 1619 3525 1707 3608; x_wconf 75' lang='grc' dir='ltr'><strong><em>ᾆσμα,</em></strong></span> 
     </span>
     <span class='ocr_line' id='line_1_31' title="bbox 395 3595 1655 3673; baseline 0.003 -19"><span class='ocrx_word' id='word_1_237' title='bbox 395 3601 567 3664; x_wconf 82' lang='grc' dir='ltr'><strong><em>Γοονοῦμαί</em></strong></span> <span class='ocrx_word' id='word_1_238' title='bbox 584 3597 619 3661; x_wconf 89' lang='lat' dir='ltr'>o&#39;‚</span> <span class='ocrx_word' id='word_1_239' title='bbox 640 3595 816 3671; x_wconf 74' lang='grc' dir='ltr'><strong><em>ἕλαφρβόλε,</em></strong></span> <span class='ocrx_word' id='word_1_240' title='bbox 835 3599 944 3672; x_wconf 60' lang='lat' dir='ltr'>savar}</span> <span class='ocrx_word' id='word_1_241' title='bbox 964 3611 1023 3658; x_wconf 77' lang='grc' dir='ltr'>παῖ</span> <span class='ocrx_word' id='word_1_242' title='bbox 1040 3599 1119 3667; x_wconf 68' lang='grc' dir='ltr'>Διός,</span> <span class='ocrx_word' id='word_1_243' title='bbox 1140 3599 1248 3673; x_wconf 74' lang='grc' dir='ltr'><strong><em>α’γρίων</em></strong></span> <span class='ocrx_word' id='word_1_244' title='bbox 1267 3595 1407 3658; x_wconf 75' lang='grc' dir='ltr'>Δέσποιν’</span> <span class='ocrx_word' id='word_1_245' title='bbox 1422 3597 1534 3672; x_wconf 77' lang='grc' dir='ltr'><strong><em>Ἄρτεμι</em></strong></span> <span class='ocrx_word' id='word_1_246' title='bbox 1553 3607 1655 3672; x_wconf 72' lang='grc' dir='ltr'><strong><em>θηρῶν</em></strong></span> 
     </span>
     <span class='ocr_line' id='line_1_32' title="bbox 390 3672 1709 3741; baseline 0.002 -18"><span class='ocrx_word' id='word_1_247' title='bbox 390 3672 604 3728; x_wconf 72' lang='grc' dir='ltr'>3ΑΙοιοοιιςΒ</span> <span class='ocrx_word' id='word_1_248' title='bbox 626 3673 1129 3741; x_wconf 73' lang='lat' dir='ltr'>hicineonetinmurp.l.hlcninnA</span> <span class='ocrx_word' id='word_1_249' title='bbox 1187 3673 1538 3732; x_wconf 66' lang='lat' dir='ltr'>iilouohisBlnuoniiA</span> <span class='ocrx_word' id='word_1_250' title='bbox 1592 3679 1709 3727; x_wconf 77' lang='lat' dir='ltr'>isleras</span> 
     </span>
     <span class='ocr_line' id='line_1_33' title="bbox 390 3735 1709 3810; baseline 0.002 -20"><span class='ocrx_word' id='word_1_251' title='bbox 390 3741 429 3792; x_wconf 77' lang='lat' dir='ltr'>liis</span> <span class='ocrx_word' id='word_1_252' title='bbox 446 3743 572 3805; x_wconf 83' lang='lat' dir='ltr'>scriplum</span> <span class='ocrx_word' id='word_1_253' title='bbox 590 3741 666 3792; x_wconf 82' lang='lat' dir='ltr'>habet</span> <span class='ocrx_word' id='word_1_254' title='bbox 685 3755 702 3798; x_wconf 86' lang='grc' dir='ltr'><strong><em>ς</em></strong></span> <span class='ocrx_word' id='word_1_255' title='bbox 806 3745 907 3795; x_wconf 78' lang='lat' dir='ltr'>Slucto</span> <span class='ocrx_word' id='word_1_256' title='bbox 931 3740 1089 3809; x_wconf 78' lang='grc' dir='ltr'><strong><em>οὐκετομος</em></strong></span> <span class='ocrx_word' id='word_1_257' title='bbox 1112 3743 1282 3810; x_wconf 81' lang='grc' dir='ltr'><strong><em>(όοκετομος</em></strong></span> <span class='ocrx_word' id='word_1_258' title='bbox 1301 3745 1337 3806; x_wconf 86' lang='lat' dir='ltr'>B)</span> <span class='ocrx_word' id='word_1_259' title='bbox 1361 3735 1461 3802; x_wconf 67' lang='grc' dir='ltr'>ἄλλοις</span> <span class='ocrx_word' id='word_1_260' title='bbox 1483 3743 1624 3796; x_wconf 89' lang='grc' dir='ltr'><strong><em>απολλων.</em></strong></span> <span class='ocrx_word' id='word_1_261' title='bbox 1656 3745 1709 3794; x_wconf 77' lang='lat' dir='ltr'>llil·</span> 
     </span>
     <span class='ocr_line' id='line_1_34' title="bbox 390 3805 1708 3879; baseline 0.003 -21"><span class='ocrx_word' id='word_1_262' title='bbox 390 3809 476 3859; x_wconf 80' lang='lat' dir='ltr'>lerunt</span> <span class='ocrx_word' id='word_1_263' title='bbox 495 3808 556 3860; x_wconf 83' lang='lat' dir='ltr'>AB</span> <span class='ocrx_word' id='word_1_264' title='bbox 582 3813 646 3860; x_wconf 82' lang='lat' dir='ltr'>lecta</span> <span class='ocrx_word' id='word_1_265' title='bbox 667 3823 679 3855; x_wconf 80' lang='grc' dir='ltr'><strong><em>ν</em></strong></span> <span class='ocrx_word' id='word_1_266' title='bbox 700 3811 868 3869; x_wconf 65' lang='lat' dir='ltr'>illicerentur.</span> <span class='ocrx_word' id='word_1_267' title='bbox 906 3815 1052 3878; x_wconf 75' lang='lat' dir='ltr'>Hephae-rt.</span> <span class='ocrx_word' id='word_1_268' title='bbox 1072 3833 1097 3879; x_wconf 83' lang='lat' dir='ltr'>p.</span> <span class='ocrx_word' id='word_1_269' title='bbox 1118 3817 1164 3874; x_wconf 83' lang='lat'>21,</span> <span class='ocrx_word' id='word_1_270' title='bbox 1186 3817 1201 3864; x_wconf 79' lang='lat' dir='ltr'>l</span> <span class='ocrx_word' id='word_1_271' title='bbox 1224 3817 1264 3864; x_wconf 78' lang='lat' dir='ltr'>ert.</span> <span class='ocrx_word' id='word_1_272' title='bbox 1290 3813 1408 3877; x_wconf 79' lang='lat' dir='ltr'>il&#39;estph.</span> <span class='ocrx_word' id='word_1_273' title='bbox 1434 3807 1493 3864; x_wconf 76' lang='grc' dir='ltr'>ἔστι</span> <span class='ocrx_word' id='word_1_274' title='bbox 1517 3809 1549 3864; x_wconf 74' lang='lat' dir='ltr'>ti</span> <span class='ocrx_word' id='word_1_275' title='bbox 1575 3805 1606 3864; x_wconf 80' lang='grc' dir='ltr'>ἒν</span> <span class='ocrx_word' id='word_1_276' title='bbox 1629 3806 1708 3866; x_wconf 63' lang='lat' dir='ltr'>aurci</span> 
     </span>
     <span class='ocr_line' id='line_1_35' title="bbox 391 3871 1710 3950; baseline 0.002 -20"><span class='ocrx_word' id='word_1_277' title='bbox 391 3871 533 3946; x_wconf 70' lang='grc' dir='ltr'><strong><em>ἐπίσημον</em></strong></span> <span class='ocrx_word' id='word_1_278' title='bbox 557 3877 608 3930; x_wconf 80' lang='grc' dir='ltr'>καὶ</span> <span class='ocrx_word' id='word_1_279' title='bbox 632 3871 665 3931; x_wconf 84' lang='grc' dir='ltr'>τό</span> <span class='ocrx_word' id='word_1_280' title='bbox 688 3879 826 3948; x_wconf 72' lang='grc' dir='ltr'>δίμοιρον</span> <span class='ocrx_word' id='word_1_281' title='bbox 850 3875 1142 3950; x_wconf 79' lang='grc' dir='ltr'><strong><em>βραχοκατόληκτον.</em></strong></span> <span class='ocrx_word' id='word_1_282' title='bbox 1173 3879 1204 3934; x_wconf 86' lang='grc' dir='ltr'>τό</span> <span class='ocrx_word' id='word_1_283' title='bbox 1232 3874 1416 3948; x_wconf 70' lang='grc' dir='ltr'><strong><em>καλούμενον</em></strong></span> <span class='ocrx_word' id='word_1_284' title='bbox 1440 3875 1657 3947; x_wconf 75' lang='grc' dir='ltr'>λθυφαλλικόν,</span> <span class='ocrx_word' id='word_1_285' title='bbox 1688 3871 1710 3950; x_wconf 78' lang='grc' dir='ltr'><strong><em>ᾧ</em></strong></span> 
     </span>
     <span class='ocr_line' id='line_1_36' title="bbox 390 3939 1710 4031; baseline 0.004 -34"><span class='ocrx_word' id='word_1_286' title='bbox 390 3946 501 4029; x_wconf 56' lang='grc' dir='ltr'><strong><em>πρῶρορ</em></strong></span> <span class='ocrx_word' id='word_1_287' title='bbox 524 3943 579 4031; x_wconf 70' lang='grc' dir='ltr'>μὲν</span> <span class='ocrx_word' id='word_1_288' title='bbox 601 3939 921 4029; x_wconf 57' lang='grc' dir='ltr'><strong><em>Ἀρχίλοχοςαὲχρηται</em></strong></span> <span class='ocrx_word' id='word_1_289' title='bbox 945 3947 1085 4030; x_wconf 76' lang='grc' dir='ltr'><strong><em>συζεύξας</em></strong></span> <span class='ocrx_word' id='word_1_290' title='bbox 1110 3943 1372 4028; x_wconf 33' lang='grc' dir='ltr'><strong><em>αὐτόιόαντολικῴ</em></strong></span> <span class='ocrx_word' id='word_1_291' title='bbox 1401 3947 1580 4019; x_wconf 78' lang='grc' dir='ltr'><strong><em>τετραμέτρῳ</em></strong></span> <span class='ocrx_word' id='word_1_292' title='bbox 1609 3946 1710 4017; x_wconf 73' lang='grc' dir='ltr'><strong><em>οὕτως,</em></strong></span> 
     </span>
     <span class='ocr_line' id='line_1_37' title="bbox 389 4013 1711 4088; baseline 0.003 -21"><span class='ocrx_word' id='word_1_293' title='bbox 389 4013 487 4077; x_wconf 54' lang='grc' dir='ltr'><strong><em>,οὐκεθ</em></strong></span> <span class='ocrx_word' id='word_1_294' title='bbox 519 4018 596 4082; x_wconf 78' lang='grc' dir='ltr'>ομῶς</span> <span class='ocrx_word' id='word_1_295' title='bbox 614 4018 738 4080; x_wconf 58' lang='lat' dir='ltr'>hulistr</span> <span class='ocrx_word' id='word_1_296' title='bbox 757 4013 874 4074; x_wconf 84' lang='grc' dir='ltr'><strong><em>απαλόν</em></strong></span> <span class='ocrx_word' id='word_1_297' title='bbox 892 4013 978 4087; x_wconf 82' lang='grc' dir='ltr'><strong><em>χρόα·</em></strong></span> <span class='ocrx_word' id='word_1_298' title='bbox 1003 4037 1147 4084; x_wconf 65' lang='lat' dir='ltr'>cooperui</span> <span class='ocrx_word' id='word_1_299' title='bbox 1166 4039 1221 4086; x_wconf 78' lang='grc' dir='ltr'><strong><em>γαρ</em></strong></span> <span class='ocrx_word' id='word_1_300' title='bbox 1241 4013 1298 4088; x_wconf 78' lang='grc' dir='ltr'>ἤδη</span> <span class='ocrx_word' id='word_1_301' title='bbox 1318 4023 1352 4070; x_wconf 86' lang='lat' dir='ltr'>id.</span> <span class='ocrx_word' id='word_1_302' title='bbox 1371 4039 1397 4086; x_wconf 86' lang='lat' dir='ltr'>p.</span> <span class='ocrx_word' id='word_1_303' title='bbox 1415 4023 1457 4078; x_wconf 71' lang='grc'>24,</span> <span class='ocrx_word' id='word_1_304' title='bbox 1472 4026 1495 4070; x_wconf 83' lang='lat'>1.</span> <span class='ocrx_word' id='word_1_305' title='bbox 1515 4025 1558 4084; x_wconf 79' lang='lat'>50,</span> <span class='ocrx_word' id='word_1_306' title='bbox 1573 4024 1612 4070; x_wconf 79' lang='lat'>19.</span> <span class='ocrx_word' id='word_1_307' title='bbox 1636 4038 1653 4071; x_wconf 85' lang='grc' dir='ltr'><strong><em>α</em></strong></span> <span class='ocrx_word' id='word_1_308' title='bbox 1671 4025 1711 4071; x_wconf 87' lang='lat' dir='ltr'>lu·</span> 
     </span>
     <span class='ocr_line' id='line_1_38' title="bbox 391 4088 1711 4156; baseline 0.004 -20"><span class='ocrx_word' id='word_1_309' title='bbox 391 4089 444 4136; x_wconf 78' lang='lat' dir='ltr'>lino</span> <span class='ocrx_word' id='word_1_310' title='bbox 466 4091 633 4152; x_wconf 68' lang='lat' dir='ltr'>prrrozmattco</span> <span class='ocrx_word' id='word_1_311' title='bbox 655 4088 784 4142; x_wconf 73' lang='lat' dir='ltr'>sublectus</span> <span class='ocrx_word' id='word_1_312' title='bbox 808 4098 866 4141; x_wconf 82' lang='lat' dir='ltr'>erat</span> <span class='ocrx_word' id='word_1_313' title='bbox 888 4107 977 4142; x_wconf 76' lang='lat' dir='ltr'>aeraria</span> <span class='ocrx_word' id='word_1_314' title='bbox 1000 4093 1131 4154; x_wconf 75' lang='lat' dir='ltr'>epodr&#39;fuc,</span> <span class='ocrx_word' id='word_1_315' title='bbox 1156 4092 1234 4152; x_wconf 82' lang='lat' dir='ltr'>idem,</span> <span class='ocrx_word' id='word_1_316' title='bbox 1263 4097 1290 4140; x_wconf 83' lang='lat' dir='ltr'>ul</span> <span class='ocrx_word' id='word_1_317' title='bbox 1313 4093 1427 4152; x_wconf 80' lang='lat' dir='ltr'>uidetur,</span> <span class='ocrx_word' id='word_1_318' title='bbox 1457 4092 1501 4156; x_wconf 85' lang='lat' dir='ltr'>qut&#39;</span> <span class='ocrx_word' id='word_1_319' title='bbox 1522 4091 1649 4154; x_wconf 74' lang='lat' dir='ltr'>repetitur</span> <span class='ocrx_word' id='word_1_320' title='bbox 1671 4099 1711 4141; x_wconf 81' lang='lat' dir='ltr'>est</span> 
     </span>
     <span class='ocr_line' id='line_1_39' title="bbox 391 4157 1707 4223; baseline 0.003 -17"><span class='ocrx_word' id='word_1_321' title='bbox 391 4157 454 4215; x_wconf 80' lang='lat'><em>357,</em></span> <span class='ocrx_word' id='word_1_322' title='bbox 474 4159 507 4206; x_wconf 92' lang='grc'>22</span> <span class='ocrx_word' id='word_1_323' title='bbox 589 4161 617 4208; x_wconf 92' lang='lat' dir='ltr'>ll</span> <span class='ocrx_word' id='word_1_324' title='bbox 639 4173 722 4220; x_wconf 88' lang='lat' dir='ltr'>neque</span> <span class='ocrx_word' id='word_1_325' title='bbox 742 4173 824 4209; x_wconf 84' lang='lat' dir='ltr'>tumen</span> <span class='ocrx_word' id='word_1_326' title='bbox 846 4159 962 4210; x_wconf 83' lang='lat' dir='ltr'>ordinem</span> <span class='ocrx_word' id='word_1_327' title='bbox 985 4158 1044 4210; x_wconf 86' lang='lat' dir='ltr'>AB</span> <span class='ocrx_word' id='word_1_328' title='bbox 1063 4175 1145 4223; x_wconf 77' lang='lat' dir='ltr'>ireqrre</span> <span class='ocrx_word' id='word_1_329' title='bbox 1164 4175 1221 4208; x_wconf 86' lang='lat' dir='ltr'>cum</span> <span class='ocrx_word' id='word_1_330' title='bbox 1243 4161 1394 4216; x_wconf 66' lang='lat' dir='ltr'>oraliumnq</span> <span class='ocrx_word' id='word_1_331' title='bbox 1464 4163 1489 4208; x_wconf 91' lang='lat' dir='ltr'>iu</span> <span class='ocrx_word' id='word_1_332' title='bbox 1510 4158 1629 4208; x_wconf 79' lang='lat' dir='ltr'>oounbus</span> <span class='ocrx_word' id='word_1_333' title='bbox 1649 4161 1707 4210; x_wconf 83' lang='lat' dir='ltr'>llnc·</span> 
     </span>
    </p>
   </div>
   <div class='ocr_carea' id='block_1_11' title="bbox 316 4243 1710 5019">
    <p class='ocr_par' dir='ltr' id='par_1_12' title="bbox 316 4243 1710 4735">
     <span class='ocr_line' id='line_1_40' title="bbox 391 4243 1708 4328; baseline 0.003 -20"><span class='ocrx_word' id='word_1_334' title='bbox 391 4274 435 4308; x_wconf 76' lang='lat' dir='ltr'>cus</span> <span class='ocrx_word' id='word_1_335' title='bbox 455 4261 480 4310; x_wconf 86' lang='lat' dir='ltr'><em>A</em></span> <span class='ocrx_word' id='word_1_336' title='bbox 501 4259 604 4310; x_wconf 77' lang='lat' dir='ltr'>Flaccus</span> <span class='ocrx_word' id='word_1_337' title='bbox 624 4263 649 4310; x_wconf 92' lang='lat' dir='ltr'>iu</span> <span class='ocrx_word' id='word_1_338' title='bbox 670 4262 790 4312; x_wconf 83' lang='lat' dir='ltr'>omnibus</span> <span class='ocrx_word' id='word_1_339' title='bbox 809 4260 861 4318; x_wconf 86' lang='grc' dir='ltr'>ςΒ</span> <span class='ocrx_word' id='word_1_340' title='bbox 941 4266 972 4313; x_wconf 81' lang='lat'>13</span> <span class='ocrx_word' id='word_1_341' title='bbox 991 4263 1120 4313; x_wconf 81' lang='lat' dir='ltr'>homerico</span> <span class='ocrx_word' id='word_1_342' title='bbox 1140 4259 1178 4322; x_wconf 74' lang='grc' dir='ltr'>ὡς</span> <span class='ocrx_word' id='word_1_343' title='bbox 1197 4252 1282 4325; x_wconf 76' lang='grc' dir='ltr'><strong><em>ἔφατ’</em></strong></span> <span class='ocrx_word' id='word_1_344' title='bbox 1306 4278 1463 4328; x_wconf 76' lang='grc' dir='ltr'><strong><em>εοχομενος</em></strong></span> <span class='ocrx_word' id='word_1_345' title='bbox 1481 4243 1653 4328; x_wconf 70' lang='grc' dir='ltr'><strong><em>(εὐχόμενος</em></strong></span> <span class='ocrx_word' id='word_1_346' title='bbox 1672 4263 1708 4326; x_wconf 78' lang='grc' dir='ltr'>Α)</span> 
     </span>
     <span class='ocr_line' id='line_1_41' title="bbox 391 4323 1709 4396; baseline 0.002 -18"><span class='ocrx_word' id='word_1_347' title='bbox 391 4327 442 4379; x_wconf 83' lang='grc' dir='ltr'>τοῦ</span> <span class='ocrx_word' id='word_1_348' title='bbox 464 4323 495 4378; x_wconf 74' lang='grc' dir='ltr'>δ’</span> <span class='ocrx_word' id='word_1_349' title='bbox 519 4323 602 4380; x_wconf 78' lang='grc' dir='ltr'><strong><em>ἔκλυε</em></strong></span> <span class='ocrx_word' id='word_1_350' title='bbox 633 4329 746 4389; x_wconf 82' lang='lat' dir='ltr'>Quorum</span> <span class='ocrx_word' id='word_1_351' title='bbox 771 4331 843 4379; x_wconf 75' lang='lat' dir='ltr'>:iltrri</span> <span class='ocrx_word' id='word_1_352' title='bbox 871 4332 944 4382; x_wconf 73' lang='lat' dir='ltr'>«loesi</span> <span class='ocrx_word' id='word_1_353' title='bbox 967 4330 1073 4396; x_wconf 81' lang='grc' dir='ltr'><strong><em>Φοῖβος</em></strong></span> <span class='ocrx_word' id='word_1_354' title='bbox 1097 4323 1231 4384; x_wconf 77' lang='grc' dir='ltr'><strong><em>ἀπόλλων</em></strong></span> <span class='ocrx_word' id='word_1_355' title='bbox 1256 4333 1327 4382; x_wconf 79' lang='lat' dir='ltr'>alteri</span> <span class='ocrx_word' id='word_1_356' title='bbox 1354 4333 1393 4380; x_wconf 85' lang='lat' dir='ltr'>i&#39;ac</span> <span class='ocrx_word' id='word_1_357' title='bbox 1417 4333 1527 4382; x_wconf 78' lang='lat' dir='ltr'>saluam.</span> <span class='ocrx_word' id='word_1_358' title='bbox 1565 4331 1709 4396; x_wconf 74' lang='lat' dir='ltr'>virgiliana</span> 
     </span>
     <span class='ocr_line' id='line_1_42' title="bbox 389 4397 1709 4466; baseline 0.002 -21"><span class='ocrx_word' id='word_1_359' title='bbox 389 4398 465 4447; x_wconf 87' lang='lat' dir='ltr'>solue</span> <span class='ocrx_word' id='word_1_360' title='bbox 485 4412 568 4448; x_wconf 78' lang='lat' dir='ltr'>ruerus</span> <span class='ocrx_word' id='word_1_361' title='bbox 587 4397 651 4448; x_wconf 83' lang='lat' dir='ltr'>leret</span> <span class='ocrx_word' id='word_1_362' title='bbox 670 4399 716 4450; x_wconf 87' lang='lat' dir='ltr'>hec</span> <span class='ocrx_word' id='word_1_363' title='bbox 734 4402 847 4464; x_wconf 81' lang='lat' dir='ltr'>aliqrmm</span> <span class='ocrx_word' id='word_1_364' title='bbox 868 4401 989 4466; x_wconf 69' lang='lat' dir='ltr'>(alirprem</span> <span class='ocrx_word' id='word_1_365' title='bbox 1013 4401 1047 4454; x_wconf 82' lang='lat' dir='ltr'>Al</span> <span class='ocrx_word' id='word_1_366' title='bbox 1071 4403 1116 4450; x_wconf 78' lang='lat' dir='ltr'>tihi</span> <span class='ocrx_word' id='word_1_367' title='bbox 1141 4417 1208 4464; x_wconf 87' lang='lat' dir='ltr'>quae</span> <span class='ocrx_word' id='word_1_368' title='bbox 1229 4402 1250 4451; x_wconf 90' lang='lat' dir='ltr'>si</span> <span class='ocrx_word' id='word_1_369' title='bbox 1270 4401 1371 4450; x_wconf 84' lang='lat' dir='ltr'>adicere</span> <span class='ocrx_word' id='word_1_370' title='bbox 1391 4399 1451 4452; x_wconf 88' lang='lat' dir='ltr'>AB</span> <span class='ocrx_word' id='word_1_371' title='bbox 1470 4399 1599 4450; x_wconf 83' lang='lat' dir='ltr'>homerica</span> <span class='ocrx_word' id='word_1_372' title='bbox 1617 4415 1631 4448; x_wconf 74' lang='grc' dir='ltr'><strong><em>τ</em></strong></span> <span class='ocrx_word' id='word_1_373' title='bbox 1650 4401 1709 4448; x_wconf 82' lang='lat' dir='ltr'>Vir·</span> 
     </span>
     <span class='ocr_line' id='line_1_43' title="bbox 390 4467 1710 4532; baseline 0.003 -18"><span class='ocrx_word' id='word_1_374' title='bbox 390 4467 496 4532; x_wconf 77' lang='lat' dir='ltr'>giliaua.</span> <span class='ocrx_word' id='word_1_375' title='bbox 534 4468 611 4518; x_wconf 85' lang='lat' dir='ltr'>Solue</span> <span class='ocrx_word' id='word_1_376' title='bbox 635 4481 717 4519; x_wconf 81' lang='lat' dir='ltr'>melos</span> <span class='ocrx_word' id='word_1_377' title='bbox 744 4469 808 4520; x_wconf 82' lang='lat' dir='ltr'>leret</span> <span class='ocrx_word' id='word_1_378' title='bbox 827 4469 890 4519; x_wconf 77' lang='lat' dir='ltr'>lniiec</span> <span class='ocrx_word' id='word_1_379' title='bbox 909 4471 1020 4531; x_wconf 81' lang='lat' dir='ltr'>aliquam</span> <span class='ocrx_word' id='word_1_380' title='bbox 1041 4472 1094 4520; x_wconf 78' lang='lat' dir='ltr'>obi.</span> <span class='ocrx_word' id='word_1_381' title='bbox 1131 4469 1242 4528; x_wconf 77' lang='lat' dir='ltr'>Quorum</span> <span class='ocrx_word' id='word_1_382' title='bbox 1262 4470 1334 4519; x_wconf 78' lang='lat' dir='ltr'>alteri</span> <span class='ocrx_word' id='word_1_383' title='bbox 1354 4469 1427 4519; x_wconf 74' lang='lat' dir='ltr'>deest.</span> <span class='ocrx_word' id='word_1_384' title='bbox 1446 4469 1549 4518; x_wconf 70' lang='lat' dir='ltr'>*aliteri</span> <span class='ocrx_word' id='word_1_385' title='bbox 1570 4469 1646 4518; x_wconf 75' lang='lat' dir='ltr'>Funus</span> <span class='ocrx_word' id='word_1_386' title='bbox 1666 4485 1710 4519; x_wconf 84' lang='lat' dir='ltr'>sn-</span> 
     </span>
     <span class='ocr_line' id='line_1_44' title="bbox 316 4529 1708 4604; baseline 0.001 -20"><span class='ocrx_word' id='word_1_387' title='bbox 316 4573 322 4588; x_wconf 84' lang='lat'><strong>.</strong></span> <span class='ocrx_word' id='word_1_388' title='bbox 391 4535 467 4585; x_wconf 78' lang='lat' dir='ltr'>liutem</span> <span class='ocrx_word' id='word_1_389' title='bbox 487 4541 593 4599; x_wconf 84' lang='lat' dir='ltr'>quaesi</span> <span class='ocrx_word' id='word_1_390' title='bbox 615 4539 736 4594; x_wconf 74' lang='grc' dir='ltr'><strong><em>οόὶοοῐς</em></strong></span> <span class='ocrx_word' id='word_1_391' title='bbox 809 4543 841 4589; x_wconf 75' lang='lat' dir='ltr'>lt</span> <span class='ocrx_word' id='word_1_392' title='bbox 859 4531 897 4598; x_wconf 80' lang='grc' dir='ltr'>ὦς</span> <span class='ocrx_word' id='word_1_393' title='bbox 917 4529 1017 4604; x_wconf 77' lang='grc' dir='ltr'><strong><em>ἔφατ’]</em></strong></span> <span class='ocrx_word' id='word_1_394' title='bbox 1041 4537 1457 4592; x_wconf 74' lang='lat' dir='ltr'>Hom.11.Ai³.457.il527</span> <span class='ocrx_word' id='word_1_395' title='bbox 1526 4532 1610 4603; x_wconf 87' lang='lat' dir='ltr'>solve]</span> <span class='ocrx_word' id='word_1_396' title='bbox 1628 4538 1708 4598; x_wconf 68' lang='lat' dir='ltr'>Vera.</span> 
     </span>
     <span class='ocr_line' id='line_1_45' title="bbox 392 4605 1709 4674; baseline -0.003 -18"><span class='ocrx_word' id='word_1_397' title='bbox 392 4605 553 4657; x_wconf 66' lang='lat' dir='ltr'>Arellii</span> <span class='ocrx_word' id='word_1_398' title='bbox 634 4610 665 4658; x_wconf 86' lang='lat' dir='ltr'>lli</span> <span class='ocrx_word' id='word_1_399' title='bbox 684 4608 900 4664; x_wconf 67' lang='lat' dir='ltr'>nrclriloclmeoc</span> <span class='ocrx_word' id='word_1_400' title='bbox 979 4611 1010 4659; x_wconf 85' lang='lat' dir='ltr'>lt</span> <span class='ocrx_word' id='word_1_401' title='bbox 1031 4608 1101 4658; x_wconf 83' lang='lat' dir='ltr'>heroi</span> <span class='ocrx_word' id='word_1_402' title='bbox 1121 4605 1171 4674; x_wconf 79' lang='lat' dir='ltr'>sic]</span> <span class='ocrx_word' id='word_1_403' title='bbox 1192 4608 1288 4658; x_wconf 78' lang='lat' dir='ltr'>heroici</span> <span class='ocrx_word' id='word_1_404' title='bbox 1309 4605 1396 4661; x_wconf 64' lang='lat' dir='ltr'>Ans</span> <span class='ocrx_word' id='word_1_405' title='bbox 1476 4607 1507 4657; x_wconf 89' lang='grc'>18</span> <span class='ocrx_word' id='word_1_406' title='bbox 1527 4605 1636 4657; x_wconf 77' lang='lat' dir='ltr'>salutem</span> <span class='ocrx_word' id='word_1_407' title='bbox 1655 4605 1709 4660; x_wconf 67' lang='lat' dir='ltr'>otiu</span> 
     </span>
     <span class='ocr_line' id='line_1_46' title="bbox 476 4677 538 4735; baseline 0 -9"><span class='ocrx_word' id='word_1_408' title='bbox 476 4677 538 4735; x_wconf 77' lang='grc' dir='ltr'><strong><em>οἶος</em></strong></span> 
     </span>
    </p>

    <p class='ocr_par' dir='ltr' id='par_1_13' title="bbox 390 4733 1710 5019">
     <span class='ocr_line' id='line_1_47' title="bbox 392 4733 1710 4813; baseline 0.001 -18"><span class='ocrx_word' id='word_1_409' title='bbox 392 4739 429 4795; x_wconf 73' lang='lat' dir='ltr'>to</span> <span class='ocrx_word' id='word_1_410' title='bbox 452 4733 506 4808; x_wconf 89' lang='grc' dir='ltr'><strong><em>όμρ</em></strong></span> <span class='ocrx_word' id='word_1_411' title='bbox 536 4736 636 4804; x_wconf 79' lang='grc' dir='ltr'><strong><em>ἄλλοις</em></strong></span> <span class='ocrx_word' id='word_1_412' title='bbox 659 4737 794 4798; x_wconf 84' lang='grc' dir='ltr'><strong><em>α’πόλλων</em></strong></span> <span class='ocrx_word' id='word_1_413' title='bbox 824 4738 895 4812; x_wconf 70' lang='grc' dir='ltr'><strong><em>χρόα</em></strong></span> <span class='ocrx_word' id='word_1_414' title='bbox 924 4745 1029 4813; x_wconf 67' lang='lat' dir='ltr'>muilier</span> <span class='ocrx_word' id='word_1_415' title='bbox 1053 4735 1191 4798; x_wconf 79' lang='grc' dir='ltr'><strong><em>οἷπόλλων</em></strong></span> <span class='ocrx_word' id='word_1_416' title='bbox 1218 4745 1349 4794; x_wconf 67' lang='lat' dir='ltr'>Posterior</span> <span class='ocrx_word' id='word_1_417' title='bbox 1374 4748 1394 4796; x_wconf 89' lang='lat' dir='ltr'><em>A</em></span> <span class='ocrx_word' id='word_1_418' title='bbox 1418 4760 1471 4796; x_wconf 78' lang='grc' dir='ltr'>ουτ</span> <span class='ocrx_word' id='word_1_419' title='bbox 1494 4742 1586 4803; x_wconf 64' lang='lat' dir='ltr'>ricus</span> <span class='ocrx_word' id='word_1_420' title='bbox 1610 4745 1710 4805; x_wconf 79' lang='grc' dir='ltr'><strong><em>αλλοις</em></strong></span> 
     </span>
     <span class='ocr_line' id='line_1_48' title="bbox 392 4811 1707 4882; baseline 0.002 -21"><span class='ocrx_word' id='word_1_421' title='bbox 392 4815 525 4866; x_wconf 86' lang='grc' dir='ltr'><strong><em>απολλων</em></strong></span> <span class='ocrx_word' id='word_1_422' title='bbox 545 4829 630 4880; x_wconf 69' lang='grc' dir='ltr'><strong><em>χεροα</em></strong></span> <span class='ocrx_word' id='word_1_423' title='bbox 650 4815 754 4881; x_wconf 79' lang='grc' dir='ltr'><strong><em>φοιβος</em></strong></span> <span class='ocrx_word' id='word_1_424' title='bbox 773 4817 908 4866; x_wconf 86' lang='grc' dir='ltr'><strong><em>απολλων</em></strong></span> <span class='ocrx_word' id='word_1_425' title='bbox 929 4819 1055 4882; x_wconf 77' lang='lat' dir='ltr'>posterior</span> <span class='ocrx_word' id='word_1_426' title='bbox 1074 4816 1098 4865; x_wconf 89' lang='lat' dir='ltr'><em>B</em></span> <span class='ocrx_word' id='word_1_427' title='bbox 1117 4817 1225 4864; x_wconf 76' lang='lat' dir='ltr'>soliarem</span> <span class='ocrx_word' id='word_1_428' title='bbox 1247 4827 1259 4860; x_wconf 80' lang='grc' dir='ltr'><strong><em>ν</em></strong></span> <span class='ocrx_word' id='word_1_429' title='bbox 1280 4817 1406 4879; x_wconf 83' lang='lat' dir='ltr'>posterior</span> <span class='ocrx_word' id='word_1_430' title='bbox 1425 4827 1441 4868; x_wconf 87' lang='grc' dir='ltr'><strong><em>ς</em></strong></span> <span class='ocrx_word' id='word_1_431' title='bbox 1540 4815 1573 4862; x_wconf 74' lang='grc'>22</span> <span class='ocrx_word' id='word_1_432' title='bbox 1592 4811 1707 4882; x_wconf 88' lang='lat' dir='ltr'>pumice]</span> 
     </span>
     <span class='ocr_line' id='line_1_49' title="bbox 390 4881 1710 4998; baseline 0.004 -68"><span class='ocrx_word' id='word_1_433' title='bbox 390 4881 482 4998; x_wconf 52' lang='lat' dir='ltr'>patuit.</span> <span class='ocrx_word' id='word_1_434' title='bbox 503 4887 525 4942; x_wconf 87' lang='lat' dir='ltr'>l,</span> <span class='ocrx_word' id='word_1_435' title='bbox 545 4887 560 4933; x_wconf 85' lang='lat'><em>2</em></span> <span class='ocrx_word' id='word_1_436' title='bbox 649 4888 681 4936; x_wconf 77' lang='grc'>’23</span> <span class='ocrx_word' id='word_1_437' title='bbox 700 4885 896 4934; x_wconf 74' lang='lat' dir='ltr'>arcliiloehoene</span> <span class='ocrx_word' id='word_1_438' title='bbox 916 4899 932 4940; x_wconf 91' lang='grc' dir='ltr'><strong>ς</strong></span> <span class='ocrx_word' id='word_1_439' title='bbox 1019 4888 1053 4936; x_wconf 80' lang='lat'>24</span> <span class='ocrx_word' id='word_1_440' title='bbox 1071 4898 1145 4951; x_wconf 81' lang='lat' dir='ltr'>gruta</span> <span class='ocrx_word' id='word_1_441' title='bbox 1164 4887 1219 4935; x_wconf 77' lang='lat' dir='ltr'>uice</span> <span class='ocrx_word' id='word_1_442' title='bbox 1238 4886 1340 4951; x_wconf 88' lang='lat' dir='ltr'>pumice</span> <span class='ocrx_word' id='word_1_443' title='bbox 1358 4881 1411 4939; x_wconf 82' lang='grc' dir='ltr'>ςΒ</span> <span class='ocrx_word' id='word_1_444' title='bbox 1430 4892 1504 4948; x_wconf 81' lang='lat' dir='ltr'>grata</span> <span class='ocrx_word' id='word_1_445' title='bbox 1523 4883 1578 4932; x_wconf 85' lang='lat' dir='ltr'>uice</span> <span class='ocrx_word' id='word_1_446' title='bbox 1598 4885 1667 4934; x_wconf 85' lang='lat' dir='ltr'>ueris</span> <span class='ocrx_word' id='word_1_447' title='bbox 1686 4899 1710 4935; x_wconf 82' lang='lat' dir='ltr'>ec</span> 
     </span>
     <span class='ocr_line' id='line_1_50' title="bbox 402 4952 679 5019; baseline 0.011 -21"><span class='ocrx_word' id='word_1_448' title='bbox 402 4952 489 5001; x_wconf 84' lang='lat' dir='ltr'>uuonli</span> <span class='ocrx_word' id='word_1_449' title='bbox 509 4953 610 5019; x_wconf 82' lang='lat' dir='ltr'>primlce</span> <span class='ocrx_word' id='word_1_450' title='bbox 630 4955 653 5002; x_wconf 91' lang='lat' dir='ltr'><em>A</em></span> <span class='ocrx_word' id='word_1_451' title='bbox 675 4974 679 4982; x_wconf 93' lang='lat'>·</span> 
     </span>
    </p>
   </div>
   <div class='ocr_carea' id='block_1_12' title="bbox 0 0 1943 5556">
    <p class='ocr_par' dir='ltr' id='par_1_14' title="bbox 0 0 1943 5556">
     <span class='ocr_line' id='line_1_51' title="bbox 0 0 1943 5556; baseline 0 0"><span class='ocrx_word' id='word_1_452' title='bbox 0 0 1943 5556; x_wconf 95' lang='lat' dir='ltr'> </span> 
     </span>
    </p>
   </div>
  </div>
 </body>
</html>
