3866 5562
417 368 483 436 bid
751 417 755 423 .
1015 384 1139 434 arram

417 482 441 521 p,
454 471 507 514 atta
519 469 545 515 P.
1560 485 1582 524 p.
1599 473 1646 517 888.
1660 472 1701 515 ast
1714 471 1744 515 G.

418 560 603 631 adtenditur,
627 557 679 640 qui
695 555 881 632 debilitatur,
905 561 937 621 in
961 577 1154 642 cpracumqne
1178 568 1224 623 est
1239 570 1324 642 parte
1348 558 1524 624 titubatum:
1548 564 1580 624 in
1604 565 1741 626 oratione

418 671 518 726 autem
542 661 632 745 pauci
654 663 752 742 prima
775 671 915 734 cernunt,
939 671 1093 744 postrema
1110 661 1257 746 plerique,
1280 681 1360 740 quoe
1381 665 1523 746 quoniam
1540 675 1686 747 apparent
1710 677 1741 728 et

416 754 651 848 intelleguntur,
682 765 821 830 varianda
849 776 934 840 siant,
967 785 1005 830 ue
1034 775 1084 830 aut
1112 769 1283 830 animorum
1312 767 1434 831 iudiciis
1462 769 1661 851 repudientur
1687 779 1742 834 aut

416 871 535 934 aurium
552 872 699 951 satietate.
739 868 799 932 duo
822 872 903 938 enim
927 881 980 934 aut
993 879 1057 934 tres
1080 873 1146 934 iere
1162 880 1233 934 sunt
1255 873 1384 933 extremi
1400 872 1541 934 servandi
1565 883 1594 936 ct
1615 873 1738 936 notandi

415 974 517 1057 pedes,
542 976 568 1036 si
591 971 681 1036 modo
705 991 766 1036 non
789 971 929 1038 breviora
952 982 984 1038 et
1006 976 1142 1056 praecisa
1172 983 1262 1037 erunt
1288 976 1464 1056 superiora,
1493 994 1570 1057 qnos
1592 985 1643 1038 aut
1664 977 1766 1038 clio-⁶

415 1095 485 1140 reos
509 1085 560 1141 aut
582 1076 692 1140 heroos
713 1087 765 1140 arnt
788 1078 921 1142 alternos
945 1097 1011 1142 esse
1027 1077 1190 1159 oportebit,
1216 1081 1322 1141 autin
1345 1095 1462 1160 paeane
1478 1077 1531 1140 illo
1554 1082 1734 1160 posteriore,

414 1199 504 1265 quem
520 1179 699 1244 Aristoteles
716 1179 834 1261 probat.
859 1193 911 1244 aut
927 1185 954 1244 ei
979 1183 1046 1263 pari
1062 1181 1184 1245 cretico.
1226 1180 1333 1244 luorum
1358 1181 1581 1245 vicissitudines
1597 1165 1735 1254 cilicient,

414 1293 448 1348 ut
472 1283 569 1368 neque
592 1285 612 1346 ii
639 1287 788 1348 satientur
817 1289 867 1368 qui
891 1285 1014 1348 audient
1044 1283 1164 1348 fastidio
1191 1283 1413 1361 similitudinis,
1443 1303 1499 1347 nec
1523 1305 1579 1349 uos
1602 1287 1631 1349 id
1654 1289 1735 1369 qnod

414 1390 561 1452 iaciemus
584 1405 677 1467 opera
701 1387 801 1452 dedita
825 1390 926 1451 lacere
951 1387 1130 1450 videamur?

498 1490 606 1554 Postea
628 1494 689 1563 sic,
717 1490 843 1554 ‘Verum
866 1501 900 1554 ut
924 1491 954 1554 iu
982 1509 1071 1554 versu
1095 1491 1210 1571 uulgus,
1240 1493 1266 1553 si
1296 1499 1344 1554 est
1371 1500 1539 1574 peccatum,
1566 1493 1652 1564 ridet,
1675 1496 1730 1563 sic,
1746 1506 1772 1546 1⁰

415 1593 517 1677 siquid
540 1597 571 1658 iu
595 1603 697 1658 nostra
720 1597 857 1658 oratioue
885 1594 1042 1666 claudicat,
1066 1596 1173 1662 sentin
1196 1596 1248 1656 sed
1273 1603 1380 1677 poetae
1404 1613 1463 1657 non
1486 1597 1624 1676 ignoscit,
1648 1583 1734 1660 uobis

412 1698 567 1762 concedit:
591 1700 674 1762 taciti
697 1705 798 1760 tamen
822 1715 928 1760 omnes
950 1715 1011 1760 oon
1035 1715 1102 1760 esse
1124 1695 1210 1769 lllud,
1233 1697 1314 1781 quod
1337 1695 1478 1770 diximus,
1508 1708 1612 1781 aptum
1635 1701 1733 1780 perle-

411 1813 556 1882 ctumque
578 1799 762 1884 cernunt'll

499 1903 579 1966 idem
606 1905 642 1966 il.
668 1905 776 1968 Cicero
797 1905 829 1966 in
852 1905 980 1968 Oratore
1004 1907 1040 1968 de
1065 1903 1192 1988 pedibus
1215 1913 1247 1966 et
1268 1908 1405 1968 nttmeris
1426 1907 1601 1977 incisurum,
1635 1907 1665 1970 id
1687 1915 1734 1968 est

410 2001 605 2088 κομμάτων,
630 2017 661 2071 et
683 2007 901 2078 membrorum,
925 2006 955 2070 id
980 2017 1024 2070 est
1045 2002 1178 2092 κοίλων,
1205 2015 1235 2071 et
1257 2007 1423 2072 ambituum
1451 2012 1514 2072 sive
1541 2012 1727 2080 circuituum,
1742 2017 1768 2058 ¹⁶

410 2109 440 2173 id
465 2119 512 2172 est
534 2103 719 2191 περιόδων,
742 2111 786 2172 sic
808 2109 892 2180 dicit,
917 2112 1013 2192 ‘Apud
1038 2113 1171 2176 Graecos
1193 2112 1316 2194 quidem
1340 2115 1399 2174 iam
1422 2114 1494 2174 anni
1522 2130 1617 2194 prope
1639 2113 1732 2176 CCCC

409 2223 488 2284 sunt,
513 2232 583 2277 cum
605 2213 664 2276 boo
686 2212 850 2297 probatum
876 2231 931 2276 nos
954 2233 1050 2297 nuper
1074 2217 1272 2296 agnovimus!

497 2317 605 2381 Postea
628 2319 681 2389 sic,
706 2316 848 2390 ‘Quodsi
872 2335 961 2380 aures
984 2327 1045 2380 tam
1060 2317 1242 2381 inhumanas
1266 2325 1388 2400 tamque
1405 2321 1534 2399 agrestis
1556 2318 1675 2390 babent.
1692 2337 1730 2381 ne

410 2420 654 2484 doctissimorum
678 2419 802 2502 quidam
826 2423 960 2483 virorum
983 2439 1036 2483 eos
1059 2420 1193 2485 movebit
1221 2425 1397 2504 auctoritas
1442 2425 1549 2485 omitto
1579 2421 1731 2485 Isocraten

409 2523 632 2606 discipulosque
657 2525 731 2594 eius,
754 2521 909 2605 Ephorum
933 2533 964 2585 et
986 2523 1166 2596 Naucraten,
1197 2541 1380 2604 quamquam
1404 2527 1549 2606 orationis
1572 2526 1726 2588 iaciendas
1740 2529 1766 2570 ²⁰

409 2635 439 2689 et
461 2627 615 2690 ornandae
631 2637 772 2690 auctores
794 2622 1082 2710 locupletissimique
1098 2629 1154 2709 ipsi
1170 2637 1307 2690 oratores
1323 2647 1389 2691 esse
1405 2627 1565 2691 debebant.
1604 2629 1656 2690 sed
1676 2625 1728 2714 [si]

408 2731 477 2814 quis
500 2729 657 2792 hominurn
673 2728 800 2802 doctior,
825 2731 951 2802 acutior,
976 2732 1044 2812 quis
1059 2734 1091 2793 in
1115 2728 1208 2794 rebus
1232 2730 1277 2793 vel
1295 2731 1485 2795 inveniundis
1501 2733 1546 2793 rel
1563 2731 1730 2794 iudicandis

408 2835 509 2896 acrior
532 2831 694 2896 Aristotele
717 2832 792 2895 luitl
822 2834 889 2915 quis
918 2850 1010 2912 porro
1040 2833 1164 2898 {socrati
1195 2833 1369 2898 adversatus
1397 2834 1564 2898 iriensiusl
1593 2837 1618 2896 is
1640 2836 1729 2915 igitur

408 2953 527 2999 versum
551 2939 582 2998 in
606 2939 743 3001 oratione
767 2944 846 2998 retal
869 2953 944 3008 esse,
976 2955 1135 3001 numerum
1159 2936 1252 3001 lubet.
1298 2938 1363 3000 eius
1391 2939 1509 3001 auditor
1532 2937 1727 3008 Theodectes,

407 3043 439 3102 iu
462 3040 577 3122 primis,
603 3049 636 3103 ut
652 3037 830 3104 Aristoteles
853 3057 944 3123 saepe
960 3043 1119 3120 significat,
1142 3041 1255 3124 politus
1271 3043 1403 3122 scriptor
1425 3051 1514 3122 atque
1530 3043 1649 3112 artifex,
1672 3041 1727 3102 boc
1740 3045 1765 3086 ὕ

407 3143 487 3207 idem
510 3144 602 3207 sentit
624 3154 654 3207 et
670 3145 831 3226 praeciplt;
855 3142 1085 3225 'l'beoplrrastus
1106 3163 1177 3208 uero
1201 3145 1297 3207 isdem
1322 3145 1359 3206 de
1375 3143 1581 3208 rebus‘etiem
1606 3163 1725 3207 accura-

406 3249 475 3310 tius.
520 3249 590 3329 quis
613 3265 686 3328 ergo
708 3251 783 3311 istos
806 3248 897 3316 ierat,
928 3250 980 3328 qui
1008 3247 1064 3310 bos
1092 3259 1233 3311 auctores
1260 3267 1321 3311 ooo
1351 3245 1500 3330 probent?
1527 3249 1585 3312 nisi
1608 3248 1726 3310 omuino

407 3349 481 3413 haec
506 3368 573 3414 ease
596 3350 634 3413 ab
657 3353 696 3413 iis
718 3358 878 3433 praecepta
903 3353 1068 3413 nesciunt’

493 3453 525 3516 ln
549 3452 607 3516 alio
630 3452 698 3516 loco
714 3455 757 3515 sic
780 3453 860 3527 dicit,
885 3453 978 3516 ‘Fluit
994 3455 1116 3516 omnino
1136 3456 1141 3534 Ι
1162 3472 1307 3517 numerus
1331 3473 1346 3516 a
1369 3455 1468 3537 primo
1491 3463 1554 3516 tum
1578 3455 1723 3518 incitatius

416 3737 417 3742 Ἰ
481 3663 512 3713 10
530 3660 625 3712 Postea
642 3661 682 3710 aio
699 3659 752 3716 Cio.
771 3661 804 3713 de
822 3677 862 3712 or.
882 3659 933 3711 ΙΙΙ
951 3664 994 3726 51,
1015 3662 1065 3712 188
1145 3663 1177 3712 il
1195 3660 1265 3711 Idem
1285 3659 1318 3711 bl.
1337 3659 1425 3712 Cicero
1444 3661 1472 3712 in
1491 3659 1600 3712 Oratore
1616 3665 1657 3724 51,
1677 3664 1722 3712 171

458 3747 490 3798 18
509 3745 602 3798 Postea
620 3745 659 3800 sic
678 3747 730 3802 Cic.
751 3745 824 3799 Oret.
842 3749 885 3808 51,
904 3748 955 3797 172
1025 3745 1105 3799 2811
1124 3745 1177 3797 alio
1197 3747 1253 3798 loco
1275 3742 1330 3799 Cic.
1350 3745 1423 3799 Orat.
1440 3749 1485 3807 03,
1505 3749 1558 3799 212

476 3955 489 4002 1
509 3965 549 4004 est
568 3963 640 4018 parte
658 3952 795 4004 tittrbatnm
814 3951 867 4004 AB
886 3963 958 4020 parte
976 3951 1113 4004 titrrbotum
1127 3963 1167 4003 est
1185 3965 1202 4008 ς
1271 3953 1287 4004 2
1306 3966 1372 4017 quae
1391 3969 1438 4009 om.
1451 3951 1529 4018 ΑΒς,
1549 3969 1586 4004 ex
1605 3947 1721 4004 Cicerone

403 4039 466 4090 ado.
490 4037 721 4105 Gupperonuerina
826 4039 978 4106 bpraeciso
1001 4050 1078 4090 errant
1101 4040 1125 4089 Α
1153 4039 1271 4106 praecise
1296 4039 1376 4104 (corr.
1393 4063 1428 4077 -
1446 4053 1477 4088 sa
1499 4038 1525 4102 d)
1549 4049 1610 4090 suut
1632 4037 1657 4088 B

404 4125 421 4175 8
440 4125 585 4190 posteriore
603 4121 657 4176 AB
676 4126 846 4192 superiores
927 4125 980 4178 8ἱί
1000 4125 1044 4180 Ae
1063 4125 1090 4174 bi
1108 4122 1134 4174 B
1203 4122 1338 4174 lastidium
1357 4123 1383 4175 B
1462 4127 1495 4177 10
1513 4139 1645 4191 peccorum
1665 4123 1721 4180 Ate

404 4221 554 4278 preceptum
568 4209 594 4259 B
664 4212 696 4262 lb
714 4211 858 4262 ambituum
875 4211 932 4262 siue
945 4211 1099 4261 circuituum
1111 4209 1155 4260 Ab
1173 4211 1298 4260 ambitum
1316 4212 1372 4261 siue
1384 4211 1556 4263 circuitumB
1620 4209 1719 4261 ldanni

404 4348 588 4415 quadringenti
607 4358 804 4417 storrtprope5
892 4305 1100 4414 17⁰:gnoutmm
1120 4349 1144 4398 Α
1225 4349 1257 4401 18
1277 4362 1407 4406 neenec
1427 4348 1480 4402 AB
1560 4349 1592 4398 21
1612 4345 1719 4414 locuple·

403 4436 555 4498 tissimeque
573 4433 599 4484 B
617 4433 814 4500 locupletissimi
833 4436 927 4486 summi
949 4433 1081 4486 Ciceronis
1099 4433 1159 4484 libri
1232 4417 1342 4484 debeant
1360 4447 1377 4490 ς
1446 4434 1496 4486 sed
1514 4435 1573 4498 quis
1592 4433 1718 4484 hominum

403 4519 504 4571 doctior
522 4521 582 4585 quis
600 4523 700 4572 acutior
719 4523 781 4574 Alci.
799 4521 848 4572 aad
867 4521 925 4584 quis
946 4521 1061 4570 omnium
1080 4518 1189 4577 doctior,
1208 4519 1267 4582 quis
1286 4520 1387 4571 acutior
1404 4520 1497 4572 Cicero
1581 4519 1614 4571 23
1633 4519 1717 4568 eduen·
1768 4513 1774 4518 “

403 4615 475 4657 satus
495 4605 725 4673 Copperoanera'ur
743 4608 870 4658 aduersus
885 4605 955 4662 Aac
974 4617 1014 4657 est
1032 4606 1185 4656 adversatus
1199 4605 1290 4656 Cicero
1361 4607 1395 4656 24
1413 4606 1573 4656 uersuumA
1643 4602 1718 4654 iots-

402 4691 460 4741 dem
480 4691 511 4742 de
530 4693 607 4744 rebus
626 4695 711 4745 codar:
724 4693 913 4746 Eioaiedlemia
924 4692 1016 4742 iisdem
1036 4693 1068 4743 de
1087 4691 1163 4742 rebus
1185 4689 1208 4741 B
1227 4691 1324 4742 cladem
1337 4691 1370 4742 de
1383 4693 1458 4742 rebus
1478 4704 1494 4748 ς
1511 4691 1545 4740 iis
1558 4691 1591 4740 de
1609 4691 1718 4740 robusti

335 4813 376 4824 Ἡ
454 4833 487 4883 27
506 4829 572 4882 leret
590 4831 632 4884 Ao
651 4830 732 4884 ier..
754 4831 779 4883 B
866 4833 900 4884 28
920 4832 1072 4887 nesciente
1163 4832 1197 4882 28
1215 4775 1339 4882 incitatus
1363 4829 1388 4881 B
1410 4829 1532 4881 indictus
1557 4829 1601 4883 Ae
1629 4828 1717 4878 incitus

402 4915 489 4968 coclea:
506 4916 696 4969 Eiuaiedlenair
