3866 5562
702 405 782 456 ter.
807 369 1016 461 onustum.
1041 412 1067 462 ιι
1093 387 1250 464 trs—'tae¹
1303 381 1311 387 ”
1414 394 1416 398 ’
1473 388 1477 394 ’
1545 381 1610 475 493

281 491 436 542 pwssffi

278 577 396 642 Tullius
426 587 457 642 et
484 581 578 644 ceteri
606 564 745 646 oratores
775 582 984 674 monosyllabo
1013 597 1152 652 struxere
1181 591 1283 664 uerbo,
1311 613 1379 658 cunt
1410 615 1469 659 una
1494 596 1608 681 syllaba

280 691 412 745 metrum
437 701 496 747 non
521 685 569 748 sit.
616 693 662 747 est
685 695 784 749 autem
801 697 952 750 structura
964 688 1131 754 uerborum
1155 697 1345 774 compositio,
1369 696 1449 762 dicta
1473 699 1510 763 ab
1526 711 1607 765 stru·
1695 755 1704 766 .

278 785 365 858 endo,
390 783 422 850 id
447 797 493 850 est
515 787 736 870 componendo,
762 783 843 852 unde
858 796 1026 854 structores
1044 775 1262 876 compositores
1285 799 1411 864 alicuius
1434 806 1479 865 rei
1502 804 1605 869 dicun·

279 898 338 952 tur.
384 909 568 972 quamquam
591 893 685 978 igitur
708 890 765 954 hae
787 893 819 958 in
843 898 925 957 omni
949 897 1087 960 oratione
1111 902 1226 961 servari
1245 899 1389 977 debeant,
1420 914 1518 970 huten
1543 927 1605 973 ma-

249 992 359 1054 otime
382 995 413 1056 in
439 993 539 1056 verbis
562 993 689 1067 duobus,
713 997 877 1060 novissimo
900 1005 939 1060 et·
953 999 1156 1080 paenultima,
1184 1013 1256 1066 sunt
1280 1005 1501 1071 delectabiliter
1524 1030 1605 1074 com·

275 1097 444 1174 ponendae.
491 1099 607 1178 antiqui
622 1097 745 1181 quidem
763 1109 913 1171 oratores,
942 1104 972 1164 in
996 1103 1108 1186 quibus
1130 1107 1259 1170 maxime
1282 1105 1415 1182 Tullius,
1440 1129 1603 1196 numquam

194 1241 197 1248 »
276 1201 455 1263 necessariis
477 1201 620 1264 sensibus
642 1212 885 1285 praeposuerunt
907 1207 1053 1270 orationis
1069 1216 1271 1282 structuram
1296 1213 1348 1275 sed
1366 1209 1460 1294 magis
1482 1215 1605 1279 sortiter

275 1312 305 1366 et
327 1307 411 1382 gravi
441 1307 659 1388 compositione
689 1291 780 1390 apuam
804 1305 934 1371 molliter
958 1309 1002 1372 rel
1026 1307 1092 1374 laxe
1115 1310 1218 1374 dicere
1240 1313 1429 1400 maluerunt,
1454 1327 1488 1381 et·
1511 1317 1602 1404 cumi

275 1405 425 1490 baberent
447 1377 638 1472 ociasionem
662 1412 705 1472 sic
722 1410 873 1482 struendi,
898 1431 987 1494 qtrem
1011 1412 1047 1476 od
1073 1414 1194 1478 modum
1218 1419 1314 1480 nostrl
1337 1423 1485 1501 temporis
1507 1420 1604 1485 homi·

237 1522 261 1561 10
275 1527 330 1572 nes
343 1503 549 1582 delectantur,
576 1513 782 1593 tamquamdo
800 1514 948 1578 industria
965 1517 1103 1581 usisunt
1125 1528 1278 1583 structura
1303 1511 1373 1584 lorti
1396 1526 1602 1606 potiusquam

274 1611 451 1684 delectanti,
480 1615 558 1677 sicut
588 1615 733 1696 esentplis
756 1615 905 1685 Tullianis
928 1613 1062 1682 breviter
1085 1620 1217 1702 probare
1240 1627 1420 1704 poterimus.
1467 1626 1546 1707 quod
1570 1629 1600 1690 in

273 1717 382 1798 primis
406 1711 453 1780 est
474 1716 614 1781 videlicet
637 1728 741 1782 nostro
766 1728 903 1801 tempore
928 1722 1084 1796 vitiosum,
1115 1724 1232 1789 'lullius
1255 1747 1314 1791 non
1339 1727 1485 1792 dubitavit
1509 1729 1601 1794 verbo
1658 1774 1665 1786 ,

141 1839 144 1844 ’
202 1876 206 1882 ,
274 1819 481 1901 uronosyllabo
505 1822 593 1884 linire
616 1831 820 1895 structuram,
844 1833 876 1885 ut
905 1822 964 1888 ‘ab
988 1813 1100 1890 istius
1129 1827 1347 1909 petulantia
1372 1849 1601 1908 consere-arc
1647 1823 1652 1832 ’

215 1961 235 1992 ν,
274 1941 351 2022 ιιοιι
369 1923 518 1987 licitum
542 1929 617 1988 est’
636 1935 665 1988 et
682 1928 793 2006 ‘quae
817 1945 899 1990 curn
922 1925 980 1990 his
1003 1930 1282 1995 civitatibusC.
1302 1934 1409 1996 Verri
1433 1953 1598 1998 commu·
1666 2001 1680 2030 ⁹

163 2087 169 2096 ,
234 2028 397 2090 ranieata
421 2032 580 2091 suut’et
603 2029 715 2110 ‘qttod
735 2029 818 2107 llll.
837 2033 908 2092 iam
925 2024 988 2094 diu
1005 2033 1180 2113 flag-ital,
1205 2038 1376 2098 extiucta
1401 2021 1512 2119 aitque
1535 2039 1599 2102 da·

272 2129 349 2193 leta
373 2131 452 2192 sit’.
500 2131 555 2193 hae
571 2116 806 2214 compositiones
822 2132 992 2196 demutatae
1017 2135 1128 2198 lanient
1145 2139 1241 2200 nostri
1267 2141 1408 2220 teutpuris
1431 2139 1601 2205 strucluras

272 2233 331 2305 sic,
362 2253 398 2296 ex
426 2231 582 2315 tribracby
612 2243 642 2296 et
665 2235 840 2298 ditrochaeo
870 2235 920 2299 ‘ab
943 2238 1028 2301 istius
1052 2239 1216 2320 petulantia
1234 2258 1294 2302 nou
1318 2250 1363 2303 est
1387 2242 1503 2306 licitum
1527 2263 1599 2306 cort·

272 2339 416 2429 serrare',
447 2355 484 2400 ex
513 2336 656 2399 trochaeo
687 2348 716 2401 et
745 2337 862 2420 dactylo
892 2347 921 2402 et
944 2339 1120 2404 ditrochaeo
1150 2344 1241 2422 ‘tynae
1269 2353 1339 2406 sunt
1362 2345 1395 2407 G.
1423 2346 1508 2408 Verri
1531 2366 1599 2410 cum

262 2438 319 2502 »his
346 2439 520 2504 civitatibus
543 2440 704 2522 copulata',
734 2461 770 2504 ex
801 2441 944 2506 trochaeo
967 2453 997 2506 et
1020 2443 1147 2507 bacchio
1170 2463 1185 2507 a
1209 2444 1298 2526 longa
1323 2445 1371 2520 fid
1401 2448 1479 2528 quod
1503 2448 1537 2510 P.
1564 2449 1598 2512 ll.

231 2542 330 2605 ”iam
353 2533 406 2606 diu
428 2539 559 2624 llagitat,
585 2547 714 2608 extincta
739 2547 779 2607 sit
801 2555 892 2627 atque
908 2544 1030 2608 deleta¹.
1077 2544 1222 2629 disyllaba
1247 2557 1416 2620 structura,
1441 2567 1517 2630 qnae
1536 2569 1595 2614 nou

273 2644 356 2710 valde
392 2645 571 2728 quibusdam
599 2635 722 2730 placet,
756 2649 896 2730 antiquos
927 2651 1006 2712 viros
1035 2649 1301 2713 vehementissime
1330 2649 1506 2716 delectabat.
1553 2663 1599 2716 est

191 2779 198 2788 ¹
248 2736 351 2812 ,enirn
375 2749 642 2814 tortisadmodum
666 2751 821 2830 uitansque
845 2753 935 2814 etlam
960 2753 1055 2814 ttostri
1081 2755 1225 2834 temporis
1238 2743 1472 2832 barbarismum,
1495 2756 1520 2817 si
1537 2773 1595 2820 non

272 2851 363 2916 luerit
390 2853 600 2943 spondeo-rel
624 2851 767 2916 trochaeo
791 2864 861 2936 post
883 2852 1035 2936 dactylum
1059 2857 1157 2927 fruita,
1180 2865 1222 2918 ut
1245 2857 1407 2938 ‘primns
1431 2855 1595 2920 aboris’

249 2954 377 3018 'et-‘in
401 2972 473 3035 tyuo
497 2974 610 3018 meam
634 2954 870 3020 uoluntatem
894 2957 926 3018 P.
945 2957 979 3020 ll.
1004 2959 1229 3042 perspicere
1253 2959 1401 3038 p'ossit’.
1435 2961 1491 3021 ’sic
1515 2962 1595 3022 enim

232 3070 390 3122 tarersutn
407 3059 562 3123 heroicum
586 3058 795 3122 hexametrum
812 3059 943 3136 iaciunt,
969 3079 1045 3142 quae
1068 3058 1132 3124 sola
1156 3059 1333 3122 tersilicatio
1356 3069 1401 3123 est
1424 3063 1596 3126 oratoribus
1632 3048 1651 3131 ¹,
1722 3095 1726 3098 ·

167 3197 171 3205 «
201 3204 206 3223 ,
271 3161 439 3226 deuitanda.
487 3181 555 3225 uam
572 3163 597 3224 si
613 3180 733 3225 omnem
751 3162 855 3242 lugere
873 3161 1036 3234 voluerint,
1062 3163 1219 3232 tacebunt,
1244 3163 1385 3241 quoniam
1403 3163 1482 3226 nulla
1498 3167 1595 3227 oratio

173 3285 177 3291 ·
270 3267 463 3345 sine-metro
499 3275 626 3329 constat.
672 3263 824 3345 trisyllaba
856 3273 1008 3328 structura
1038 3275 1141 3328 trostm
1171 3273 1309 3346 tempore
1340 3274 1427 3328 caute
1457 3267 1594 3348 ponenda
1653 3269 1656 3278 '

272 3375 333 3436 est,
364 3387 401 3430 no
431 3376 483 3430 aut
505 3387 626 3431 versum
651 3366 811 3430 heroicum
836 3370 927 3431 iaciat
950 3387 987 3430 ex
1012 3367 1155 3430 trochaeo
1179 3369 1346 3450 coraposito
1374 3377 1405 3431 et
1428 3367 1554 3432 bacchio
1579 3389 1596 3430 a

271 3469 368 3540 breti,
408 3482 442 3533 ut
480 3474 584 3551 ‘capta
618 3473 776 3546 luissent’,
814 3483 882 3540 atrt,
920 3481 952 3531 ιιι
990 3469 1171 3549 quibusdam
1209 3470 1321 3550 placet,
1360 3471 1592 3542 barbarismum,

232 3583 257 3622 ³⁰
271 3576 296 3634 si
321 3591 356 3634 ex
379 3574 515 3656 spondeo
540 3574 584 3638 rel
608 3573 710 3638 iambo
733 3573 777 3636 rol
800 3575 907 3656 ‹puoris
929 3572 1021 3652 pede,
1052 3575 1138 3636 cuius
1162 3576 1201 3634 sit
1225 3570 1383 3636 norissima
1407 3573 1519 3653 syllaba
1543 3592 1594 3635 na·

217 3747 234 3758 ..
272 3684 336 3738 tura
361 3673 464 3757 longa,
490 3687 687 3759 cotnponatur
710 3686 740 3739 et
763 3677 863 3758 aliquo
886 3674 964 3756 pede
988 3674 1160 3755 trisyllabn,
1185 3679 1238 3757 qui
1262 3673 1474 3757 positusbeue
1497 3684 1592 3738 sonet.
1676 3677 1710 3726 .'
1771 3752 1775 3760 ι

271 3795 340 3840 nant
369 3781 395 3840 si
423 3778 592 3865 plausibilis
621 3797 680 3842 nou
712 3781 804 3842 luerit
832 3778 1053 3841 barbarismum
1087 3781 1186 3842 nostri
1216 3781 1362 3858 temporis
1392 3779 1501 3850 vitans,
1534 3797 1592 3840 trec

340 3933 419 3987 Prot.
438 3935 532 3986 cuthai.
559 3898 599 3996 lo,
620 3937 784 3994 ts-tt,1e

338 4059 361 4108 2,
373 4067 413 4105 εει
431 4059 519 4106 autem
539 4064 666 4112 structura
679 4056 846 4106 -dicuutur
864 4071 880 4104 a
898 4055 1044 4105 recentiore
1066 4055 1232 4118 prasumatico
1255 4053 1292 4104 aar
1309 4053 1491 4118 explicandum
1503 4067 1593 4105 nomen
1671 4117 1675 4123 .

269 4147 417 4193 structurae
435 4145 591 4208 interposito
608 4148 675 4196 eunt.
712 4142 800 4193 eadem
816 4147 878 4207 post
896 4141 955 4199 295,
976 4140 1010 4188 22
1029 4137 1075 4188 sed
1095 4149 1122 4188 ιιι
1140 4161 1174 4174 -
1192 4137 1320 4188 delectare
1341 4137 1421 4190 Probi
1439 4140 1538 4190 nomine
1556 4142 1592 4191 ei·

271 4234 326 4278 tnta
344 4211 465 4294 ιεριιπιιινΙ
481 4229 508 4278 t'rt
526 4229 707 4279 commentario
727 4228 759 4280 de
776 4227 916 4290 structuris
932 4242 959 4290 p.
979 4227 1030 4276 508
1042 4225 1083 4280 ed.
1101 4223 1212 4275 Vindob.
1300 4227 1317 4274 d
1335 4238 1494 4289 quormquam
1515 4223 1593 4290 igitur

270 4310 332 4364 haec
351 4313 466 4367 inomni
487 4305 604 4364 oratione
621 4313 720 4364 seruari
739 4310 866 4362 debeatB
889 4310 937 4361 hae
956 4309 1075 4372 quamvis
1094 4310 1119 4359 iu
1141 4311 1210 4360 omui
1231 4311 1349 4361 oratione
1367 4311 1465 4360 serrari
1482 4309 1594 4360 debeant
1676 4307 1678 4310 ’

211 4425 221 4434 ›
270 4397 370 4451 Probus
440 4395 696 4450 doceamiouemB
768 4398 799 4449 13
818 4390 957 4464 abietius]
977 4393 1070 4448 Ciein
1086 4395 1163 4450 Verr.
1184 4403 1236 4449 aet.
1253 4411 1295 4462 pr.
1315 4400 1342 4460 5,
1357 4399 1391 4446 14
1463 4397 1494 4445 14
1511 4391 1590 4460 quae]

260 4481 324 4537 'Ciu
344 4487 396 4537 dio.
416 4485 442 4534 t'rt
462 4483 558 4536 Caecit.
578 4488 603 4547 4,
622 4488 656 4535 te
728 4485 759 4534 15
778 4476 861 4556 quod]
882 4481 935 4533 Cic.
954 4483 1002 4537 diu.
1021 4481 1259 4540 {adsectatae
1330 4482 1362 4532 te
1381 4482 1415 4530 sit
1432 4497 1446 4529 o
1464 4479 1516 4529 siat
1540 4474 1592 4546 ‘epi

271 4549 537 4634 noterorranafleo‘
556 4567 582 4619 B
627 4615 633 4622 ,
684 4569 746 4620 haec
765 4569 969 4634 compositiones
989 4567 1014 4618 B
1118 4569 1151 4618 ab
1170 4562 1213 4633 ait]
1233 4567 1286 4618 siut
1305 4565 1330 4616 B
1425 4567 1457 4617 23
1477 4560 1588 4630 primus]

272 4657 352 4725 Verp.
365 4659 433 4712 Aeta,
451 4655 477 4720 1,
491 4659 525 4713 i,
577 4657 610 4706 '24
628 4650 737 4723 in'quo]
760 4655 812 4707 Cic.
830 4655 857 4704 ira
879 4653 959 4705 Verr.
979 4663 1029 4705 oet.
1048 4669 1089 4718 pr,
1111 4655 1154 4712 12,
1175 4655 1212 4704 34
1281 4653 1316 4704 ib
1335 4665 1439 4702 uersum
1458 4650 1590 4700 heroicum

272 4755 295 4792 et
307 4745 448 4794 trimetrum
461 4741 486 4794 B
500 4757 603 4792 versum
617 4741 712 4792 heroici
727 4741 799 4792 metri
813 4740 930 4792 Probus:
948 4743 983 4804 es.
994 4757 1023 4805 p.
1038 4741 1097 4798 495,
1111 4742 1147 4790 23
1218 4739 1251 4789 26
1271 4751 1373 4788 otttnem
1386 4737 1487 4789 Probus
1501 4749 1591 4786 omnes

239 4827 303 4888 gir.
335 4818 453 4894 foetosae
473 4843 563 4879 ornnes
582 4843 672 4878 versus
725 4828 758 4878 '28
777 4825 883 4876 bacchio
902 4841 917 4876 a
938 4826 1006 4877 broii
1021 4825 1120 4878 Probus
1139 4823 1245 4874 barochio
1265 4834 1290 4873 et
1309 4821 1416 4873 breuill
1469 4823 1502 4872 29
1524 4821 1591 4872 luis·

194 4963 197 4968 ,
271 4926 328 4964 sent
347 4913 448 4966 Probus
465 4913 559 4964 luisset
577 4913 603 4964 B
673 4916 702 4965 31
725 4925 896 4978 componatur
915 4927 948 4962 ex
966 4912 1053 4975 aliquo
1074 4911 1152 4962 uerbo
1172 4909 1306 4975 trisyllubo
1325 4907 1350 4957 B
1369 4916 1394 4960 et
1412 4909 1498 4958 codex
1510 4906 1593 4960 Probi
