3874 5556
313 277 315 280 ⁵
366 279 448 368 360
529 293 533 302 “
891 319 1116 380 ‘concurrum

272 399 273 404 ’
366 407 498 456 percae.

523 513 593 557 cunr
618 494 739 572 brevem
763 498 893 578 primam
918 493 1034 558 locabis
1058 505 1088 558 et
1110 494 1185 558 duas
1208 495 1314 576 longas
1336 489 1445 558 deluc'

524 583 644 660 nomiua
669 607 720 659 aut
742 607 863 661 rorteus
886 600 1040 674 vicissim,¹
1059 617 1127 662 cum
1152 601 1284 680 priorem
1309 599 1422 662 dixeris

490 690 502 701 ”
523 686 747 778 antibacchum,
773 705 928 764 nominato
951 704 1002 783 qui
1027 703 1106 784 redit
1129 689 1308 766 contrarius.

459 820 510 861 uu
525 813 697 887 temporum
722 825 864 868 mensura
888 824 943 888 par
966 815 1025 869 est:
1052 805 1122 868 bina
1148 807 1244 868 ternis
1267 824 1389 888 appara,

522 919 555 973 ut
578 910 688 992 pedum
714 919 821 974 natura
844 920 950 992 poscet
972 917 1041 972 aute
1066 893 1110 971 'vet
1135 918 1218 972 retro
1243 909 1374 972 hrerem.

516 1015 618 1076 ‚torma
643 1022 674 1074 ut
697 1023 743 1076 est
767 1013 951 1076 Romanus
974 1012 1024 1083 illi,
1048 1015 1093 1075 sic
1116 1013 1281 1076 Catones
1304 1011 1401 1076 altori.

523 1118 686 1198 septimum
710 1115 818 1197 podem
843 1115 1017 1198 loquemur,
1042 1135 1133 1198 quem
1158 1124 1266 1179 vocant
1288 1109 1523 1198 ἆμφίβραχυν,

524 1238 592 1281 cum
617 1219 695 1292 dorae
720 1219 827 1282 hreves
851 1205 1021 1300 utrimque,
1046 1207 1255 1300 media'louga
1279 1222 1412 1301 ponitur,

461 1337 512 1380 uro
526 1320 615 1403 quale
639 1325 663 1383 si
690 1321 763 1384 cells
787 1341 967 1384 amoenus
990 1331 1042 1386 ant
1064 1327 1209 1386 anricus
1232 1323 1346 1386 dicere.

524 1428 600 1487 arsis
623 1427 696 1514 hinc
717 1435 963 1505 sumat-uecesse
986 1435 1030 1488 est
1053 1406 1118 1489 tria*
1134 1431 1235 1508 priora
1260 1437 1396 1510 tempora

524 1539 555 1590 et
578 1527 654 1591 thesi
679 1528 829 1612 relinquat
854 1547 963 1591 unrrm:
989 1530 1031 1591 vel
1057 1529 1128 1592 lieet
1150 1539 1248 1592 vertas
1272 1539 1364 1602 retro,

524 1634 604 1696 ursis
627 1652 686 1694 uuo
710 1631 899 1704 sublevetur,
924 1632 1095 1713 deprimant
1118 1631 1216 1696 thesio
1242 1635 1307 1696 trie.
1332 1623 1337 1630 ⁸

525 1755 579 1817 par
603 1737 668 1816 pari
692 1737 787 1814 figura
814 1755 873 1798 nou
898 1745 958 1812 cst,
983 1744 1097 1816 pugnat
1119 1754 1211 1798 riuum
1236 1757 1305 1800 cum
1331 1737 1435 1824 trihus,

459 1856 510 1897 rus
526 1857 582 1901 nec
605 1839 731 1900 modum
755 1838 838 1919 dupli
862 1838 1017 1920 rependit,
1042 1858 1098 1901 uec
1123 1848 1243 1902 tenetur
1265 1839 1419 1920 sescuplo:

525 1943 652 2024 exigunt
675 1942 787 2004 idcirco
812 1941 977 2024 taleru'qui
1001 1952 1171 2025 seqrumtur
1196 1945 1352 2006 musicam.

525 2065 579 2128 pes
603 2045 687 2108 adest
709 2064 870 2126 supremus
894 2065 973 2106 unus
996 2057 1063 2109 octo
1087 2048 1124 2109 de
1148 2047 1319 2130 trisyllabis,

523 2142 756 2232 ἆμφίμακροςε
782 2149 862 2212 hunc
887 2152 981 2230 priori
1006 2153 1153 2230 perspicis
1177 2155 1382 2214 contrarium:

527 2271 594 2315 nam
620 2253 696 2314 duae
722 2251 828 2332 longae
853 2259 1006 2332 receptam
1032 2255 1188 2314 continent
1211 2253 1289 2314 intus
1312 2253 1445 2324 hrercm,

459 2355 706 2417 usollomulos
729 2357 754 2414 si
778 2356 987 2425 nominemus,
1012 2355 1154 2432 Apulos
1177 2364 1229 2417 aut
1253 2355 1424 2418 Doricos.

525 2445 665 2540 sescuplo
690 2459 831 2520 metimur
854 2459 961 2518 istum:
986 2459 1119 2540 quinque
1144 2477 1212 2520 nam
1237 2468 1307 2520 suut
1330 2468 1481 2538 tempora:

526 2579 606 2624 nunc
629 2561 690 2622 duo
714 2568 783 2622 antu
809 2563 866 2622 trio
890 2571 1074 2642 sequuntur,
1100 2580 1181 2624 nuuc
1204 2561 1304 2624 trihus
1328 2562 1436 2624 roridos
1459 2563 1529 2632 cliro,

525 2663 631 2727 ltalum
656 2664 681 2724 si
705 2663 824 2746 quaudo
849 2673 945 2726 mutat
968 2665 1077 2726 Graius
1100 2675 1242 2728 accentus
1266 2685 1383 2728 soruun.

527 2767 666 2848 Apulos
691 2787 759 2830 uam
784 2768 905 2849 quaudo
929 2767 1013 2837 dico.
1040 2776 1110 2830 tunc
1129 2769 1164 2830 ln
1188 2771 1248 2831 arsi
1273 2778 1344 2831 suot
1366 2769 1442 2831 duo:

461 2886 513 2929 uss
528 2867 721 2952 Σωκράτην
745 2869 854 2933 Graius
877 2865 1030 2949 loquendo
1054 2870 1162 2932 reddet
1184 2873 1214 2933 io
1238 2871 1316 2934 thesi
1339 2873 1424 2950 duo„

526 2975 671 3036 creticum
696 2972 850 3054 appellent
873 2972 1018 3044 eundem,
1043 2976 1123 3036 torto
1146 2973 1289 3036 Curetum
1314 2994 1409 3056 genus

526 3096 587 3160 quo
611 3077 717 3139 modos
741 3075 811 3138 ludo
834 3075 890 3137 suh
915 3077 1006 3142 aruris
1029 3087 1234 3158 congruentes
1257 3079 1402 3142 succinat.
1493 3157 1497 3164 Ι

525 3181 644 3262 primus
666 3181 723 3242 iste
747 3199 801 3261 pes
823 3178 940 3242 locatur
963 3179 1011 3241 his
1035 3175 1148 3261 ubique
1171 3183 1201 3243 in
1226 3180 1374 3253 versibus,

527 3285 661 3364 optimus
685 3301 738 3364 pes
762 3291 791 3344 et
815 3280 941 3344 melodis
965 3293 994 3347 et
1017 3283 1151 3364 pedestri
1175 3283 1301 3364 gloriae.

426 3370 434 3378 “
461 3401 513 3444 uro
526 3384 690 3467 plurimum
715 3395 836 3447 orantes
859 3383 994 3454 decebit,
1020 3387 1139 3466 quondo
1163 3405 1260 3468 paene
1283 3389 1315 3448 in
1340 3389 1445 3450 ultimo

527 3489 645 3553 obtinet
666 3489 774 3550 sedem
794 3487 926 3559 beatam,
952 3491 1094 3550 terminet
1116 3490 1141 3550 si
1165 3488 1329 3553 clausulam

527 3592 663 3676 clactylus
686 3593 840 3673 spondeus
864 3593 971 3663 imam,
988 3610 1052 3676 ,nee
1077 3593 1251 3655 trochaeum
1278 3611 1405 3673 respuo:

527 3695 686 3758 bacchicus
710 3704 854 3776 utrosque
880 3696 990 3774 legito,
1013 3712 1070 3756 nec
1094 3695 1224 3776 repellas
1248 3695 1423 3778 tribrachyn

525 3798 660 3880 (plenius
683 3807 832 3862 tractatur
855 3799 935 3861 istud
960 3807 1023 3860 arte
1047 3815 1136 3878 prosa
1162 3799 1344 3880 rhetorumlz

443 3991 613 4040 1430-1144
632 3987 715 4052 Rrrfirr.
735 3989 767 4038 de
785 3982 903 4052 metrsp.
923 3991 992 4038 2721
1028 3987 1196 4040 Terentianus
1216 3991 1372 4050 decrerim,
1392 3991 1443 4042 hoc
1463 4003 1503 4042 est
1520 3992 1694 4065 amphimacro

373 4077 451 4146 pede,
471 4076 508 4126 sle
527 4074 599 4133 dicit,
619 4073 739 4140 Optimus
757 4089 815 4140 sqq.
833 4073 868 4137 cf.
888 4075 924 4127 id.
942 4090 969 4140 p.
989 4077 1058 4126 2714

373 4201 579 4213 -ι-ι--Ι

442 4256 507 4304 1413
527 4263 632 4302 uertens
654 4247 832 4296 Lurluuunnus
857 4255 940 4295 uertes
961 4245 992 4296 ,11
1063 4249 1128 4297 1114
1151 4249 1332 4300 unrlhnrehum
1356 4249 1479 4316 Micyllus
1499 4251 1693 4301 hotihncchium

372 4339 402 4390 11
419 4327 600 4404 ἀντίβακχοὸ
622 4337 704 4386 Aldus
776 4333 842 4383 ttlt
861 4331 897 4381 illi
917 4333 1001 4382 Aldus
1020 4333 1061 4382 illo
1082 4334 1111 4384 ¹ll
1130 4379 1135 4386 .
1184 4338 1249 4386 1426
1269 4336 1339 4386 liar.
1363 4337 1460 4386 lictor.
1480 4354 1508 4402 p.
1523 4339 1564 4398 41,
1580 4339 1612 4387 id
1631 4337 1696 4386 unde

372 4426 457 4474 miuus
476 4439 553 4491 optus
574 4439 619 4490 pes
639 4423 663 4470 iu
679 4420 776 4476 metris,
797 4418 903 4468 musicis
923 4429 1008 4468 autem
1029 4433 1219 4472 couseuumeus
1239 4423 1402 4472 existimetur
1475 4423 1540 4472 1121
1555 4437 1621 4473 trous
1640 4435 1695 4473 octo

370 4511 402 4559 de
422 4509 564 4574 trisylluhis
580 4509 663 4559 Aldus
683 4521 733 4556 uuo
753 4519 809 4554 acro
829 4505 861 4554 de
882 4505 963 4554 tribus
983 4504 1090 4568 syllabis
1105 4506 1137 4556 n
1208 4510 1275 4558 1435
1294 4505 1473 4558 succursu
1494 4507 1527 4558 M
1540 4505 1694 4574 Σωκρατον

372 4597 456 4646 Aldus
530 4596 594 4646 1439
615 4591 742 4659 pedestris
766 4593 870 4642 codices
893 4590 979 4653 llufim'
1001 4591 1034 4642 de
1056 4599 1128 4645 metr.
1148 4609 1175 4658 p.
1197 4597 1265 4643 2721
1339 4595 1404 4644 ttto
1423 4595 1521 4644 orantis
1541 4594 1647 4658 Rufinus

373 4683 481 4748 peuelu
503 4680 592 4732 ultimo
625 4677 631 4746 Ι
664 4675 847 4739 Qvtrcnes
867 4675 900 4726 tn
920 4673 1048 4726 vtrtttu
1070 4676 1328 4728 ESSEDEBEANT
1360 4677 1365 4738 Ι
1399 4677 1542 4730 stertunt
1560 4681 1648 4731 sedem
1668 4679 1696 4732 dl

409 4769 475 4818 1443
494 4767 615 4818 harchies
639 4773 665 4819 et
683 4764 786 4816 refelles
808 4765 911 4815 codices
932 4763 1016 4826 lluflui
1086 4766 1153 4815 1444
1179 4763 1221 4814 DE
1241 4762 1432 4815 SOLl'Tth'E
1452 4764 1568 4817 PEDVll
1584 4766 1621 4817 11.
1641 4783 1696 4818 oer-

372 4868 425 4903 rum
446 4855 515 4904 1414
532 4863 592 4919 port
611 4871 632 4904 o.
652 4855 722 4904 1416
739 4853 849 4919 positum
868 4849 944 4900 hahet
964 4849 1078 4914 Rufinam,
1098 4849 1170 4917 quem
1188 4858 1291 4901 secutur
1310 4857 1349 4901 est
1368 4849 1510 4903 Briccaeue
