3906 5564
376 353 437 418 114
877 351 984 404 uren
1007 351 1198 406 merorum

403 469 423 511 μ.
439 457 497 497 erne.
512 457 538 496 ra
554 455 574 496 r.
1204 467 1207 475 ·
1504 465 1525 510 p.
1541 453 1631 496 ιτα-σι
1645 449 1671 494 e.

644 553 736 626 ponto
759 543 889 624 plurima
915 554 1090 616 naseuntur,
1115 539 1225 607 lloeris
1247 520 1330 606 r'letlit
1353 525 1428 624 ipse.

374 663 420 714 est
443 653 533 714 etiam
557 648 636 712 alind
660 649 809 728 reciproci
833 665 941 728 genus,
966 649 1129 730 (praeduce
1153 649 1368 730 persingulas
1393 667 1495 710 rursus
1519 649 1613 720 redit,
1643 647 1694 708 sed

374 774 429 838 per
453 766 549 819 totum
575 753 701 834 elegum,
727 763 878 834 tamquam

654 857 783 919 Icarium
807 855 901 918 Notas
926 867 956 918 ut
981 857 1134 920 conlidens
1157 858 1279 920 llamine
1303 865 1411 924 tranat,

697 959 816 1023 caerula
841 945 995 1022 verrentes
1017 963 1061 1023 sic
1086 961 1160 1024 ireta
1185 959 1347 1023 Nereides:

373 1070 397 1129 sl
422 1065 565 1135 revolvas,
591 1064 695 1145 elegus
717 1065 775 1126 erit
799 1063 904 1128 eodem
934 1064 1032 1135 modo,

652 1166 795 1231 Nereides
819 1167 894 1231 ireta
918 1169 962 1231 sic
986 1177 1142 1231 verrentes
1165 1168 1293 1238 caerula,
1320 1179 1418 1230 tranat

698 1273 819 1334 llamine
843 1272 998 1335 conlidens
1021 1283 1052 1334 ut
1075 1273 1169 1335 Notus
1193 1273 1332 1334 icarium.

373 1381 410 1441 ita
436 1379 568 1441 medinm
593 1376 718 1440 verbum
742 1379 864 1439 ‘tranat'
890 1374 977 1439 alteri
1000 1375 1169 1440 detractum
1194 1384 1223 1438 et
1246 1375 1333 1439 alteri
1356 1376 1488 1438 additum
1506 1377 1616 1438 variata
1633 1375 1695 1435 rire

373 1492 594 1566 perdetnetnun
620 1483 689 1544 iacit
712 1481 749 1544 de
773 1481 948 1542 hexametro
973 1489 1001 1541 et
1025 1479 1231 1543 hexametrum
1255 1479 1292 1542 de
1316 1489 1516 1561 pentametro.
1711 1499 1736 1534 n»

461 1689 524 1773 [nn
547 1701 786 1752 peruuart-arno
810 1687 939 1770 vunsv]
969 1687 1028 1750 Sed
1052 1696 1085 1750 ut
1114 1688 1149 1750 ad
1178 1692 1369 1770 propositum
1398 1706 1503 1751 sersus
1526 1688 1693 1750 hexametri

373 1796 508 1858 ordinem
537 1793 674 1864 redeam,
705 1793 833 1855 decurso
862 1801 1052 1873 pentametro
1082 1791 1175 1854 heroo
1206 1809 1394 1874 consequens
1418 1802 1463 1854 est
1487 1800 1693 1855 tetrametrum

373 1901 438 1962 tritas
453 1898 608 1971 inducere,
631 1915 719 1978 quem
738 1895 935 1959 archilochus
950 1895 1098 1958 divulsum
1119 1895 1156 1957 ah
1173 1893 1184 1979 ΙΙ
1202 1895 1378 1959 hexametro
1402 1896 1496 1958 heroe
1512 1895 1548 1958 ad
1565 1895 1693 1978 epodnm

373 2011 551 2066 convertens
580 2003 652 2064 satis
681 2010 833 2082 acceptam
862 1999 986 2063 aurihus
1009 2019 1073 2063 rem
1098 2009 1288 2062 commentus
1311 2009 1365 2062 est.
1411 1999 1490 2062 idem
1515 2001 1604 2062 etiam
1626 1999 1694 2061 inn-

372 2106 471 2186 gendo
503 2110 581 2168 inter
610 2121 643 2166 se
671 2103 785 2167 diaetae
818 2123 893 2166 nora
924 2114 1020 2167 metra
1045 2105 1228 2185 composuit,
1258 2123 1335 2186 quae
1359 2103 1466 2166 Graeci
1491 2100 1641 2166 σύνθετα
1664 2112 1694 2165 et
1710 2119 1735 2157 ι’·

371 2203 546 2272 ἀσύνθετα
577 2207 745 2290 appeliant:
780 2202 957 2270 ἀσύνθετα
986 2207 1121 2287 quidem,
1152 2225 1230 2289 quae
1262 2206 1398 2270 eiusdem
1428 2216 1497 2269 sunt
1527 2207 1530 2286 i
1562 2207 1722 2287 generis„

372 2310 525 2376 σύνθετα
548 2305 629 2383 dero,
661 2331 737 2394 quae
760 2331 795 2374 ex
820 2311 940 2374 diverso
968 2311 1157 2392 copulantur.
1205 2329 1277 2391 ergo
1306 2320 1479 2374 tetrameter
1505 2311 1567 2372 sire
1591 2329 1694 2372 rersns

373 2421 434 2481 sive
463 2417 629 2481 hexametri
658 2416 745 2478 heroi
775 2426 854 2478 tome
884 2417 971 2478 tertia
999 2449 1033 2460 -
1060 2432 1135 2496 nam·
1158 2423 1227 2496 post
1249 2413 1323 2484 duas
1347 2415 1510 2476 incisiones
1533 2415 1598 2478 eius
1622 2433 1692 2496 pro-

373 2523 461 2603 prias,
487 2520 516 2581 id
542 2529 587 2582 est
608 2519 869 2601 penthemimeren
887 2529 916 2582 et
937 2518 1231 2599 lreplrtlremimereu‚
1256 2520 1343 2582 tertia
1368 2529 1414 2581 est
1437 2539 1471 2582 ea
1495 2537 1584 2602 quam
1607 2516 1693 2599 βου-

372 2621 517 2706 κολικήν
533 2622 693 2704 appellant,
719 2642 796 2706 quae
812 2634 919 2705 quarto
935 2622 1012 2703 pede
1028 2641 1149 2704 semper·
1173 2641 1295 2686 sensum
1319 2621 1478 2686 claudente
1501 2621 1695 2702 distinguitur
1709 2651 1736 2687 a,

372 2727 501 2808 ideoque
526 2747 542 2788 a
566 2727 690 2790 Graecis
713 2728 756 2790 sic
779 2725 964 2808 appellatur,
994 2727 1073 2808 quod
1098 2725 1226 2790 bucolici
1249 2728 1392 2790 carminis
1416 2726 1491 2790 haec
1513 2727 1560 2790 lex
1584 2728 1637 2794 sit,
1663 2734 1696 2786 ut

372 2851 477 2895 versas
506 2834 569 2893 elus
600 2849 633 2892 ea
655 2829 863 2893 observatione
886 2832 1049 2901 lormetur,
1079 2841 1109 2891 nt
1140 2842 1208 2893 ante
1239 2829 1314 2892 duos
1342 2829 1463 2893 ultimos
1486 2840 1595 2910 quarto
1618 2828 1694 2910 pede

373 2938 515 2998 terminet
544 2943 594 2997 aat
624 2943 740 3014 partem
772 2935 917 2996 orationis
946 2944 997 2996 aut
1020 2951 1157 3005 sensum,
1189 2953 1279 3017 apuam
1306 2934 1402 3014 legem
1426 2951 1595 3016 peremne
1618 2951 1694 3014 opus

372 3041 419 3102 sni
448 3040 592 3102 carminis
621 3037 801 3100 Theocritus
825 3037 1030 3119 Syracusanus
1061 3039 1193 3120 exeeptis
1222 3037 1317 3100 tribus
1347 3047 1397 3101 aut
1428 3046 1569 3118 quattuor
1599 3038 1694 3098 terme

374 3143 519 3213 versibus,
544 3161 560 3204 e
583 3140 691 3222 quibus
714 3151 786 3204 sant

624 3239 762 3326 ἅμφῶες
784 3239 962 3326 νεοτευχὲς
984 3238 1034 3306 ἔτι
1056 3241 1250 3326 γλυφάνοιο
1275 3241 1446 3308 τοτόσδον

373 3361 402 3415 et

546 3461 615 3526 τοῖς
637 3445 677 3516 δὲ
699 3448 781 3535 μέτα
797 3445 947 3534 ·γριιτεύς
968 3471 1005 3514 τε
1028 3449 1140 3532 γέρων
1163 3452 1271 3534 πέτρα
1295 3472 1329 3515 τε
1353 3449 1525 3523 τέτυκται,

373 3557 520 3621 errstodit:
554 3567 585 3619 at
613 3565 715 3618 noster
743 3539 826 3618 liare
856 3556 933 3618 haud
959 3558 1014 3631 ita,
1047 3557 1126 3638 qrrod
1156 3568 1258 3620 utrum
1286 3555 1493 3639 scrupulosum
1524 3573 1561 3618 an
1588 3574 1694 3638 snper·

373 3681 500 3724 raeuum
525 3661 654 3730 deterit,
685 3663 750 3741 ipse
774 3661 864 3722 norit.
907 3657 1015 3742 quodi}
1054 3660 1161 3723 Graeci
1184 3668 1363 3738 sanxerunt,
1396 3679 1433 3722 ne
1456 3647 1527 3741 pars
1550 3661 1737 3723 orationiscn

373 3776 424 3828 aut
446 3783 545 3827 sermo
569 3766 687 3844 integer
710 3762 771 3825 ullo
796 3761 878 3824 verhi
902 3763 1027 3825 discidio
1051 3765 1272 3829 interveniente
1294 3765 1514 3844 seiungeretur,
1543 3772 1693 3844 tamquam

373 3871 493 3958 ‘sorte
524 3866 601 3934 suh¹
620 3877 752 3947 arguta
778 3865 1020 3928 consederat’
1046 3877 1254 3938 tetrametrum
1285 3868 1421 3948 seqnitur
1445 3866 1549 3928 ‘ilice
1573 3861 1723 3947 llaplr·'

444 4077 474 4126 l'l
495 4091 557 4140 ergo
577 4085 721 4124 tetrameter
740 4100 771 4109 -
793 4075 850 4128 116.
867 4077 896 4124 18
916 4073 1043 4123 clausulas
1064 4075 1149 4125 haberi
1175 4075 1276 4128 Terent.
1298 4075 1384 4129 amm.
1405 4075 1587 4126 etit-mo

377 4197 582 4206 ...-......—....-

443 4271 456 4316 1
478 4279 558 4332 ponto
576 4266 780 4330 superscriptum
797 4271 837 4315 eat
854 4265 880 4314 ln
899 4266 924 4315 Α
1012 4263 1167 4334 licerium]
1196 4267 1313 4319 Petronii
1330 4213 1486 4332 epiprnrznra
1510 4277 1566 4315 ease
1585 4265 1694 4315 coniecit

372 4333 503 4400 Berplrlus
526 4336 552 4385 in
575 4335 784 4385 commentatione
812 4335 958 4384 acadeun'cn
986 4334 1102 4400 beneficii
1129 4335 1387 4400 ll'olsrcmedorfianr'
1408 4337 1463 4400 lepe
1486 4333 1556 4384 edita
1580 4332 1643 4384 Hal.
1665 4349 1693 4384 α.

373 4407 440 4456 1861
457 4422 485 4472 p.
507 4409 521 4454 7
540 4406 597 4455 coll.
617 4403 649 4454 de
668 4401 726 4453 drab.
747 4403 838 4452 nomin.
858 4419 884 4468 p.
904 4407 963 4467 578,
983 4406 1019 4455 23
1038 4404 1130 4454 fretum
1150 4406 1251 4470 generis
1276 4406 1359 4455 neutri
1381 4415 1405 4454 et
1424 4401 1557 4470 pluraliter
1575 4401 1647 4459 irent,
1668 4416 1696 4450 ut

372 4473 509 4525 Petronius
529 4471 611 4522 ‘trent
623 4469 776 4522 Nereidnm’
839 4472 854 4520 6
874 4473 994 4522 reuolue
1013 4489 1082 4525 corr.
1103 4474 1224 4524 renolnas
1239 4477 1263 4525 A
1331 4475 1361 4524 14
1374 4488 1427 4523 rem
1438 4472 1643 4536 superscriptum
1654 4479 1695 4521 eet

373 4545 399 4594 in
418 4545 443 4594 A
527 4543 558 4592 16
576 4540 709 4608 appellunt
727 4530 914 4595 ὸΕΥΝΘΕΤὸ
933 4546 967 4608 ,ιιι
986 4543 1132 4605 quidenrA
1218 4545 1252 4594 20
1270 4559 1336 4607 quae
1354 4553 1447 4604 orrarto
1465 4565 1499 4577 ·-
1518 4541 1552 4590 22
1570 4537 1695 4590 iorrrretar

372 4612 411 4663 bia
424 4614 533 4682 scripte,
550 4613 700 4676 posteriore
714 4611 769 4660 leco
782 4609 867 4659 deletu
879 4619 938 4660 sent
955 4612 982 4660 in
1002 4615 1025 4662 Α
1079 4613 1112 4664 96
1136 4603 1269 4669 hraomh
1291 4605 1497 4664 ΝΕΟΤΕΥΧΕ(
1516 4599 1692 4664 ΤΙΓΛΥΦὺΝ

375 4729 430 4785 eto
443 4676 642 4786 ΤΙΟΤΟΕΔίύΙ
647 4729 690 4785 ΕΤ
704 4724 786 4782 rot(
799 4721 939 4784 ΔΕΜΕΓὰ
951 4728 1110 4786 trinorc
1122 4730 1168 4786 ΤΕ
1183 4723 1639 4787 ΓΕΡΟΝΤΕ.(ΚὸΤΘΥΕΤΥΚΤΕ
1653 4729 1694 4780 A:

377 4801 484 4856 Thencr.
506 4806 529 4858 i.
544 4805 577 4852 23
597 4811 622 4852 et
641 4805 676 4852 39
706 4790 882 4855 ὸΜΦωὸΒ
952 4795 1160 4856 ΠΟΤΟΕΔωΝ
1182 4801 1206 4852 Β
1286 4803 1320 4854 28
1338 4795 1499 4853 ΤΡΙΠΟΥ(
1517 4793 1562 4851 ΤΕ
1582 4793 1693 4849 ΓΕΡΟΝ

372 4863 483 4990 ’ΠΓιξῑίίΚὲ
501 4867 686 4988 {tifilam}
705 4869 730 4988 ἶ
808 4869 841 4917 '29
861 4869 903 4930 qni
925 4881 1008 4918 ιιιιιιιιι
1029 4869 1052 4918 Β
1132 4874 1164 4921 32
1184 4869 1260 4940 tone]
1285 4871 1367 4937 Verp:
1384 4869 1463 4936 dracoi.
1479 4872 1537 4970 '771
1617 4881 1696 4916 tetra·
