3850 5560
616 333 665 384 nn
687 293 909 386 sunmerso
933 336 979 385 nr
1002 335 1186 386 nmunrno
1498 303 1563 388 633Ι

521 549 525 554 ’Β
608 597 674 674 ns
701 597 863 674 nnnoo
889 598 1192 674 nnxmouuno

326 784 391 849 Hoc
413 789 549 852 creditur
573 787 610 852 ab
633 787 770 870 Apolline
795 792 949 853 inventum
979 767 1024 852 rel
1049 789 1086 852 ab
1111 791 1177 852 eius
1200 790 1357 852 sacerdote
1379 789 1563 864 Phemonoe,

240 887 420 952 ethereum
438 891 553 955 idcirco
570 891 763 973 appellatum,
787 893 868 972 quod
885 893 1034 955 Homerus
1056 892 1109 955 toli
1126 901 1224 954 metro
1247 910 1297 955 res
1312 900 1413 973 gestas
1434 893 1562 958 lieroum

239 995 372 1075 scripsit.
419 995 598 1077 dactylicum
623 1004 723 1058 autem
753 995 867 1060 idcirco
898 997 957 1059 dici
986 996 1191 1066 arbitrantur,
1223 997 1292 1078 quia
1323 999 1445 1077 generis
1472 997 1565 1060 huius

213 1094 318 1159 odoos
340 1097 433 1179 pedes
457 1101 575 1181 recipit,
600 1107 630 1161 et
653 1118 689 1163 ex
712 1100 761 1164 bis
785 1102 883 1164 iustus
906 1108 1025 1164 constat
1041 1099 1163 1162 herous.
1208 1097 1418 1162 hexametrum
1443 1119 1564 1184 quoque

204 1199 205 1204 ’
240 1217 301 1263 uon
329 1199 404 1263 nulli
434 1213 594 1284 propterea
625 1203 685 1265 dici
714 1203 901 1276 existimant,
932 1205 1005 1281 quia
1032 1221 1085 1265 sex
1114 1199 1245 1283 pedibus
1273 1203 1459 1282 ingreditur,
1488 1223 1565 1286 quos

240 1310 337 1366 metm
361 1305 468 1368 eodem
493 1306 582 1368 modo
606 1305 715 1369 Graeci
739 1291 915 1378 nominent(
931 1325 991 1388 quo
1012 1315 1042 1368 et
1064 1304 1114 1369 illa
1131 1304 1241 1386 quibus
1264 1309 1416 1380 metimur,
1440 1326 1509 1369 cum
1535 1314 1566 1394 et

239 1408 379 1470 trimodia
405 1411 444 1472 sit
465 1411 544 1472 iuste
569 1427 710 1473 mensura
735 1419 765 1472 et
788 1411 907 1473 modius
930 1419 961 1472 et
986 1408 1106 1472 hemina
1130 1407 1226 1472 nihilo
1250 1411 1351 1473 minus
1375 1418 1405 1472 et
1426 1410 1560 1493 cyathus,

241 1514 351 1591 exigua
368 1514 527 1576 trimodiae
545 1517 657 1596 portio,
681 1514 834 1597 similique
857 1516 974 1578 ratione
993 1512 1177 1594 decempeda
1194 1522 1224 1574 et
1246 1531 1300 1594 pes
1317 1522 1347 1575 et
1363 1513 1482 1592 digitus.
1522 1516 1567 1576 sio

202 1635 230 1677 ao
244 1623 274 1676 et
304 1623 385 1678 totus
414 1634 519 1680 versus
548 1628 666 1681 metron
690 1628 720 1680 et
749 1615 859 1698 singuli
881 1618 985 1700 pedes,
1015 1635 1070 1698 per
1092 1634 1168 1699 quos
1191 1633 1261 1678 eum
1285 1619 1437 1687 metimur,
1468 1625 1564 1680 metra

242 1721 448 1783 nominantur.
480 1722 559 1783 item
583 1739 672 1801 quem
690 1720 726 1784 ad
752 1721 875 1784 modum
892 1727 921 1782 et
944 1717 1005 1792 vus,
1029 1739 1089 1802 quo
1114 1723 1255 1783 metimur
1278 1711 1425 1791 triticum.¹
1447 1721 1567 1783 modios

163 1817 166 1820 ’
192 1855 200 1863 ·
244 1823 423 1904 appellatur,
448 1832 478 1886 et
501 1824 582 1904 quod
605 1823 657 1886 illo
672 1817 772 1888 mensi
789 1843 893 1887 surmus
909 1825 1040 1886 triticum
1058 1824 1187 1892 modios,
1212 1824 1353 1886 similiter
1376 1832 1487 1906 elpes,
1505 1843 1565 1906 quo

244 1926 334 1990 rerba
359 1932 512 1996 metimur,
539 1934 569 1988 et
584 1928 647 2006 ipsa
665 1927 767 1998 verba,
784 1945 862 2009 quae
878 1927 1096 2008 conpleverunt
1111 1926 1230 2007 pedem,
1248 1915 1344 1990 metra
1361 1929 1566 1989 nominantur.

330 2029 407 2092 Huic
430 2031 608 2093 hexametro
638 2031 785 2110 dactylico
809 2032 967 2093 trimetrus
996 2031 1146 2093 iambicus
1174 2032 1325 2110 iungitur.
1355 2049 1446 2112 quem
1474 2031 1567 2093 latine

99 2171 102 2176 -
203 2155 231 2196 rs
244 2136 397 2197 senarium
421 2139 620 2210 nominamus,
644 2133 674 2195 id
699 2142 744 2196 est
766 2134 975 2196 hexametrnu.
1014 2152 1067 2195 sex
1091 2135 1172 2194 eninr
1190 2131 1282 2213 pedes
1305 2133 1451 2197 iambicos
1466 2133 1566 2206 babet,

242 2255 333 2319 quem
363 2237 400 2300 od
430 2237 553 2304 modum
583 2237 695 2320 herous
724 2257 777 2300 sex
807 2237 899 2300 habet
926 2235 1089 2318 dactylicos
1118 2237 1220 2318 pedes.
1275 2238 1432 2300 trimetros
1466 2248 1568 2301 autem

243 2351 368 2404 vocatur
390 2361 408 2404 a
432 2341 567 2410 Graecis,
591 2344 660 2422 qula
686 2339 784 2404 tribus
807 2339 1057 2422 percussionibus
1081 2341 1201 2402 teritur.
1253 2339 1291 2402 de
1313 2359 1373 2422 qua
1401 2359 1435 2402 re
1462 2342 1568 2422 ingens

242 2446 379 2527 qureestio
402 2459 458 2514 est.
482 2444 554 2527 quid
580 2447 632 2516 ita,
656 2462 724 2506 cum
749 2463 806 2507 sex·
826 2444 919 2524 pedes
942 2442 1052 2505 babeat
1076 2441 1240 2504 ethereus
1268 2452 1299 2506 et
1322 2442 1487 2516 iambicus,
1518 2442 1568 2506 bic

243 2555 299 2617 ter.
325 2555 355 2611 at
378 2546 428 2610 ille
445 2549 544 2610 sexies
568 2549 703 2610 feriatur.
741 2565 830 2628 qoam
847 2549 1054 2630 quaestionem
1077 2564 1202 2608 necesse
1219 2554 1264 2608 est
1287 2549 1372 2609 utin
1395 2549 1567 2629 praesentia

155 2683 157 2688 ·
201 2669 229 2712 no
244 2635 445 2713 ueneramus
476 2652 587 2712 lestioo
612 2651 692 2712 enini
717 2650 945 2722 demonstrare,
977 2649 1112 2736 quiditu
1137 2657 1167 2711 et
1189 2648 1315 2711 heroum
1346 2658 1377 2712 et
1403 2649 1567 2713 iambicum

244 2772 362 2818 versum
386 2756 504 2833 antiqui
527 2752 657 2834 Apollini
681 2753 907 2836 adsignaverim
928 2771 1077 2835 paresque
1101 2771 1168 2816 esse
1192 2752 1389 2825 crediderint,
1413 2772 1481 2816 cum
1506 2755 1568 2816 sint

243 2865 443 2956 non‘tantum
468 2858 526 2920 olio
549 2860 629 2919 inter
644 2874 677 2918 se
700 2873 813 2935 genere
837 2857 889 2919 sed
914 2859 1005 2920 etiam
1022 2856 1136 2938 dispari
1160 2859 1277 2918 ratione
1298 2857 1457 2938 conpositi.
1497 2874 1566 2918 nam

243 2960 344 3023 lerunt
375 2961 547 3043 Apollinem
580 2959 771 3022 obsidentem
807 2958 938 3042 Delphos
980 2960 1144 3023 draconem
1185 2959 1408 3041 depugnantem
1451 2959 1567 3040 sagittis

243 3065 339 3126 acutis
367 3062 502 3126 adiutum
532 3062 745 3126 exhortatione
774 3063 930 3124 bominum
961 3071 991 3124 et
1019 3061 1214 3126 incolentium
1248 3061 1299 3126 illa
1329 3080 1452 3126 nemora
1482 3080 1567 3143 nym-

202 3165 372 3247 sophorum
396 3164 442 3227 his
466 3167 530 3228 lere
560 3166 669 3234 verbis,
699 3161 732 3245 ἰὴ
758 3161 881 3228 παιών.
933 3165 1008 3227 hoec
1037 3164 1197 3246 dissyllaba
1227 3165 1319 3228 verba
1342 3164 1489 3246 producta
1519 3173 1567 3228 ter

242 3269 358 3349 singule
375 3270 490 3330 iaciunt
505 3269 648 3349 spondeis
664 3287 717 3332 sex
734 3266 863 3332 heroum
881 3287 1013 3350 versum,
1031 3279 1060 3330 et
1076 3287 1197 3331 rursum
1215 3269 1318 3331 eadem
1339 3265 1398 3352 [et]
1415 3273 1567 3350 correptis

241 3371 397 3451 prioribus
426 3375 587 3453 utriusque
615 3370 700 3434 verbi
729 3370 851 3454 syllabis
881 3373 995 3434 iaciunt
1023 3372 1185 3434 iambicum
1216 3373 1382 3435 senarium.
1436 3371 1565 3454 ideoque
1627 3393 1629 3398 ·
1689 3391 1692 3396 ‘¹

123 3490 127 3495 ’
242 3474 353 3538 dicitur
381 3473 532 3538 Homerus
558 3477 588 3538 in
619 3475 746 3555 Margite
781 3491 836 3535 suo
869 3467 1043 3538 miscuisse'
1064 3475 1120 3538 bos
1152 3493 1257 3538 versus
1285 3485 1438 3557 tamquam
1476 3495 1566 3558 pares

243 3569 435 3664 [Opppoop

238 3802 240 3806 ψ
310 3767 525 3818 tibexsmetrum
544 3793 577 3804 -
597 3768 628 3818 11
649 3766 814 3818 nominantur
834 3765 906 3822 Mar.
931 3766 999 3820 Vict.
1013 3772 1054 3830 51,
1070 3770 1103 3818 19
1175 3766 1565 3821 1thuiohexemecro-1t

239 3851 331 3904 teritur
349 3853 422 3907 Mor.
446 3851 547 3908 Victor.
567 3855 644 3914 79‚e
712 3853 751 3903 27,
765 3851 876 3916 ideoque
894 3877 928 3890 -
946 3867 1023 3921 peres
1043 3853 1114 3905 Mor.
1138 3851 1239 3905 Victor.
1258 3855 1298 3911 ⁷9.
1320 3855 1350 3903 11

243 3972 444 3988 *aa*

310 4041 337 4094 B
354 4045 441 4097 codem
458 4039 641 4094 Berollnenac'n
657 4045 699 4102 60,
719 4047 777 4096 olim
795 4041 978 4097 Sontenionaoo'

236 4194 238 4198 Ι
313 4127 391 4182 lDE
410 4125 524 4180 flendo
544 4126 763 4180 etninnsrno
782 4129 809 4180 Β
877 4127 1041 4196 iphemone
1053 4127 1088 4181 B.
1124 4128 1288 4180 Phemonoen
1306 4135 1565 4180 eomoremorooernnt

198 4247 199 4252 =
242 4217 338 4270 Atilius
356 4215 560 4268 Fortunatiano
577 4230 605 4280 p.
616 4216 679 4280 28⁴,
699 4219 716 4266 7
733 4221 759 4267 et
777 4216 879 4268 Audon
891 4215 930 4267 bie
948 4216 982 4266 de
999 4221 1080 4266 metro
1098 4221 1124 4266 et
1141 4215 1174 4265 dc
1191 4213 1298 4280 opilabis
1368 4212 1563 4279 bingredietur

241 4301 346 4354 Moriere
368 4299 519 4352 Victorinus
574 4347 577 4352 .
601 4297 716 4369 diocte]
736 4311 807 4352 certe
825 4301 930 4353 Marios
951 4301 1101 4352 Victorinus
1183 4310 1209 4351 et
1226 4301 1312 4351 emine
1331 4297 1520 4350 nihilhominus
1539 4309 1564 4350 et

121 4381 125 4392 ’
241 4397 333 4454 egatus
351 4384 378 4437 B
460 4387 491 4438 11
511 4375 704 4450 queadmodum
722 4385 748 4436 Β
837 4389 869 4438 14
887 4383 1014 4453 iungitur]
1035 4397 1200 4452 comparetur
1218 4385 1322 4437 Morino
1344 4385 1494 4437 Victorinus

225 4503 274 4578 '21
293 4523 421 4594 appollini
439 4523 466 4574 Β
557 4479 772 4594 ιίηῖοῑῖιιωωΒ
854 4525 888 4576 23
906 4524 1066 4593 appollinem
1085 4523 1111 4575 B
1198 4525 1301 4591 sagittis
1320 4524 1408 4590 egetis
1427 4522 1563 4573 odiuntum

242 4612 404 4664 exortatione
423 4607 449 4659 B
517 4609 550 4659 21
570 4609 656 4660 uerbis
675 4610 701 4662 B
733 4641 736 4649 ·
770 4611 804 4661 28
822 4609 848 4660 in
867 4613 1008 4677 margarite
1026 4609 1052 4661 B
1126 4618 1259 4673 tamquam
1278 4625 1373 4676 ponens
1393 4604 1563 4661 ΟΜΗΡΟΥ-

243 4684 1562 4760 ithetrtcetcxoboolmNhTel’tottlthtdelochlbocloOYlchclrteeritmruthtessrtss

242 4773 1273 4847 obothttommrtoclothlcexoirtelixeectNerodorttottbri’ldt
1289 4780 1322 4833 B.
1359 4781 1492 4848 iliorpitoe
1506 4795 1563 4831 oer-

240 4885 284 4920 sua
303 4873 420 4938 leguntur
438 4869 510 4934 opud
528 4868 633 4919 Atilium
651 4867 864 4921 Fortunatiunurn
882 4885 908 4934 p.
928 4870 988 4926 286,
1007 4872 1023 4918 5
1135 4915 1137 4920 .

293 4969 445 5004 eumenen
460 4970 543 5002 carm
555 4969 589 5004 rr.
1321 4954 1353 5003 ll
