3906 5564
370 299 412 367 73
868 304 975 356 manu
998 303 1189 358 vtcronrm

396 401 567 458 piacola.
1511 414 1658 467 protae.

684 503 830 576 rumpunt
852 504 972 558 teneras
996 496 1129 560 uviferae
1153 516 1254 560 contos
1277 497 1364 579 lagei.

368 615 478 678 purum
501 615 573 660 vero
596 599 819 678 anapaesticum
843 597 901 660 tale
925 609 986 670 est,

498 703 574 763 nitet
596 719 686 764 aurea
711 719 883 783 purpureae
907 702 1031 766 Veneris
1055 723 1141 768 coma
1164 705 1301 777 roscida,
1320 695 1420 768 ‘lactea
1443 709 1553 780 cervix,

369 805 447 886 quod
472 814 518 867 est
543 813 758 874 tetrametrum¹
776 805 994 870 catalecticum.
1040 811 1203 872 caiatiam
1228 808 1258 870 id
1283 809 1364 889 qarod
1389 829 1425 872 ex
1448 810 1587 874 omnibus
1611 831 1682 894 pro-

368 907 573 972 celeumaticis
596 917 728 979 constat,
753 913 895 991 quoniam
912 912 1101 974 uniformitas
1119 916 1254 976 ornraium
1280 912 1414 976 brevium
1437 924 1565 978 metrum
1583 916 1710 980 laceres

367 1013 572 1084 oenanthen,
598 1010 802 1084 adscribetur,
828 1023 929 1076 otest

674 1133 781 1178 nemus
803 1137 856 1181 ave
879 1121 1014 1189 reticuit,
1039 1137 1111 1199 ager
1136 1120 1257 1184 homine
1280 1129 1377 1184 sonat.

367 1216 449 1299 leges
472 1228 572 1284 cetera
596 1221 685 1283 etiam
709 1233 915 1294 monometra,
939 1221 969 1283 id
994 1231 1039 1284 est
1062 1223 1181 1286 ultimas
1204 1237 1372 1288 metrorum
1395 1224 1573 1306 particulas.
1605 1247 1682 1307 (patae

366 1333 551 1405 propagatae
574 1325 722 1386 dimetron
739 1343 774 1386 ex
799 1345 831 1388 se
856 1327 984 1398 iaciunt,
1009 1329 1088 1388 inter
1112 1339 1207 1390 metm
1224 1329 1394 1399 numerari,
1419 1331 1518 1409 capris
1534 1329 1681 1390 dimetron

368 1429 506 1508 prolecto
536 1429 732 1508 compositum
763 1439 818 1490 est.
865 1428 939 1492 baec
974 1429 1153 1512 plerumque
1182 1435 1212 1494 in
1243 1431 1402 1512 tragoediis
1436 1449 1489 1493 seu
1519 1433 1682 1494 comoediis
1697 1459 1722 1497 oo

369 1531 507 1593 concitati
531 1532 622 1592 animi
647 1532 793 1603 motibus,
818 1550 894 1611 quos
918 1533 1026 1595 Graeci
1049 1531 1144 1615 πάθη
1168 1534 1278 1604 dicunt,
1301 1531 1315 1618 ΙΙ
1338 1537 1549 1618 exprimuntur
1572 1549 1602 1597 ot
1630 1556 1682 1618 per

367 1636 607 1698 interiectionem
643 1635 832 1716 quorundam
868 1635 1039 1714 adfectuum
1074 1636 1137 1698 sola
1168 1637 1349 1708 atteruntur,
1384 1647 1417 1700 ut
1447 1640 1540 1709 elren,
1576 1658 1680 1720 popm,

368 1739 472 1802 babae.
519 1741 576 1801 erit
598 1755 671 1818 ergo
695 1746 915 1802 monometrum
931 1741 1153 1821 anapaesticum
1176 1740 1400 1814 catalecticum,
1425 1740 1455 1802 id
1480 1753 1525 1806 est
1539 1763 1679 1824 suprema

366 1843 454 1923 longa
478 1842 649 1914 deficiente,
674 1843 747 1915 tale,

901 1965 1032 2029 propero
1055 1947 1142 2030 pede.
1696 1973 1721 2011 aa

367 2069 438 2113 sane
461 2059 613 2114 memento
636 2059 731 2114 metra
756 2051 845 2113 huius
876 2051 957 2114 modi
980 2053 1061 2114 uarie
1084 2053 1114 2114 in
1138 2053 1196 2114 tino
1220 2051 1375 2126 concludi,
1404 2055 1483 2116 sicut
1511 2063 1541 2115 et
1564 2063 1678 2116 cetera:

368 2173 436 2218 nam
460 2164 510 2217 aut
534 2154 695 2218 acatalecto
728 2163 779 2216 aot
801 2154 974 2217 catalectico
999 2164 1051 2218 aut
1073 2155 1331 2238 brachycatalecto
1362 2167 1413 2218 ant
1441 2156 1678 2238 lippet-catalecta

366 2257 403 2319 ab
426 2257 600 2322 auctoribus
624 2267 817 2340 promuntur,
848 2269 992 2341 utsupra
1016 2261 1212 2326 ostendimus,

451 2361 488 2425 Et
510 2380 603 2445 super
619 2363 678 2426 hoc
702 2361 857 2424 ltactenus.
890 2372 1035 2442 quantum
1058 2373 1157 2426 autem
1173 2364 1209 2425 ad
1234 2371 1363 2426 metrum
1381 2365 1529 2426 comicum
1553 2375 1677 2445 spectat,

368 2473 399 2528 ut
415 2463 570 2547 paululum
588 2483 757 2546 evagemur,
781 2465 1006 2547 scio-plurimos
1029 2467 1187 2530 adfirmare
1203 2467 1399 2530 Terentianus
1416 2466 1460 2528 rel
1484 2470 1613 2530 maxime
1637 2468 1678 2529 la·
1693 2487 1720 2528 so

369 2568 454 2632 bulas
470 2579 599 2632 metrum
615 2588 649 2631 ac
666 2568 855 2649 disciplinam
872 2587 1049 2648 graecarum
1067 2571 1290 2634 comoediarum
1315 2589 1374 2632 non
1388 2571 1563 2640 custodisse,
1589 2571 1617 2632 id
1635 2581 1680 2632 est

364 2692 440 2756 quas
457 2674 620 2737 blenantler
640 2673 795 2736 Philemon
815 2672 951 2754 Diphilus
974 2683 1004 2736 ot
1024 2675 1119 2737 ceteri
1138 2675 1308 2737 ediderunt.
1356 2674 1450 2736 nostri
1471 2677 1597 2736 enimin
1615 2695 1679 2737 mo·

365 2777 504 2841 dolandis
528 2780 632 2840 tnetris
655 2797 709 2839 seu
733 2776 881 2856 rhythmis
896 2780 1006 2840 veteris
1021 2779 1195 2842 comoediae
1212 2781 1376 2861 scriptores
1398 2778 1678 2860 septimanorum,

364 2881 393 2944 id
429 2889 474 2944 est
506 2880 635 2961 Eupolin
671 2881 824 2944 Cratinum
857 2881 1086 2965 Aristophanen.
1139 2882 1280 2964 prologos
1315 2885 1415 2963 itaque
1450 2892 1480 2942 et
1513 2885 1678 2964 primarum

364 3003 542 3048 scaenarum
573 2994 658 3046 actus
686 2982 840 3068 trilmetris
863 2983 1173 3067 comprehenderunt.
1204 2986 1312 3047 deinde
1336 2984 1543 3064 longissimos,
1572 2985 1602 3046 id
1634 2995 1678 3047 est
1693 3008 1719 3046 aa

364 3096 569 3160 tetrametros,
592 3087 807 3170 subdiderunt,
831 3091 882 3169 qul
905 3087 1095 3170 appellantur
1118 3089 1266 3172 qtmdmti.
1313 3097 1415 3169 postea
1439 3089 1470 3149 ln
1493 3107 1678 3172 consequen·

365 3192 446 3256 tibus
462 3195 664 3255 variaverunt:
689 3192 778 3254 modo
795 3195 875 3254 enirn
892 3193 1058 3266 trimetros,
1084 3193 1172 3254 modo
1189 3191 1290 3254 addito
1306 3193 1473 3274 quadrante
1490 3193 1534 3254 vel
1553 3197 1677 3255 seratisse

364 3304 544 3378 posuerunt,
569 3295 598 3357 id
622 3305 668 3358 est
689 3296 842 3379 semipede
865 3295 981 3358 adiecto
997 3295 1044 3358 rel
1067 3298 1186 3376 integro
1210 3295 1286 3378 pede
1309 3295 1408 3357 iambo
1426 3295 1471 3357 vel
1487 3297 1675 3378 sesquipede.

364 3401 438 3463 haec
461 3418 517 3482 per
540 3400 655 3463 medios
679 3409 762 3463 actus
784 3402 880 3470 rarie;
905 3418 1012 3464 rursus
1033 3402 1065 3464 in
1089 3402 1170 3462 exitu
1188 3400 1358 3464 tabularum
1374 3399 1550 3480 quadratos
1575 3401 1678 3480 natales

363 3503 494 3568 diximus
517 3507 547 3564 in
571 3504 703 3565 secunda
728 3521 850 3575 scaena,
881 3502 1026 3566 locarunt.
1074 3504 1126 3566 sed
1150 3502 1242 3566 iidem
1270 3503 1409 3586 quadrati
1438 3503 1577 3582 legitimi,
1609 3525 1719 3567 etunao

362 3607 495 3670 sedecim
530 3605 651 3688 syllabis
681 3609 763 3669 iuxta
795 3610 841 3670 ius
875 3609 1031 3689 proprium
1066 3617 1205 3669 constare
1240 3607 1383 3682 debeant,
1419 3605 1598 3688 plerumque
1632 3609 1678 3667 in·

254 3751 263 3768 .
363 3713 525 3773 renitantur
548 3712 654 3790 viginti
677 3721 728 3773 aut
751 3710 879 3792 amplius
901 3709 1093 3792 syllabarum.
1140 3711 1210 3773 hinc
1234 3712 1443 3773 existimantur
1467 3719 1596 3771 corebum
1617 3729 1677 3772 non

430 3957 446 4006 t
467 3969 557 4004 nemus
575 3955 661 4019 p.53,
676 3955 716 4004 11.
737 3955 824 4012 99,12
876 3956 892 4005 8
911 3953 981 4020 leges
994 3981 1029 3992 -
1042 3956 1074 4006 13
1093 3955 1172 4004 babae
1189 3970 1217 4019 p.
1231 3957 1274 4012 85,
1291 3955 1322 4001 ta
1377 3953 1408 4002 lb
1427 3963 1550 4014 qttarnum
1566 3977 1597 3987 —
1610 3953 1679 4010 tao

361 4025 525 4092 reperiuntur
543 4024 568 4073 iu
588 4022 711 4073 clausulis
731 4022 813 4084 Rufio.
832 4025 864 4074 de
877 4030 949 4078 metr.
963 4039 1026 4074 eona.
1040 4026 1108 4072 2707
1127 4021 1167 4072 De
1186 4025 1273 4072 taetris
1292 4021 1403 4070 l'ereutii
1421 4031 1447 4070 et
1465 4020 1547 4070 l’lanti
1568 4034 1593 4070 et
1610 4033 1678 4071 cete-

361 4109 449 4144 rorum
468 4093 623 4144 canticorum
643 4104 668 4142 ec
685 4093 842 4158 tragicorum
861 4092 1010 4142 Victorinus
1030 4093 1067 4142 sic
1086 4092 1155 4150 dicit,
1175 4103 1297 4155 parantum
1317 4101 1401 4139 atatem
1420 4104 1478 4156 app.

431 4298 600 4369 bquoniam]
618 4300 683 4366 qr'm'a
701 4299 727 4350 B
746 4299 782 4362 qh
801 4299 824 4349 Α
844 4298 982 4363 quantoe
1062 4299 1077 4348 7
1097 4297 1199 4348 bomine
1217 4311 1234 4354 ς
1253 4297 1357 4348 Ιιοιιιίηἱ·
1376 4297 1400 4346 Α
1414 4295 1439 4344 B
1514 4293 1601 4362 socrat]
1620 4295 1679 4347 silet

361 4387 443 4436 capra
460 4388 487 4437 p.
507 4375 539 4420 70
638 4373 672 4421 10
693 4368 721 4418 hi
741 4367 889 4436 plerumque
908 4368 969 4418 AB
993 4369 1040 4416 hae
1059 4367 1243 4432 plerumque5
1340 4365 1516 4420 comaedttsc
1539 4365 1681 4417 comoediis·

362 4441 396 4498 A,
419 4448 447 4492 ut
465 4441 573 4504 uidetur,
597 4439 787 4489 contoediisnnt
809 4437 867 4488 Vnt.
890 4437 1030 4488 comoediis
1050 4449 1110 4486 soron
1130 4437 1153 4486 B
1242 4438 1272 4487 ta
1297 4435 1433 4485 allectunm
1457 4435 1499 4488 ed.
1518 4435 1678 4486 Sanetcndr.

361 4507 496 4560 effectuum
515 4507 604 4562 ΑΒς
674 4505 845 4562 ευίτιεΑΒς
907 4508 938 4556 16
957 4505 1110 4570 ttarieB(?)
1130 4509 1245 4560 uariaee
1264 4507 1363 4554 uariare
1376 4505 1410 4558 A.
1428 4521 1463 4554 un
1477 4505 1547 4554 uaria
1560 4505 1677 4554 ratione?

432 4580 464 4630 18
487 4573 576 4644 supra]
595 4595 623 4643 p.
640 4580 715 4636 dl‚3
786 4577 819 4627 ‘20
841 4591 981 4642 euogenuu·
999 4575 1053 4631 ςΑ
1078 4591 1217 4641 erratgemus
1238 4575 1262 4624 B
1279 4574 1337 4628 Vol.
1406 4575 1437 4624 at
1462 4587 1493 4622 ac
1511 4573 1677 4639 disciplinam

362 4697 512 4747 graecarum
530 4693 547 4736 ς
564 4681 623 4732 Vol.
642 4655 675 4732 nal
687 4679 850 4746 disciplinam
864 4662 1016 4746 graeciarum
1035 4680 1060 4728 A
1082 4693 1112 4727 nc
1126 4679 1290 4745 disciplinam
1304 4691 1454 4742 graecorum
1475 4675 1500 4726 B
1561 4678 1595 4726 21
1614 4674 1676 4726 Cra-

361 4752 442 4801 tinum
455 4750 656 4816 Aristophanem
675 4763 691 4806 ς
710 4751 831 4799 erraticum
843 4750 1027 4816 aristopheuen
1047 4749 1070 4797 Α
1090 4751 1211 4798 eracleam
1224 4745 1409 4810 aristopheuon
1430 4745 1454 4793 n
1512 4745 1637 4812 prologos
1653 4745 1678 4796 B

362 4821 488 4887 prologus
508 4822 563 4875 Ας
632 4822 665 4871 21
684 4815 774 4885 nocato]
795 4834 873 4868 metato
892 4821 982 4885 priore
999 4816 1100 4868 locoB
1170 4822 1204 4869 30
1222 4818 1266 4866 sed
1286 4815 1354 4864 idem
1373 4813 1437 4865 ΑΒ
1455 4813 1502 4864 sed
1520 4816 1614 4872 laenas

362 4891 395 4941 3⁵2
414 4891 584 4940 aestimantur
602 4901 618 4944 ς
641 4891 790 4940 aestirnatm·
809 4891 833 4938 Α
847 4887 872 4936 B
