3904 5556
316 312 319 320 '
352 307 396 373 40
853 305 960 358 untur
985 305 1176 360 mororum

381 421 403 466 ι’·
417 409 477 452 ²⁴⁸²·
490 408 516 450 ⁸³
532 407 554 449 Ρ·
1493 419 1515 462 ι.
1529 407 1607 450 so-se
1622 405 1647 448 u.

356 517 438 571 esse,
462 515 524 561 non
547 499 577 561 in
601 499 697 582 spatio
720 495 878 576 longarum
902 515 955 560 seu
982 496 1114 561 brevium
1138 496 1331 580 syllabarum.
1363 500 1456 578 igitur
1479 517 1548 561 cum
1572 497 1673 560 metris

354 599 429 666 nihil
451 603 547 666 maius
570 603 705 664 minusve
728 599 844 664 adterat
866 599 955 664 huius
978 601 1070 674 modi
1083 603 1175 674 ratio,
1199 619 1257 665 uec
1279 603 1429 682 praetiniti
1452 601 1508 680 sibi
1531 601 1674 683 temporis

353 707 477 770 modum
501 705 628 769 adiectio
652 707 844 768 consonantis
866 706 1004 778 excedat,
1028 708 1150 769 musicis
1166 709 1267 824 potius
1290 725 1379 787 quam
1395 706 1528 769 metricis
1552 705 1581 768 id
1605 722 1672 766 aus·

355 809 529 874 cultaudum
555 825 621 872 esse
644 807 788 871 dicemus

831 998 881 1062 nr
903 999 990 1063 ensi
1013 1000 1064 1063 nr
1086 999 1201 1064 ranst
1688 1041 1701 1082 ⁵

439 1119 581 1184 Decursis
604 1119 787 1203 syliabarum
812 1119 918 1193 modis,
943 1138 1020 1200 quae
1044 1140 1098 1205 per
1121 1120 1239 1184 recales
1263 1130 1293 1184 et
1309 1117 1321 1204 ΙΙ
1337 1130 1538 1184 consonantes
1559 1119 1674 1183 litteras

353 1223 435 1289 uelut
457 1222 635 1307 quibusdam
659 1222 816 1288 elementis
838 1223 963 1287 coalitae
986 1243 1179 1307 conexaeque
1201 1225 1370 1288 formantur
1394 1225 1544 1306 certisque
1569 1240 1675 1285 secun·

355 1329 425 1392 dum
449 1335 502 1392 aut
524 1335 663 1392 naturam
688 1336 739 1391 aut
760 1329 940 1410 positionem
963 1326 1080 1409 legibus
1103 1330 1217 1412 positae
1240 1327 1348 1412 pedes,
1374 1345 1442 1390 cum
1465 1329 1543 1390 inter
1567 1345 1599 1390 se
1622 1343 1675 1406 ge·

356 1434 525 1505 minantur,
558 1451 614 1514 per
648 1433 730 1494 arsin
765 1442 795 1493 et
829 1431 927 1504 thesin
958 1431 1131 1511 gradientes
1158 1443 1338 1515 procreant,
1372 1430 1482 1514 quibus
1511 1439 1675 1494 metrorum

355 1540 455 1601 omnis
477 1538 554 1600 ratio
577 1537 656 1598 inter
677 1553 710 1598 se
734 1535 889 1616 praefinita
912 1533 1063 1608 subsistit,
1086 1554 1276 1618 consequeus
1299 1553 1370 1598 reor
1392 1537 1477 1618 prius
1500 1533 1537 1596 de
1560 1535 1620 1596 arsi
1643 1551 1677 1595 ac
1693 1557 1717 1598 ιο

357 1640 449 1712 thesi,
473 1639 503 1703 id
529 1647 575 1703 est
599 1639 635 1701 de
659 1637 773 1702 alterna
795 1635 978 1719 syllabarum
1001 1636 1171 1702 sublatione
1194 1659 1227 1702 ac
1251 1642 1422 1723 positione,
1452 1637 1562 1721 quibus
1585 1635 1678 1718 pedes

355 1747 386 1808 iu
410 1745 515 1808 metris
538 1744 676 1807 nituntur
705 1752 793 1822 atque
821 1741 1004 1814 lormantur,
1036 1741 1137 1804 dicere
1167 1761 1202 1805 ac
1226 1742 1368 1827 deinceps
1390 1743 1499 1826 pedum
1530 1741 1677 1803 rationem

356 1849 460 1930 paucis
483 1865 646 1929 exponere.

441 1953 525 2016 dreis
547 1951 636 2032 igitur
665 1947 817 2013 ecthesis
840 1968 914 2031 quas
937 1948 1045 2012 Graeci
1076 1949 1192 2018 dicunt.
1222 1949 1252 2012 id
1282 1957 1326 2013 est
1348 1949 1475 2014 sublatio
1506 1959 1536 2012 et
1559 1947 1677 2030 positio,

356 2055 526 2138 significant
552 2053 639 2134 pedis
661 2061 787 2119 motum.
834 2061 881 2116 cst
904 2055 983 2117 enim
1007 2053 1083 2116 arsis
1106 2051 1235 2116 sublatio
1264 2053 1349 2135 pedis
1377 2054 1441 2116 sine
1464 2070 1555 2124 sono,
1584 2051 1677 2113 thesis
1691 2075 1718 2114 rs
1808 2037 1814 2048 ’

356 2159 465 2243 positio
488 2157 573 2241 pedis
597 2175 665 2220 curn
687 2175 776 2220 sono:
801 2158 873 2219 item
896 2157 972 2219 arsis
995 2154 1084 2218 elatio
1107 2158 1262 2238 temporis,
1287 2159 1362 2229 soni,
1388 2157 1485 2226 rech,
1509 2155 1602 2217 thesis
1625 2155 1678 2216 de·

355 2263 466 2346 positio
489 2270 519 2324 et
541 2259 689 2343 quaedam
712 2261 880 2324 contractio
904 2257 1096 2342 syliabarum.
1144 2278 1213 2324 narn
1229 2262 1259 2322 in
1283 2259 1439 2342 pyrrichio
1456 2257 1570 2321 tollitur
1585 2259 1678 2320 altera

358 2365 472 2438 brevis,
503 2363 595 2428 altera
619 2366 752 2447 ponitur.
797 2366 828 2426 in
851 2364 987 2444 spondeo
1017 2381 1139 2444 quoque
1161 2365 1293 2428 vicissim
1316 2362 1404 2444 longa
1428 2361 1544 2426 tollitur
1567 2379 1601 2425 ac
1624 2379 1679 2441 po·

359 2471 441 2533 nitur
464 2466 587 2550 syllaba.
619 2467 763 2532 trochaeo
779 2475 880 2530 autem
896 2477 926 2530 et
941 2465 1042 2530 iambe
1060 2469 1211 2531 contraria
1230 2470 1309 2531 inter
1331 2485 1364 2530 se
1378 2466 1455 2530 ratio
1471 2476 1530 2529 est:
1555 2462 1679 2528 alterius

360 2575 441 2636 enim
464 2576 550 2652 prius
572 2569 662 2653 longa
684 2569 814 2644 tollitur,
839 2570 949 2634 dehinc
972 2570 1074 2634 breuis
1096 2573 1234 2654 ponitur:
1259 2571 1382 2634 alterius
1403 2569 1569 2633 secundum
1592 2587 1677 2632 suam
1692 2595 1720 2634 so

358 2677 457 2759 legem
479 2676 578 2739 brevis
594 2678 734 2758 ponitur,
757 2679 851 2752 lorrpa
873 2678 989 2738 tollitur
1011 2675 1070 2738 situ
1092 2694 1183 2759 supra
1206 2675 1277 2738 dicti
1299 2673 1414 2738 ordinis
1436 2675 1603 2737 immutato.
1647 2673 1678 2734 in

359 2777 476 2863 dactylo
507 2798 578 2842 vero
612 2778 726 2842 tollitur
758 2797 817 2842 una
840 2779 845 2864 ι
870 2778 974 2860 longa,
1009 2789 1163 2862 ponuntur
1194 2779 1271 2842 duae
1301 2777 1423 2848 brevem
1457 2779 1489 2840 in
1519 2785 1679 2859 anapaesto

360 2893 482 2953 contra,
506 2885 584 2946 sicut
605 2885 637 2944 in
660 2881 804 2946 trochaeo
829 2892 859 2944 et
880 2882 981 2944 iambo
1005 2881 1201 2946 ostendimus.
1247 2883 1359 2945 etenim
1376 2885 1408 2944 in
1424 2878 1610 2961 simplicibus
1626 2898 1679 2962 pe·

359 2987 449 3052 dibus
472 2989 549 3049 arsis
572 3005 607 3049 ac
630 2985 722 3048 thesis
744 2993 795 3048 aut
818 2984 919 3066 simpli
942 2995 993 3050 eut
1015 2984 1099 3066 dupli
1123 2995 1173 3048 aut
1194 2983 1325 3068 sescupli
1348 2985 1465 3048 ratione
1488 2993 1616 3046 teratur.
1651 2988 1681 3044 et
1705 3027 1711 3036 .

291 3103 293 3110 ’
359 3093 389 3156 in
405 3089 513 3171 simplo
529 3089 653 3172 quidem
669 3098 759 3152 erunt
775 3089 962 3172 pyrrichius,
987 3088 1154 3169 spondeus,
1180 3087 1330 3172 dactylus.
1355 3098 1548 3171 anapaestus:
1572 3086 1679 3150 horum
1694 3113 1721 3154 ss

359 3196 440 3258 enim
463 3211 517 3275 par
541 3201 587 3255 est
608 3191 770 3256 sublationi
793 3193 917 3274 positio,
941 3211 1010 3256 cum
1026 3193 1203 3256 tantundem
1226 3211 1329 3256 morae
1344 3194 1376 3255 in
1392 3193 1519 3256 duarum
1544 3189 1679 3253 brevium

359 3300 510 3382 positione
534 3297 731 3377 quantumin
760 3297 850 3360 unius
872 3295 980 3377 longae
1002 3295 1170 3359 sublatione
1201 3295 1356 3359 habeatur.
1402 3298 1431 3358 in
1462 3295 1554 3377 duplo
1581 3303 1679 3357 antem

361 3400 494 3474 iambus,
524 3399 700 3473 trochaeus,
732 3398 914 3481 tribrachys,
947 3397 1108 3462 molossus:
1144 3399 1253 3462 horum
1284 3401 1364 3462 enim
1399 3397 1510 3483 duplex
1539 3396 1678 3466 sublatio,

361 3503 487 3587 simplex
503 3505 610 3586 positio
627 3513 680 3576 est,
706 3503 750 3565 vel
775 3513 889 3566 contra.
905 3499 920 3588 l}
936 3515 964 3565 at
987 3506 1016 3565 in
1040 3501 1178 3586 sescuplo
1194 3502 1287 3586 pedes
1303 3513 1375 3581 tres,
1398 3501 1551 3573 bacchius.
1575 3499 1681 3582 palim-

428 3695 461 3746 ts
480 3692 605 3745 Etenim·
600 3711 624 3742 ιιι
645 3691 859 3759 simplicibus-
827 3696 919 3753 -ιι,
933 3695 965 3744 at
971 3705 1110 3760 pensetur
1126 3693 1266 3758 semeprnent
1285 3692 1450 3744 Ambrosiam
1469 3687 1536 3757 περι
1554 3689 1606 3758 τῆς
1624 3688 1680 3742 τῶν

360 3753 1441 3830 creduis’ooopeor'eretrtd10-261‚12peetle.cie.Vindeb.ed.dlaaek.

365 3863 571 3878 ffl-

430 3917 612 3970 dedicatione
631 3933 699 3969 eon.
720 3917 830 3968 adiectio
849 3918 874 3969 Α
944 3916 1225 3968 deonsonantisAB
1295 3919 1496 3983 hproerea1123
1514 3929 1682 3982 procreantur

362 3987 423 4040 ΑΒ
501 3989 533 4038 10
551 3985 781 4043 ιιιιιείιιιιιΑΒς
856 3987 957 4050 deensis
977 3987 1001 4036 A
1079 3987 1109 4039 18
1129 3986 1215 4037 breuis
1227 4021 1423 4040 ............
1446 3985 1526 4036 altera
1549 3986 1682 4038 duodecim

284 4059 290 4072 ⁸
319 4090 323 4097 -
359 4057 419 4121 fere
437 4057 531 4107 litteris
547 4062 608 4121 poet
626 4056 711 4106 breuis
730 4057 822 4107 deletis
841 4057 865 4105 Α
937 4057 970 4107 ιι)
988 4057 1057 4106 enim
1075 4057 1102 4106 in
1116 4058 1170 4120 fine
1188 4071 1277 4108 verene
1295 4072 1342 4108 om.
1364 4059 1387 4106 A
1459 4055 1565 4106 alterius
1590 4069 1681 4104 seeun-

362 4126 424 4176 dnm
447 4139 522 4175 sunm
540 4123 623 4189 legem
646 4125 715 4174 sicut
738 4124 897 4190 supradicti
916 4124 1014 4175 ordinis
1038 4125 1188 4174 immutatur
1206 4127 1231 4177 A
1245 4124 1300 4182 Βς
1323 4124 1427 4176 alterius
1446 4123 1587 4174 secundum
1607 4139 1680 4172 snam

362 4194 461 4261 legem,
490 4194 528 4244 sic
552 4205 682 4260 utsupra
705 4193 767 4243 dieti
791 4192 889 4244 ordinis
915 4195 978 4244 ratio
1003 4195 1150 4244 immutetur
1174 4194 1328 4246 liitscdelt'us
1350 4210 1410 4245 mas.
1436 4193 1516 4245 Rhea.
1541 4211 1564 4244 o.
1592 4191 1681 4246 Vra.

364 4266 476 4330 recep.
492 4265 552 4314 tos.
570 4262 607 4325 cs.
626 4280 654 4329 p.
668 4265 710 4320 47,
722 4265 758 4312 27
775 4273 873 4313 mutato
892 4275 1037 4329 temporum
1056 4264 1108 4313 situ
1124 4279 1152 4329 p.
1166 4266 1236 4314 2520
1254 4263 1382 4327 siquidem
1395 4262 1511 4327 dactylus
1531 4278 1544 4312 e
1562 4261 1640 4328 longo
1659 4273 1684 4311 et

363 4333 463 4384 duabus
486 4333 617 4390 brevibus,
640 4341 799 4398 errepnestus
822 4347 836 4381 e
858 4332 959 4382 duabus
982 4331 1102 4382 brevibus
1125 4343 1151 4382 et
1174 4331 1254 4400 leriga
1276 4333 1370 4399 digesti
1395 4333 1446 4381 situ
1466 4331 1564 4382 ordinis
1583 4342 1681 4381 tentmn

363 4403 510 4468 discrepare
529 4400 665 4452 videantur
733 4402 767 4451 24
791 4413 835 4450 eut
853 4400 964 4467 simplici
983 4412 1028 4452 aut
1045 4399 1145 4468 duplici
1167 4413 1211 4452 nut
1235 4402 1348 4467 sescupli
1368 4399 1506 4467 (sesquipli
1526 4399 1563 4462 A)
1583 4400 1683 4450 ratione

364 4467 450 4526 ΛΒς
529 4481 632 4521 taxatam
651 4467 706 4525 §B
730 4480 831 4519 texetur
850 4469 875 4520 Α
954 4471 987 4521 25
1007 4470 1157 4536 pyrrichens
1176 4470 1234 4522 AB
1316 4471 1349 4520 ιθ
1368 4469 1470 4520 candem
1489 4484 1559 4520 eorr
1578 4479 1682 4519 tantun-

364 4539 422 4590 dem
441 4541 466 4591 A
537 4540 570 4590 29
588 4537 628 4590 vel
647 4549 745 4590 contre.
769 4549 796 4587 nt
813 4540 838 4587 in
858 4539 979 4604 sescuplo
1001 4538 1081 4605 pedes
1101 4551 1166 4604 tres,
1190 4539 1321 4600 bacchius,
1345 4536 1560 4604 palimbacchius,
1578 4537 1683 4605 amphi-

365 4622 466 4658 macrus
494 4623 542 4659 seu
569 4610 691 4659 creticus:
719 4621 778 4657 nem
807 4607 885 4658 modo
908 4609 1019 4659 sublatio
1042 4607 1151 4659 dimidio
1175 4609 1233 4675 plns
1258 4577 1342 4668 ιιιὲι,
1367 4607 1445 4658 modo
1468 4607 1574 4673 positio.
1608 4619 1633 4656 ec
1655 4608 1682 4657 in

364 4677 457 4728 cretico
479 4676 577 4729 Caesar
595 4677 748 4742 Grundzrtpe
771 4678 820 4728 der
838 4677 935 4743 arisel.
956 4677 1013 4744 lily
1015 4677 1101 4729 limile.
1125 4695 1152 4744 p
1177 4681 1228 4728 275
1257 4677 1295 4728 uel
1319 4687 1408 4727 eontra
1431 4691 1490 4726 uem
1517 4675 1595 4726 rnodo
1619 4677 1680 4726 sub-

365 4745 426 4796 letio
449 4744 557 4798 dimidio
581 4747 640 4814 plns
664 4747 741 4798 habet
758 4745 835 4796 modo
855 4747 951 4811 positio
971 4696 1013 4796 noy
1020 4747 1043 4794 in
1064 4746 1184 4813 sescuplo
1204 4747 1282 4814 pedes
1270 4759 1428 4808 sqnanuor
1451 4744 1542 4812 (pedes
1562 4755 1614 4794 tres
1634 4747 1683 4798 ad-

364 4817 592 4880 seriptoinnearp.
607 4817 690 4868 ιιιιΑ
711 4815 815 4896 pedes
809 4815 870 4864 illl
893 4817 950 4866 Vel.
952 4817 965 4882 )
983 4815 1105 4866 bacchius
1125 4814 1326 4882 palimbacchius
1345 4813 1554 4895 nmphyhrarhys
1573 4815 1683 4896 creticus

366 4897 390 4936 et
412 4885 438 4935 in
462 4887 553 4936 cretico
579 4887 604 4937 Α
615 4883 677 4942 ns
707 4883 758 4937 τοῦ
782 4878 815 4936 δὲ
834 4878 970 4950 elytroides
990 4887 1083 4952 costr,
1103 4881 1253 4952 βακχεῖος,
1273 4877 1518 4952 παιιμβιὶιιχειος,
1538 4879 1683 4952 κρητικός.
