3906 5564
339 341 400 410 126
838 341 946 394 usuri
968 339 1160 395 vacuorum

363 458 384 502 p.
398 446 458 490 soar.
473 447 499 490 aa
515 444 537 490 e.
1472 455 1493 498 p.
1508 445 1553 486 mr.
1567 443 1592 486 at
1606 443 1632 488 c.

336 537 406 600 inuio
428 539 452 600 si
476 535 588 600 adicias
610 552 688 615 quae
712 533 806 596 beroo
829 532 1019 606 detraxeras.
1043 531 1072 595 id
1097 542 1144 596 est
1165 531 1349 614 primamet
1363 533 1482 596 tertiam
1499 535 1538 597 ob
1553 537 1658 598 ultimo

336 639 495 724 syllabam,
524 642 575 702 liet
597 655 702 700 versus
724 636 909 708 berousita,

503 761 572 807 nam
595 739 651 806 tibi
675 741 811 806 nascitur
832 758 923 804 omne
945 759 1049 824 pecus,
1074 740 1129 804 tibi
1152 741 1262 804 crescit
1284 748 1314 802 et
1336 738 1461 806 iraedus.
1487 741 1491 826 i

269 877 273 886 ·
336 849 377 914 lia
400 865 492 912 exse
514 864 571 930 pcr
592 845 792 909 adiectionem
808 844 1087 927 detractionemque
1109 853 1266 927 parantur,
1289 843 1419 924 ideoque
1442 847 1657 930 aquibusdam

336 962 517 1036 anapaestus
540 948 737 1032 antidactpius
760 949 858 1013 dictus
881 960 941 1024 est,
972 969 1040 1014 cum
1064 948 1199 1012 ciusdem
1223 951 1412 1030 cognationis
1440 951 1506 1013 iure
1528 953 1685 1034 proximis

336 1059 368 1120 in
392 1056 518 1121 eandem
543 1062 711 1136 temporum
735 1051 833 1134 legem
856 1071 1077 1135 numerumque
1106 1062 1297 1116 concurrant.
1343 1053 1392 1116 bic
1415 1073 1520 1118 versus
1542 1055 1580 1119 ab
1602 1060 1658 1119 ir·

217 1175 220 1183 ⁴
336 1158 467 1226 cbebuio
490 1157 686 1224 arcbcbniius
709 1156 806 1220 dictus
829 1166 888 1234 est,
919 1175 979 1222 non
1008 1160 1074 1240 ipso
1097 1167 1221 1220 auctore
1251 1155 1364 1227 editus,
1395 1157 1447 1220 scd
1477 1158 1514 1222 ab
1538 1177 1575 1222 co
1597 1159 1657 1223 ire·

336 1271 465 1348 quanter
493 1273 671 1346 usurpatus:
702 1281 771 1326 nam
801 1271 831 1324 et
858 1259 971 1343 Ibycus
999 1269 1029 1324 et
1051 1260 1201 1326 Pindarus
1230 1270 1261 1324 ei
1283 1259 1455 1325 Simonides
1483 1262 1541 1326 boc
1570 1281 1658 1326 versu

336 1369 425 1450 longe
442 1376 512 1432 aute
527 1369 575 1432 usi
591 1365 803 1431 ostenduntur.
835 1367 992 1449 proprium
1015 1374 1116 1428 autem
1132 1363 1341 1430 arcbebuiium
1362 1373 1416 1436 est,
1441 1366 1520 1447 quod
1542 1378 1659 1431 constat

336 1474 437 1536 ionico
469 1463 536 1535 dard
564 1465 718 1554 μεᾷονος
745 1469 976 1550 insequentibus
999 1467 1117 1532 dtrobus
1139 1469 1263 1552 dactylis
1291 1479 1322 1534 at
1350 1470 1468 1535 duobus
1496 1472 1655 1535 troobaais.
1673 1499 1698 1538 m

337 1578 445 1659 recipit
467 1585 495 1640 et
519 1583 714 1658 anapaestum
738 1577 769 1637 in
793 1574 851 1636 iine
875 1581 905 1636 ct
926 1572 1094 1656 spondeum
1117 1592 1174 1656 pro
1196 1574 1347 1647 trochaeo,
1371 1561 1429 1638 sed¹
1447 1583 1477 1638 et
1498 1573 1657 1640 bacchium

336 1680 460 1744 abrevi
483 1677 688 1762 incipientem.
734 1677 823 1740 buius
845 1676 1017 1759 exemplum
1040 1686 1086 1741 est
1372 1747 1378 1762 ,

556 1785 615 1848 ianr
639 1801 693 1866 pes
716 1799 811 1846 novus
834 1789 924 1864 atque
947 1788 1065 1844 metron
1088 1781 1187 1865 plac‘et
1209 1781 1382 1846 drcbebuii.

338 1909 398 1954 non
422 1906 585 1971 numquam
609 1888 640 1948 in
664 1885 722 1948 itoc
745 1904 801 1970 pro
824 1888 920 1966 prima
944 1884 1057 1967 syllaba
1079 1885 1168 1968 longa
1192 1886 1270 1950 duae
1293 1886 1402 1951 breves
1424 1895 1595 1971 ponuninr,
1625 1897 1657 1950 ut

597 1989 652 2053 tibi
675 1991 808 2054 nascitur
830 2007 920 2052 omne
944 2007 1052 2072 pecus,
1078 1990 1134 2054 tibi
1156 1992 1266 2054 erescit
1288 1990 1398 2055 berba'
1672 2021 1698 2061 rs

336 2101 407 2163 item
431 2094 626 2162 arcbebulion
651 2119 666 2158 e
690 2094 786 2176 prima
808 2092 923 2176 syllaba
946 2094 1077 2166 adiecta,

601 2215 681 2261 nunc
704 2199 826 2279 pangite
849 2196 936 2260 dulce
961 2197 1056 2262 melos
1079 2198 1156 2261 iovis
1178 2199 1256 2262 aima
1280 2200 1391 2282 proies.

338 2327 406 2372 narn
429 2303 611 2386 sesquipede
635 2302 705 2364 huic
733 2298 867 2372 sublato.
904 2299 945 2364 id'
963 2312 1009 2365 est
1035 2303 1134 2365 ‘nunc
1164 2305 1330 2387 pangite.’⁴
1349 2307 1406 2367 erit
1434 2303 1655 2388 decaspliabum

337 2410 480 2476 alcaicum
503 2404 592 2490 simp
1508 2405 1514 2416 ”
1556 2485 1558 2490 ¹

731 2507 819 2572 dulce
842 2507 937 2572 melos
959 2509 1037 2572 iovis
1059 2508 1136 2572 aima
1160 2509 1269 2592 proles.
1669 2541 1698 2581 ao

422 2617 488 2682 Non
505 2614 729 2698 supersederim
746 2617 836 2677 etiam
852 2611 1043 2685 sallustiano,
1068 2612 1135 2698 [qui
1151 2615 1274 2697 prolluit
1289 2633 1326 2677 en
1341 2625 1532 2698 pentametro
1547 2615 1655 2700 berou]

337 2720 451 2786 ‘laiso
475 2721 654 2802 queritur
677 2717 719 2781 de
743 2727 877 2781 natura
907 2735 973 2781 sua
996 2737 1114 2798 penus
1137 2717 1366 2782 humanum’.
1411 2721 1546 2785 detracto
1577 2723 1656 2784 anim

335 2830 415 2892 ‘sua'
449 2827 506 2888 erit
536 2841 638 2886 versus
668 2825 806 2886 trimeter
836 2823 1044 2904 anapaesticus
1083 2819 1172 2905 [nam
1204 2826 1302 2886 veniet
1331 2825 1362 2886 in
1393 2825 1520 2889 lormam
1551 2835 1656 2909 penta-

337 2925 442 3016 metri]
466 2930 519 2999 sic,

625 3031 711 3108 saiso
733 3031 870 3112 queritur
892 3029 930 3092 de
952 3037 1057 3092 natura
1081 3049 1177 3112 genus
1200 3032 1376 3096 itumanum.
1668 3060 1697 3102 as

337 3139 454 3205 adnexo
476 3134 598 3202 ultimae
621 3135 700 3218 parti
723 3131 823 3198 ‘laiso’
848 3134 906 3196 erit
928 3133 1008 3196 idem
1033 3135 1170 3198 trimeter
1193 3139 1411 3218 anapaesticus,
1436 3139 1467 3200 in
1483 3156 1543 3220 quo
1559 3139 1655 3220 prima

336 3245 455 3327 syzygia
484 3238 652 3304 continebit
680 3246 873 3323 anapaestum
898 3245 927 3300 et
956 3238 1139 3324 spondeum,
1170 3240 1302 3304 secunda
1330 3241 1498 3323 spondeum
1527 3252 1557 3305 et
1585 3261 1655 3306 aua·

335 3355 481 3429 paesium,
505 3346 593 3408 tortia
615 3344 691 3406 dnos
713 3341 880 3426 spondeos,

628 3449 766 3530 queritur
788 3445 826 3511 de
850 3455 955 3510 natura
977 3463 1074 3528 genus
1097 3448 1260 3512 humanum
1285 3447 1368 3514 laiso.
1479 3455 1485 3470 “

423 3553 578 3618 Calabrica
612 3553 700 3616 etiam
731 3568 849 3622 versus,
883 3553 952 3633 quia
989 3553 1108 3613 occasio
1136 3551 1305 3625 admonuit.
1339 3557 1420 3617 inter
1449 3557 1698 3636 anapaestioosm

271 3688 273 3692 ·
336 3657 562 3729 numerabitur,
586 3663 690 3738 utpote
712 3657 763 3735 qui
787 3674 824 3717 ex
847 3665 1009 3737 anapaesto
1032 3664 1063 3718 et
1085 3656 1220 3738 spondeo
1243 3665 1372 3729 constet,
1397 3656 1480 3720 velut

479 3759 627 3824 habeatnr
649 3769 683 3822 ut
706 3767 751 3819 est
773 3768 909 3830 ventum,
934 3758 987 3821 tibi
1010 3778 1189 3842 comprecor
1212 3777 1347 3823 errorem
1371 3761 1510 3828 similem.

335 3885 541 3912 -—-·u-—-
556 3893 560 3910 Ι

381 3973 602 4099 ιῖειιῗὲιοὴιιῆιιι
620 3993 647 4042 p.
666 3979 708 4040 75,
729 3977 771 4025 21.
796 3979 854 4034 111,
875 3977 909 4026 26
994 3977 1026 4026 21
1047 3973 1205 4028 Saliustinno
1226 3975 1329 4040 Quintil.
1354 3977 1448 4029 VIII!
1469 3981 1493 4038 1,
1514 3983 1553 4031 77.
1576 3979 1655 4032 ilion,

335 4065 361 4116 p.
434 4085 441 4112 ι

407 4239 471 4289 lob
491 4237 580 4289 ultima
598 4234 754 4290 omABs
833 4234 912 4298 iqui
931 4233 1076 4284 corastatB
1152 4238 1183 4287 13
1202 4251 1248 4302 pes
1266 4241 1285 4300 q
1304 4251 1388 4287 ucuus
1407 4239 1433 4288 A
1514 4239 1658 4289 lactescit

336 4305 391 4366 eb
414 4317 482 4358 erest
499 4309 523 4358 A
584 4307 615 4357 id
638 4307 730 4356 lucrino
749 4319 822 4370 prom
840 4305 952 4355 indicaui
967 4306 1021 4354 alin
1033 4304 1108 4354 metri
1118 4305 1260 4358 credebaut
1276 4307 1390 4369 definitio
1402 4308 1511 4361 excidit.
1542 4307 1657 4358 aridam

335 4379 469 4446 pertinere
490 4377 610 4428 uideatur
632 4389 697 4441 qraac
719 4373 791 4437 infra
809 4373 840 4422 21
855 4385 880 4422 et
891 4374 925 4425 23
949 4375 983 4424 ric
1004 4378 1166 4438 pentornetro
1189 4375 1269 4428 beroa
1291 4377 1375 4428 alieno
1399 4379 1454 4428 ioco
1475 4378 1565 4443 positu
1586 4383 1655 4434 mat,

336 4451 395 4498 item
414 4445 590 4504 arebebuliou,
609 4443 679 4508 quod
697 4442 805 4510 proliuit
822 4455 854 4491 cit
873 4455 1034 4509 pentametro
1054 4441 1134 4493 beroo
1153 4445 1237 4510 prinus
1255 4445 1354 4511 syllaba
1372 4445 1471 4497 adiecta
1490 4450 1572 4497 ‘uutnc
1589 4459 1655 4512 pan·

336 4517 390 4584 gite
410 4514 485 4567 dulce
507 4514 589 4565 melos
613 4514 681 4564 iovis
704 4511 772 4562 aima
796 4512 902 4578 proies’.
930 4527 987 4562 anm
1013 4511 1098 4562 reniet
1120 4513 1146 4563 in
1165 4512 1272 4566 lcumena
1288 4515 1443 4633 pentametri
1462 4517 1512 4580 sic,
1535 4515 1656 4582 ‘pangite

335 4585 409 4636 duiec
432 4584 514 4636 melos
538 4583 608 4634 loeis
631 4583 750 4645 almaque
771 4582 880 4648 proies’.
908 4580 1066 4648 sesquipede
1087 4597 1143 4649 sqq.
1231 4587 1265 4636 20
1300 4583 1357 4634 ouis
1376 4584 1430 4641 ςΒ
1449 4587 1522 4636 ioucs
1542 4586 1567 4636 A
1619 4643 1624 4656 Ι

335 4655 367 4705 21
388 4653 538 4705 Salustiano
556 4665 574 4709 ς
591 4650 730 4702 sallustiano
748 4649 827 4701 AB:
846 4649 909 4701 Soli.
923 4651 981 4716 lup.
995 4654 1049 4714 1,1
1129 4655 1162 4704 22
1181 4653 1295 4704 detracta
1315 4652 1405 4710 Alte
1482 4655 1516 4705 23
1535 4653 1573 4703 sio
1590 4669 1655 4717 qne·

336 4725 400 4774 ritur
417 4723 450 4774 de
468 4734 560 4774 natura
578 4735 661 4788 gentas
680 4719 820 4770 humanum
839 4734 942 4769 arrnexo
960 4731 978 4775 ς
995 4723 1034 4770 sic
1052 4722 1168 4784 quaritur
1185 4723 1327 4773 lruntttnuns
1345 4723 1378 4772 de
1397 4735 1487 4772 natura
1506 4736 1589 4790 genus
1607 4723 1656 4772 ad-

338 4801 410 4843 necto
430 4795 454 4843 A
469 4791 494 4842 B
554 4791 587 4841 at
606 4788 720 4840 secunda
740 4785 866 4851 (sreuudo
879 4787 916 4850 B)
935 4787 1001 4837 ditas
1021 4792 1156 4856 spondeos
1174 4791 1320 4857 (spondeus
1336 4791 1372 4850 A)
1392 4793 1464 4842 tertia
1483 4803 1655 4858 anapaestum

337 4873 361 4911 ct
379 4861 524 4927 spondeum
544 4861 659 4922 queritur
677 4859 701 4908 A
713 4855 766 4913 Βς
854 4859 887 4907 29
905 4858 937 4906 de
957 4870 1047 4908 natura
1066 4875 1149 4925 genus
1172 4860 1312 4910 ltrtmanunt
1335 4859 1401 4909 laiso
1421 4873 1437 4916 ς
1461 4859 1603 4910 lrunrnunru
1622 4861 1656 4912 de

337 4943 428 4981 uuttnu
446 4945 528 4996 genus
546 4929 613 4978 laiso
633 4929 657 4978 A
673 4927 696 4976 B
