3874 5556
831 403 881 452 nn
906 403 1080 454 sunnanrs
1179 465 1183 474 Ι
1280 391 1285 399 “
1493 378 1517 462 J
1557 391 1621 458 341

294 503 317 546 p.
331 491 391 534 teat.
404 491 430 534 95
442 491 472 532 tc·

501 598 578 662 quaa
600 588 784 664 sequuntur,
808 582 868 642 rim
894 579 1055 644 tenebunt.
1080 599 1169 664 quiam
1193 583 1292 662 prius.
1318 563 1505 668 vocalium.¹

447 704 487 747 ιιι
544 683 622 758 Quin
646 693 676 746 et
698 687 783 766 ipsae
806 701 875 746 cum
899 685 1041 763 lugentur
1064 698 1077 746 1
1101 695 1130 747 et
1152 699 1189 758 ιι,
1214 705 1274 768 qun
1297 686 1448 757 differant.

500 796 534 849 ιιι
556 789 640 870 prior
663 803 800 870 quaeque
824 797 870 850 est
891 787 1003 858 locata,
1028 786 1165 869 proderit
1188 787 1386 870 distinguere.

500 903 515 952 1
537 893 624 973 prior
646 893 673 953 si
697 889 877 964 collocetur,
899 904 923 952 U
945 907 1078 971 sequens
1100 874 1243 972 correpta
1265 895 1306 955 sit

501 1011 540 1055 an
563 995 630 1056 soni
652 991 842 1073 prolixioris,
866 991 946 1055 nulla
970 990 1140 1057 differentia
1165 1006 1220 1066 est,
1313 1054 1317 1060 .
1427 1019 1429 1022 ·

502 1113 673 1160 consonans
696 1097 766 1177 quia
790 1113 911 1177 semper
935 1098 990 1157 ista
1013 1097 1117 1159 iuncta
1140 1097 1173 1160 llt
1196 1096 1357 1162 vocalibus.

448 1219 489 1262 ιιι
502 1199 596 1262 luno
618 1217 688 1262 cum
712 1199 780 1261 dico
803 1207 854 1262 aut
876 1197 1079 1268 iuvencus,
1105 1197 1185 1262 nulla
1209 1200 1380 1265 differentia
1403 1213 1464 1267 est:

403 1375 404 1378 Ἴ
501 1305 614 1386 quippe
637 1315 674 1364 tn
697 1301 901 1382 diphthongos
925 1319 991 1365 esse
1014 1317 1123 1380 graeca
1146 1321 1337 1386 nequaqnam
1359 1315 1468 1386 potest,

502 1405 583 1487 quod
607 1407 676 1468 soni
699 1412 762 1468 tres
784 1403 980 1486 implicentur
1002 1424 1018 1468 e
1043 1404 1141 1466 trihus
1164 1405 1328 1477 vocalibus.

501 1507 622 1591 quando
644 1511 689 1571 eic
712 1525 821 1587 graece
845 1516 982 1580 notatur,
1007 1516 1041 1570 ut
1062 1511 1101 1570 sit
1123 1527 1142 1570 n
1166 1517 1197 1571 et
1220 1528 1243 1572 υ
1266 1511 1373 1598 simule

501 1608 585 1674 doira
607 1613 675 1694 quis
697 1615 725 1673 si
747 1611 957 1693 praelocetur,
982 1621 1043 1672 tres
1066 1612 1204 1675 videmus
1228 1611 1359 1691 voculas,

449 1735 520 1778 moe
544 1713 653 1798 quibus
676 1724 814 1777 constare
837 1733 930 1794 supra
953 1713 1099 1796 syllabam
1124 1717 1310 1796 negavimus.

432 1800 435 1808 ¹
501 1821 547 1882 sic
570 1811 627 1881 lod
650 1815 707 1880 ἰού
730 1818 892 1899 tragoedus
915 1819 1025 1881 Graius
1048 1826 1079 1880 et
1100 1837 1190 1900 ceryx
1215 1829 1311 1892 sonat,

501 1923 546 1985 sic
567 1925 602 1985 io
626 1929 769 1985 matres
791 1919 968 1992 Latinae,
993 1923 1037 1983 sic
1060 1919 1184 1984 lulum
1208 1922 1351 1994 dicimus;

498 2027 574 2107 ¹quia
599 2025 674 2088 duas
696 2024 767 2087 edat
789 2043 913 2087 necesse
937 2021 986 2086 est
1005 2022 1150 2105 syllabas,
1174 2044 1243 2088 cnm
1269 2026 1405 2109 praedita
1430 2039 1488 2101 est,

464 2173 466 2175 -
502 2147 577 2210 quas
600 2127 738 2191 ridemus
760 2139 914 2210 separatas
938 2145 1004 2190 esse
1028 2126 1146 2190 vocales
1168 2127 1255 2198 duas,

450 2249 489 2290 aaa
503 2235 563 2294 rim
586 2229 632 2294 vet
656 2231 783 2294 amittat·
795 2234 945 2313 priorem,
968 2249 1038 2293 cum
1060 2231 1094 2292 nr
1116 2250 1176 2293 una
1198 2231 1330 2313 syllaba:

502 2353 673 2398 consonans
695 2351 826 2415 namque
848 2335 1014 2406 inuenitur,
1039 2334 1161 2415 quando
1181 2333 1249 2411 dico
1273 2335 1392 2398 lulius

501 2442 565 2502 sire
587 2438 682 2501 luno
705 2440 770 2500 siue
793 2439 929 2500 iustus.
959 2455 1051 2519 porro
1075 2457 1142 2500 cum
1167 2437 1329 2519 praecedet
1350 2453 1384 2511 n,

502 2543 695 2605 consonantis
718 2543 778 2604 dm
801 2542 952 2603 ministrat
975 2540 1118 2603 omuibus
1140 2539 1305 2605 vocalibus.

503 2664 579 2708 nexa
602 2663 724 2727 semper
745 2644 821 2707 haec
844 2662 968 2722 necesse
991 2653 1038 2706 est
1059 2643 1203 2727 syllabam
1227 2663 1284 2708 nec
1306 2645 1421 2708 diuidat

437 2765 490 2834 ¹cao
504 2758 535 2811 et
557 2767 666 2811 sonum
689 2755 785 2810 mutet
808 2749 957 2829 priorem,
981 2746 1073 2810 vade
1096 2749 1217 2830 quando
1240 2748 1369 2811 dicimus

503 2849 550 2913 vel
574 2852 703 2914 venito
726 2851 771 2912 vel
796 2849 928 2914 videto
952 2859 1008 2913 tot
1031 2849 1176 2914 volatus
1199 2851 1404 2916 vulturum.

503 2965 572 3018 ante
595 2971 761 3018 consonam
783 2967 807 3014 u
829 2963 952 3034 reperta
975 2953 1037 3016 sola
1061 2956 1122 3018 sive
1146 2957 1174 3017 in
1198 2954 1320 3036 syllaba,

504 3076 600 3121 uuus
622 3067 676 3121 aut
697 3057 763 3120 ubi
786 3057 832 3120 vel
857 3056 952 3119 utrde
977 3066 1007 3120 et
1029 3057 1136 3120 umbo
1160 3057 1281 3137 quando
1303 3059 1442 3138 dicimus,

503 3162 622 3224 obtinet
645 3159 757 3224 roralis
780 3179 883 3232 usum,
908 3163 986 3224 sieut
1009 3175 1022 3223 1
1045 3179 1114 3223 cum
1138 3161 1275 3243 praedita
1299 3172 1356 3225 est.

450 3282 490 3324 ιιι
546 3263 664 3337 Quanta
688 3282 759 3327 vero
782 3267 823 3327 sit
844 3273 978 3347 potestas
1000 3263 1124 3344 singulis
1148 3266 1259 3328 iunctis
1281 3265 1349 3337 sibi,

503 3375 537 3429 ut
558 3371 643 3449 prior
666 3385 875 3450 quaecumque
898 3377 1010 3439 curret,
1035 3369 1093 3430 hoc
1116 3369 1208 3448 pedes
1231 3369 1450 3443 discriminant,

502 3471 678 3535 scandimus
700 3475 727 3534 si
750 3472 871 3554 quaudo
893 3489 1015 3534 versum
1037 3470 1174 3552 quolibet
1197 3457 1295 3534 metro
1318 3472 1432 3537 datum.

503 3593 633 3657 namque
655 3578 683 3638 si
706 3583 856 3638 momenta
873 3565 956 3656 *qaue
980 3576 1041 3636 sint
1062 3573 1233 3638 litterarum
1258 3579 1413 3639 examines

503 3684 722 3741 consonantem
747 3688 799 3741 ant
821 3695 895 3758 quas
919 3695 1042 3741 necesse
1065 3686 1111 3740 est
1134 3688 1335 3742 consonantes
1356 3682 1445 3753 ellici,

451 3801 491 3844 sao
505 3790 624 3862 tempus
647 3798 739 3844 unum
764 3783 822 3843 iam
846 3791 984 3844 tenemus
1007 3799 1074 3843 esse
1096 3782 1246 3863 correptis
1270 3782 1382 3854 datum,

503 3885 574 3948 leina
598 3882 760 3965 productas
784 3883 896 3948 habere
919 3904 976 3947 nec
998 3887 1100 3947 miuus
1121 3894 1312 3967 compertum
1335 3889 1405 3948 erit.

504 3997 623 4070 tempus
646 3996 747 4050 autem
770 4000 971 4052 consonantes
994 3988 1133 4051 dividunt
1156 4006 1248 4050 unum
1272 3988 1365 4051 duaa:
1407 4071 1409 4077 Ι

504 4091 575 4154 inde
598 4109 676 4173 quae
698 4089 808 4172 duplex
832 4090 973 4162 habetur,
998 4099 1118 4172 tempus
1141 4093 1293 4171 integrum
1318 4093 1410 4160 dabit.

503 4211 577 4275 ergo
600 4203 760 4276 correptae
782 4195 902 4275 lugetur
925 4213 984 4256 una
1008 4195 1128 4276 qnando
1151 4213 1321 4258 consonans

297 4335 503 4348 nn*-

365 4407 504 4460 520-664
520 4421 544 4456 o.
564 4405 701 4454 tto-181

296 4511 503 4522 -ι-ι-ι

365 4579 416 4632 oli
436 4595 451 4632 e
468 4578 550 4630 tribus
563 4575 703 4628 Santonica
721 4587 747 4626 cc
764 4572 846 4626 tribus
866 4573 898 4626 M
966 4573 1016 4627 5¹28
1036 4585 1140 4626 notatur
1158 4585 1186 4626 ut
1204 4571 1361 4643 Bnrpeser'ur
1379 4577 1452 4644 apud
1469 4577 1618 4631 Suetonium

296 4661 465 4714 notaturOY
488 4672 517 4714 ut
538 4663 570 4713 M
639 4663 690 4714 530
713 4658 806 4728 supro]
831 4679 854 4712 o.
879 4665 932 4711 407
1001 4662 1051 4712 532
1071 4659 1105 4726 io]
1132 4663 1212 4726 Verp.
1236 4665 1303 4714 Aen.
1327 4663 1387 4714 VII
1406 4664 1572 4732 loo-,claruet
1591 4666 1616 4716 lo
1662 4667 1664 4674 '

296 4759 407 4813 matres,
426 4749 523 4808 audite,
537 4749 580 4798 ubi
593 4763 725 4813 quaeque,
739 4745 846 4797 Latinae
893 4750 943 4799 537
962 4747 1098 4812 praecedet
1111 4747 1251 4798 Briccaeua
1270 4749 1390 4814 procedet
1408 4751 1440 4800 M
1491 4753 1541 4802 549
1555 4767 1618 4804 con·-

295 4847 434 4885 sonantum
453 4846 499 4886 aut
513 4835 664 4886 Petrecr'aur
676 4835 869 4886 Consortantem
888 4844 933 4883 aut
945 4833 978 4883 all
1045 4834 1094 4884 551
1113 4846 1274 4900 compertum
1294 4836 1341 4886 erit
1353 4835 1533 4888 herimannus
1545 4853 1617 4890 oom-

296 4932 397 4987 pertum
415 4933 456 4972 est
474 4921 504 4970 M
522 4932 683 4987 corruperturn
701 4920 781 4970 laubos
801 4920 968 4972 Aldcordtus
1036 4922 1086 4971 ost
1104 4933 1235 4986 correptae
1255 4920 1396 4973 Briasaeres
1414 4935 1534 4991 corrupta
1552 4925 1583 4976 M
1692 4976 1695 4984 ,
