3874 5556
701 401 907 454 nonnarum
926 399 1186 455 ranetrenrvat
1541 399 1605 464 215

369 594 504 676 Longum
529 604 686 658 accentum
712 605 881 658 transversa
906 593 917 654 l
941 591 1040 656 littera
1064 602 1164 662 natat,
1194 591 1316 656 brevem
1341 591 1362 655 C
1387 609 1505 654 sursunt
1536 609 1605 674 spe·
1651 653 1659 676 ‚

283 707 378 762 ctans.
417 699 524 762 sedin
556 699 613 762 illis
634 717 734 770 sonas,
758 701 789 759 iu
811 697 859 759 bis
882 705 1017 778 ternpore
1041 696 1157 760 dinosci
1182 697 1326 760 ridemus.
1367 695 1603 778 adspirationem

282 802 307 866 ll
324 803 474 886 adscripta
492 801 673 886 praestabit:
698 803 722 864 si
738 800 887 880 adscripta
905 819 965 862 tran
985 804 1051 872 erit,
1069 803 1244 864 siccitatem.
1273 801 1321 863 bis
1336 799 1468 863 adicirmt
1485 799 1604 881 lrypbeu

283 908 356 978 iere,
381 925 451 970 cum
475 907 534 970 duo
558 906 647 969 rerba
672 907 757 987 quasi
780 906 811 967 ia
836 922 928 967 unum
952 907 1199 987 pronuntiatione
1222 905 1400 986 colligimus,
1425 913 1451 966 et
1477 905 1604 966 farinam

256 1013 347 1072 setas
373 1010 451 1073 bano
474 1010 588 1072 iacinat
609 1031 658 1072 u:
682 1012 842 1089 utriusque
865 1007 950 1070 rerlti
974 1010 1126 1090 proximas
1150 1007 1263 1071 litteras
1286 1011 1395 1072 inllnxa
1419 1007 1524 1070 subter
1549 1009 1604 1069 rit·-

282 1113 350 1194 gula
381 1116 525 1194 iungunt.
560 1124 594 1175 nt
623 1121 668 1174 est
698 1113 867 1176 ‘Turnus
897 1123 935 1173 nt
963 1121 1050 1174 ante
1081 1110 1241 1174 ralans'.
1287 1115 1357 1173 itnru
1389 1111 1603 1194 apostrophon.

282 1235 350 1279 enm
375 1217 511 1279 vocalem
536 1216 670 1279 ultimam
695 1215 916 1278 subtrahimus:
941 1194 1087 1279 bonosio
1110 1217 1256 1286 namur,
1281 1215 1317 1276 ad
1335 1225 1425 1296 capnt
1440 1219 1507 1278 eins
1530 1234 1599 1276 eon

281 1323 428 1392 sonantis.
460 1324 507 1382 cui
538 1319 651 1381 vocalia
673 1319 826 1382 subtracta
857 1328 919 1387 est.
949 1319 1090 1382 inllexam
1116 1319 1259 1400 negatam
1284 1337 1359 1397 tynae
1384 1319 1420 1381 ad
1444 1337 1510 1380 eam
1536 1337 1602 1399 spe-

282 1434 343 1487 rtat
365 1435 529 1506 apponunt,
554 1426 727 1486 ‘tanton’
753 1442 806 1485 me
829 1424 988 1486 erimine
1012 1423 1165 1504 dignum
1190 1422 1369 1484 dttxisttt’

242 1701 268 1741 10
695 1665 901 1730 llONdTlle
925 1664 1189 1728 FRAGMENTVM

365 1808 421 1868 Ars
458 1806 652 1882 grammatiea
692 1813 814 1884 accepta
853 1823 888 1866 en
927 1803 1075 1866 auditorio
1114 1803 1280 1866 llonatiani.
1340 1801 1503 1866 artificialia
1535 1822 1602 1868 eum

280 1909 456 1971 contrariis.

366 2009 522 2092 Loquendi
539 2008 710 2074 laenitatem
736 2029 807 2072 usus
829 2011 959 2080 invenit,
983 2012 1060 2072 ratio
1084 2009 1300 2093 comprobarit.
1345 2011 1422 2074 ratio
1452 2010 1600 2090 digeritur

280 2117 311 2176 iu
335 2114 410 2200 duas
433 2116 571 2196 species,
601 2133 729 2194 guarum
754 2112 878 2176 aiteram
903 2114 1128 2194 etymologiam.
1153 2111 1278 2175 alteram
1304 2113 1469 2193 atralagiatn
1493 2115 1601 2178 Graeci

240 2217 433 2283 tttlitteront.
478 2217 658 2298 etymologia
687 2227 733 2280 est
762 2217 925 2280 verborum
955 2219 986 2279 in
1016 2233 1072 2278 usn
1101 2216 1252 2279 credibilis
1283 2219 1486 2287 eantaretatio,
1517 2217 1602 2280 ideo·

280 2309 337 2400 t'yue
354 2324 441 2403 quasi
457 2318 480 2404 †
496 2321 646 2400 antelogia
664 2321 741 2382 dicta
758 2330 813 2382 est.
838 2319 1004 2398 analogiam
1028 2323 1073 2382 sie
1096 2320 1202 2382 Graeci
1226 2320 1417 2390 denotarunt,
1434 2313 1601 2402 ἀναλογία

281 2421 353 2488 ἐστὶ
365 2417 545 2506 συμπλοκὴ
559 2421 673 2504 λόγων
685 2417 902 2493 ἀκολούθων,
917 2424 945 2484 10
960 2432 1006 2485 est
1017 2442 1149 2486 cttrtetms
1162 2425 1331 2486 orationum
1345 2428 1603 2505 consetyttentitun.

280 2527 406 2591 lruiusce
429 2525 581 2606 generalis
597 2527 752 2604 analogiae
769 2528 885 2609 species
907 2526 1054 2608 quaedam
1078 2534 1252 2608 spectantur
1274 2529 1305 2588 in
1330 2526 1430 2596 rebus,
1455 2529 1599 2609 tyrrrredam
1682 2521 1686 2529 ’

280 2630 351 2712 in†
374 2630 553 2694 rationibus.
578 2629 654 2693 bane
672 2630 838 2708 analogiam
863 2631 984 2698 Graeci,
1017 2648 1093 2709 qttae
1118 2640 1270 2710 spectatur
1297 2632 1327 2692 in
1351 2631 1541 2702 dictionibus,
1559 2635 1602 2693 sic.

242 2750 268 2789 2⁰
281 2733 472 2802 definierunt.
481 2726 649 2814 ἀναλογία
661 2729 756 2796 ἐστὶν
767 2727 948 2815 συμπλοκὴ
961 2730 1073 2813 λόγων
1081 2726 1288 2796 ἀκολούθων
1299 2730 1338 2796 ἐν
1349 2729 1448 2814 λέξει,
1463 2734 1490 2795 10
1500 2745 1602 2798 estro·

351 2961 362 3008 l
388 2955 508 3026 Longum
532 2955 664 3008 decentum
684 2981 715 2994 --
736 2959 751 3009 9
770 2957 869 3007 duxisti
891 2957 992 3008 Dasitlr.
1013 2959 1083 3014 tna
1110 2957 1178 3014 Viet.
1201 2967 1253 3008 art.
1273 2973 1379 3024 gramm.
1399 2961 1458 3017 100,
1481 2962 1513 3009 21

282 3028 313 3077 10
331 3027 478 3094 annologiam
497 3029 535 3078 sie
553 3027 697 3080 Graeci-
716 3025 805 3086 atas
823 3041 1004 3094 canaparemus
1025 3025 1126 3078 Ciceris.
1145 3029 1202 3092 110,
1218 3029 1252 3078 30

350 3217 363 3266 1
389 3215 496 3282 lortgtrm
519 3227 652 3267 accentum
677 3228 826 3267 transversa
845 3215 855 3266 l
874 3215 957 3266 littera
976 3227 1073 3274 natant,
1099 3215 1199 3266 brevem
1219 3213 1238 3266 C
1257 3230 1360 3266 sursum
1385 3227 1527 3284 spectante.
1555 3217 1601 3268 sed

281 3285 307 3334 in
326 3283 376 3336 illis
395 3299 486 3344 sanos,
505 3285 529 3336 in
550 3285 590 3337 his
609 3297 727 3353 tempora
746 3285 908 3336 dinoscimus
929 3285 1068 3336 Dositbeua
1141 3297 1273 3334 accentum
1293 3297 1310 3342 ς
1329 3298 1487 3336 manutentum
1507 3285 1533 3336 B

282 3355 384 3404 breuem
403 3370 507 3406 sursum
527 3367 663 3422 spectans:
682 3355 729 3406 sed
748 3355 773 3404 ia
793 3355 844 3405 illis
863 3367 980 3421 tempore
998 3366 1015 3410 ς
1034 3354 1138 3404 breuem
1157 3369 1259 3403 sarsum
1280 3366 1439 3422 spectantem
1459 3357 1505 3406 sed
1524 3357 1599 3406 etium

279 3424 305 3472 iu
328 3423 380 3473 illis
404 3422 566 3490 temporali
654 3426 670 3474 3
694 3425 790 3489 scripta
809 3426 954 3490 praestabit
973 3421 998 3472 B
1021 3425 1118 3489 scripta
1138 3435 1300 3487 praestemus
1320 3435 1336 3479 ς
1428 3424 1467 3474 ltis
1487 3425 1602 3476 adiciunt

280 3490 394 3558 lrypltett,
413 3507 471 3542 eum
490 3493 542 3544 dua
562 3494 639 3543 rerba
657 3494 733 3556 qttnsi
752 3495 776 3543 in
797 3508 876 3543 ututm
891 3493 1102 3559 pronuntiatione
1114 3491 1269 3557 colligimus,
1289 3504 1314 3542 et
1332 3492 1439 3542 iuratam
1460 3495 1515 3544 eius
1535 3494 1601 3545 ltnne

282 3561 386 3626 iaciunt,
404 3563 539 3626 utriusque
557 3563 628 3612 verbi
649 3563 782 3627 proximas
802 3561 915 3626 syllabas
935 3561 1074 3614 Dositbens
1091 3562 1151 3612 item
1170 3560 1210 3610 bis
1230 3561 1344 3612 adiciunt
1362 3573 1387 3613 et
1405 3563 1518 3629 hyphen,
1542 3579 1600 3614 cunt

281 3629 332 3679 duo
346 3631 423 3679 rerba
435 3631 511 3693 quasi
525 3633 549 3680 in
564 3645 643 3680 nutant
656 3632 869 3697 pronuntiatione
881 3629 1037 3698 colligimus,
1057 3642 1082 3680 et
1099 3630 1206 3680 iarntam
1221 3630 1287 3680 ltntte
1300 3631 1397 3681 iaciunt
1414 3647 1441 3686 υ
1461 3645 1486 3683 ct
1505 3634 1602 3684 utrius-

281 3713 331 3761 que
343 3699 413 3750 verbi
426 3699 561 3764 proximas
575 3699 672 3750 litteras
690 3699 840 3752 Victorinus
892 3703 909 3750 4
928 3701 1001 3762 qnnsi
1019 3700 1096 3762 (arans
1110 3699 1147 3763 B)
1167 3701 1191 3748 in
1206 3713 1283 3749 unam
1298 3703 1532 3766 promuttintionem
1547 3702 1601 3756 Its

350 3769 366 3820 5
385 3767 509 3818 iaciemus
528 3785 541 3814 e
559 3769 675 3832 atrisque
696 3769 780 3819 arechis
799 3781 816 3824 ς
835 3769 958 3819 iaciemus
977 3797 1012 3818 -
1030 3771 1146 3832 narisque
1164 3769 1251 3818 uerbis
1269 3767 1295 3818 B
1347 3771 1363 3818 6
1381 3767 1495 3836 Turnus]
1520 3773 1599 3836 Verp.

282 3839 349 3888 Aen.
372 3835 469 3887 VIIII
486 3841 521 3888 17
599 3837 751 3888 anteuolans
770 3853 787 3894 ς
805 3837 958 3890 anteuolans
976 3867 1011 3888 .-
1029 3837 1054 3886 B
1131 3837 1292 3904 apostrophe
1310 3837 1366 3893 Βς
1441 3842 1565 3891 innatant
1586 3863 1598 3890 a

280 3907 313 3957 ad
331 3919 408 3973 eaput
426 3919 443 3963 ς
463 3917 553 3957 natant
571 3916 640 3956 stare
657 3906 690 3956 ad
709 3919 788 3974 capnt
806 3905 831 3956 B
900 3909 917 3958 9
936 3901 1047 3973 tantan']
1071 3907 1150 3972 Ver-p.
1173 3907 1238 3957 Aea.
1259 3907 1284 3957 X
1302 3909 1353 3958 000

385 3991 406 4044 0
439 3994 527 4044 eaden
545 3991 733 4044 Ambrosianus
751 3992 775 4042 D
794 3995 845 4044 108
863 3993 910 4056 ias.

388 4074 405 4117 ς
441 4063 521 4114 editio
537 4063 664 4127 princepe
682 4059 745 4111 Iani
761 4061 901 4113 Parrhasii
918 4061 1064 4114 allediolaai
1080 4079 1106 4117 α,
1126 4064 1195 4112 1501

350 4149 382 4199 10
400 4144 587 4197 ΒΟΝΑΤΙΑΜ
606 4145 840 4197 FRAGMENTVM
858 4147 880 4199 G
898 4147 1037 4198 llanntinui
1056 4147 1248 4213 Fragmentum.
1267 4145 1323 4214 lege
1342 4163 1399 4198 cnm
1419 4150 1495 4198 trenin
1513 4161 1530 4205 ς

282 4217 314 4268 ta
331 4211 469 4282 digeritur]
489 4215 611 4283 dirigitur
631 4213 679 4270 ῦς
768 4219 799 4268 15
815 4217 932 4278 sarronae
951 4215 1109 4282 etymologia
1127 4227 1166 4266 est
1184 4216 1320 4267 verborum
1348 4218 1372 4267 in
1398 4235 1446 4269 usu
1469 4219 1599 4270 credibilis

281 4285 417 4344 enanatia,
436 4285 547 4366 ideapue
565 4285 642 4349 qnasi
660 4274 876 4351 diniteoioyia
894 4287 961 4337 dieta
982 4297 1033 4336 est:
1053 4286 1088 4348 es.
1111 4285 1220 4349 Dionys.
1240 4283 1333 4340 Tbruc.
1352 4305 1379 4352 p.
1405 4291 1464 4350 710,
1485 4292 1516 4339 10
1536 4281 1599 4340 ἐτυ-

281 4351 404 4420 palagia
428 4344 466 4414 aia
488 4369 526 4404 αν
549 4351 580 4405 al'
594 4369 638 4413 τις
662 4350 741 4405 sinat
765 4346 982 4423 dindtaalayt'at
1021 4373 1027 4384 ·
1052 4355 1163 4417 ideoque
1185 4356 1260 4418 quasi
1284 4357 1424 4422 battologia
1447 4357 1516 4407 dieta
1540 4371 1595 4407 est.
1617 4413 1618 4416 Ἴ

281 4423 436 4490 analogiam
460 4423 499 4472 sie
521 4423 607 4490 graeei
630 4421 946 4490 dttnttternnt.nnatogta
969 4424 1052 4474 estin
1071 4423 1276 4489 symplace.aid
1296 4437 1336 4474 est
1353 4439 1487 4474 carrucatas
1506 4427 1600 4475 arada·

281 4505 341 4541 nam
360 4493 574 4556 consequentium
598 4492 707 4542 ltuinsee
726 4492 855 4559 generalis
877 4493 1018 4558 ¹analogiae
1036 4493 1137 4557 species
1151 4493 1276 4555 attaednm
1296 4508 1446 4560 spectantur
1464 4495 1488 4543 in
1508 4495 1599 4544 reims:

282 4561 407 4622 quaedam
430 4561 456 4610 in
480 4563 626 4612 rationibus
651 4559 717 4610 hanc
741 4561 896 4626 Analoginm
919 4561 1005 4628 graeci
1029 4575 1095 4622 qnae
1113 4573 1262 4626 spectantur
1280 4563 1304 4610 in
1325 4564 1479 4612 dictionibus
1500 4564 1537 4611 sic
1555 4563 1601 4612 tle·

283 4631 415 4681 tiniemnta
434 4630 564 4697 Analogia
583 4641 623 4681 est
641 4653 653 4678 ι
671 4631 697 4680 id
717 4639 756 4678 est
773 4644 908 4680 cantrexns
921 4629 1046 4681 arationis
1070 4631 1095 4677 in
1118 4630 1231 4680 diutione
1249 4643 1265 4685 ς
1289 4631 1349 4680 idea
1372 4633 1447 4693 tytrasi
1469 4633 1600 4698 annalogia

282 4695 362 4760 (carr.
381 4699 526 4767 molegio,
544 4715 677 4765 superata.
695 4697 776 4759 dieta)
800 4709 840 4748 est
862 4699 887 4748 in
911 4697 1045 4763 symplaee¹
1067 4697 1136 4762 greci
1155 4699 1193 4746 sic
1212 4699 1333 4749 differunt
1350 4714 1484 4750 carraexns
1504 4701 1601 4750 arntia-

283 4781 343 4816 num
360 4771 574 4831 consequentiam
594 4767 702 4817 lutinsoe
720 4767 848 4832 generalis
868 4766 972 4826 (rietatis
984 4767 1069 4817 verbis
1088 4768 1112 4813 in
1136 4767 1426 4831 antiplona-generalis)
1448 4769 1600 4834 annologiam

283 4837 350 4897 greci
363 4838 401 4885 sie
413 4837 591 4887 dilliniernnt.
604 4837 731 4902 Attalogin
745 4847 784 4886 est
796 4836 932 4970 simplam.
945 4874 950 4885 .
962 4875 967 4886 .
979 4873 985 4885 .
997 4871 1003 4884 .
1014 4835 1197 4886 ..inanimatis
1208 4837 1332 4886 orationis
1347 4838 1372 4886 in
1386 4837 1497 4887 dictione
1510 4843 1602 4890 lurttna

281 4908 383 4967 punctis
400 4907 531 4956 natatnC
602 4909 633 4956 19
652 4907 677 4955 in
698 4905 840 4954 rationibus
875 4907 899 4954 in
919 4900 1075 4956 dictionibus
1094 4906 1166 4968 optati
1184 4904 1325 4956 Clarisimn
1344 4909 1475 4972 legendnm
1493 4911 1602 4960 sortierit

284 4971 407 5023 ebatum
425 4974 534 5024 01οα111.
551 4977 601 5039 gel,
620 4976 683 5026 Anz.
704 4977 768 5024 1859
786 4991 813 5040 p.
832 4977 885 5026 222

1340 5061 1394 5114 ts*
