3906 5564
353 332 397 400 80
565 317 576 410 ᾗ
853 335 961 388 uana
984 334 1174 390 vrcaoamr

379 449 401 492 P·
416 436 475 480 ²⁵²⁵·
490 439 515 478 ²⁶
530 435 553 482 Ρ·
1497 452 1518 494 p.
1535 439 1578 482 aa.
1592 441 1605 482 a
1619 439 1644 482 c.

440 526 533 606 lgitur
556 525 717 588 iambicum
749 535 878 588 metrum
904 545 941 590 ne
964 537 1089 608 propter
1118 538 1275 608 angustam
1299 527 1476 592 brevitatem
1504 533 1550 592 sui
1573 531 1669 612 pedis,

293 632 295 636 ’
355 628 496 692 videlicet
518 632 548 692 in
574 632 630 694 tria
656 637 793 710 tempora
809 633 951 703 coartati,
977 632 1068 694 rerba
1090 631 1176 714 plura
1202 631 1390 694 excludendo
1413 636 1514 696 minus
1537 645 1604 716 apte
1619 642 1671 695 aut

354 743 483 796 metrum
515 741 658 818 pangeret
688 741 740 794 aut
773 749 896 796 sensum
932 737 1129 814 exprimeret,
1166 735 1281 818 placuit
1317 736 1524 800 conditoribus
1555 737 1669 801 adscito

295 896 297 902 ,
354 837 489 920 spondeo
513 838 617 919 etqui
651 855 685 898 ex
711 855 748 899 eo
771 855 826 918 per
849 837 1025 901 divisionem
1056 847 1226 921 temporum
1256 841 1422 920 gignuntur
1450 861 1505 923 per
1533 841 1670 923 dipodias

354 942 385 1004 id
408 942 564 1006 scandere.
611 939 691 1002 unde
720 938 854 1021 intellegi
884 941 972 1004 datur
1001 942 1131 1006 iambica
1160 955 1256 1006 metra
1290 961 1326 1005 ex
1355 943 1455 1006 iambo
1479 956 1509 1007 et
1536 945 1697 1026 spondeos

355 1056 384 1110 et
419 1063 524 1108 eorum
554 1042 704 1108 solutione
733 1042 909 1108 subsistere.
956 1064 1024 1108 narn
1055 1065 1091 1109 ex
1120 1045 1221 1110 iambo
1251 1046 1434 1130 tribrachys,
1470 1068 1506 1110 ex
1535 1049 1670 1130 spondeo

355 1159 456 1212 autem
484 1147 582 1212 soluto
611 1145 746 1230 dactylus
778 1157 807 1210 et
841 1159 1022 1230 anapaestus
1054 1158 1207 1216 creantur.
1254 1152 1362 1230 recipit
1395 1152 1495 1231 itaque
1523 1151 1670 1214 iambicus

354 1270 457 1316 versas
480 1254 511 1315 in
535 1250 705 1334 disparibus
735 1251 823 1322 loeis,
854 1270 929 1332 quas
953 1253 1058 1316 Graeci
1090 1247 1253 1334 περισσᾶς
1281 1249 1392 1336 χώρας
1421 1265 1543 1326 cocant,
1574 1256 1672 1318 idest

355 1358 454 1438 primo
479 1359 567 1418 tertio
592 1366 621 1417 et
636 1359 757 1439 quinto,
784 1375 852 1420 cum
878 1366 923 1418 est
939 1357 1082 1434 tragicus,
1107 1359 1274 1438 spondeum
1292 1357 1441 1442 dactylum
1459 1367 1669 1439 anapaestum:

355 1459 479 1542 paribus
502 1469 617 1528 autem,
643 1477 718 1538 quas
741 1452 879 1538 ἀρτίους
902 1456 1014 1540 χώρας
1037 1459 1162 1532 dieunt,
1192 1480 1244 1523 eos
1268 1464 1318 1542 qui
1341 1481 1361 1523 a
1385 1461 1468 1524 breri
1492 1461 1600 1543 syllaba
1623 1465 1669 1524 in·
1687 1478 1711 1519 ro

354 1565 485 1646 cipiunt,
509 1563 539 1626 id
563 1549 608 1625 ¹est
631 1561 764 1626 iambum
789 1563 962 1646 tribrachyn
987 1574 1191 1645 anapaestum.
1240 1577 1325 1629 sexto
1341 1576 1440 1630 autem
1466 1565 1532 1628 loco
1548 1565 1669 1646 qnidam

355 1665 459 1730 voluat
482 1669 578 1748 recipi
608 1665 800 1749 pariambum
831 1685 864 1728 ea
894 1666 1162 1748 contemplatione,
1192 1688 1250 1750 qua
1275 1669 1385 1734 herous
1417 1675 1446 1733 ia
1476 1669 1585 1732 ultimo
1610 1680 1670 1732 tro·

354 1771 490 1834 chaeum.
536 1771 604 1852 lego
638 1779 795 1853 praeterea
833 1771 862 1831 ia
896 1771 956 1833 line
988 1789 1092 1834 versas
1128 1771 1281 1836 dumtaxat
1310 1774 1476 1837 catalectici
1505 1775 1669 1838 tetrametri

355 1875 511 1939 bacchium
528 1895 543 1936 a
569 1875 651 1938 brevi
667 1876 860 1957 incipientem
885 1869 932 1936 vel
948 1872 1186 1956 amphibrachyn
1204 1885 1329 1959 propter
1345 1879 1524 1940 novissimae
1539 1877 1670 1958 syllabae

353 1978 588 2042 indifferentiam
606 1976 617 2062 l}
634 1978 790 2042 admisisse
802 1978 965 2060 quosdam;
984 1980 1014 2040 ia
1030 1978 1088 2040 tine
1106 1987 1205 2042 autem
1221 1979 1375 2044 acatalecti
1390 1982 1512 2044 oorniao
1529 1981 1670 2063 iambum
1687 2005 1712 2044 ra

355 2101 407 2146 seu
432 2082 620 2165 tribrachyn,
646 2083 711 2144 eius
727 2083 918 2162 progeniem,
943 2082 1008 2143 iure
1025 2083 1183 2152 constitui,
1208 2085 1258 2164 qai
1281 2086 1422 2166 adaeque
1440 2087 1471 2147 in
1487 2084 1671 2147 catalecticis

354 2184 516 2248 secundam
535 2185 571 2248 ab
587 2185 692 2248 ultima
707 2184 811 2248 sedem
828 2183 1026 2268 probabiliter
1043 2184 1234 2248 obtinebunt.
1280 2191 1372 2250 movit
1395 2207 1453 2250 aon
1478 2188 1576 2251 nullos
1596 2190 1670 2249 iam-

354 2289 423 2352 bico
454 2298 551 2352 metro
582 2287 757 2351 trochaeum
788 2289 911 2352 minime
939 2289 1058 2350 sociari.
1104 2289 1216 2371 quippe
1246 2309 1315 2354 cunr
1345 2291 1443 2354 tribus
1473 2292 1670 2373 temporibus,

354 2400 388 2455 ut
410 2391 490 2454 idem
514 2392 645 2464 iambus,
677 2402 815 2455 constare
837 2392 987 2463 rideatur,
1015 2403 1121 2474 posset
1144 2392 1264 2473 quidem
1293 2394 1350 2457 sub
1374 2395 1462 2458 baius
1488 2395 1568 2458 modi
1592 2398 1670 2476 pari·

354 2496 437 2559 litate
460 2499 591 2560 misceri.
623 2496 675 2560 sed
699 2515 736 2560 ne
752 2495 953 2578 praecedente
970 2494 1272 2560 iambosubiunctus
1294 2497 1454 2561 trochaeus
1473 2503 1670 2580 antispastum
1685 2524 1713 2564 ea

353 2601 463 2683 pedem
486 2613 536 2664 aut
559 2601 686 2663 ionicum
717 2609 846 2663 metram
872 2599 1020 2672 efficeret,
1051 2599 1169 2681 dempta
1194 2619 1228 2662 er
1253 2600 1353 2663 iambo
1377 2605 1473 2682 prima
1496 2602 1595 2674 lueri,
1625 2622 1672 2664 se·

354 2704 515 2788 quentibus
537 2705 646 2768 debinc
669 2721 724 2784 per
748 2702 887 2766 ordinem
912 2702 1027 2766 duabus
1050 2701 1146 2784 longis
1169 2703 1356 2786 totidemque
1379 2705 1536 2778 brevibus,
1567 2725 1671 2768 consc-

231 2810 236 2822 '
274 2825 277 2832 ·
354 2817 483 2889 queater
505 2816 699 2891 prospectum
722 2817 776 2878 cst,
801 2810 978 2888 praesertim
1004 2827 1040 2871 ne
1064 2807 1091 2869 id
1116 2825 1222 2870 rursus
1245 2811 1276 2870 in
1301 2808 1453 2870 trochaico
1477 2811 1671 2890 interpositas

356 2911 474 2976 iambus
491 2913 555 2994 pari
571 2931 656 2974 more
668 2913 790 2974 laceret.
816 2929 885 2973 narn
902 2921 953 2974 aut
967 2911 1174 2973 choriambum
1191 2921 1242 2972 aut
1258 2913 1390 2975 ionicam
1406 2905 1474 2974 alred
1485 2905 1671 2985 ἐλάσάονος

355 3027 519 3099 praeeunte
548 3015 691 3078 trochaeo
719 3014 897 3078 subiunctas
925 3014 1042 3078 iambus
1072 3014 1207 3096 dempta,
1243 3027 1275 3076 ut
1309 3035 1417 3096 supra,
1455 3018 1551 3097 prima
1583 3015 1711 3096 longara

250 3179 251 3184 ,
355 3122 475 3184 laceret.
507 3119 586 3201 quod
609 3121 743 3202 adaeque
766 3119 957 3182 observatum
982 3127 1027 3181 est
1049 3121 1079 3180 in
1103 3116 1219 3198 dactylo
1243 3126 1272 3178 et
1289 3129 1459 3199 anapaesto,
1483 3139 1522 3182 ne
1538 3121 1668 3202 copulati

355 3223 641 3305 proceleumaticum
666 3242 702 3284 ex
727 3243 758 3285 se
776 3223 908 3286 medium
924 3225 1092 3302 gignerent.
1124 3219 1312 3302 improbatur
1328 3233 1428 3284 autem
1444 3223 1522 3304 apud
1540 3227 1671 3303 tragicos

355 3349 461 3393 versus
484 3348 520 3391 ex
544 3325 681 3390 omnihus
703 3324 811 3389 iambis
833 3329 1027 3408 compositus.
1059 3345 1127 3388 nam
1144 3327 1258 3406 quasit
1280 3327 1409 3406 amplior
1425 3337 1455 3388 et
1470 3347 1524 3408 par
1541 3330 1671 3409 tragicae

356 3433 508 3513 dignitati,
543 3432 740 3513 interponunt
775 3430 964 3512 frequentius
1002 3431 1032 3490 ia
1066 3428 1141 3490 locis
1173 3429 1325 3491 dumtaxat
1359 3428 1525 3511 imparibus
1561 3432 1669 3510 pedam

356 3535 568 3618 dactylicarum
592 3555 692 3598 moras
721 3545 750 3598 et
772 3534 948 3616 spondeum.
992 3533 1131 3594 similiter
1161 3532 1238 3614 apud
1266 3534 1395 3596 coarieos
1423 3533 1518 3596 laxius
1541 3537 1670 3616 spatium
1686 3561 1711 3600 aa

357 3639 493 3704 versibus
527 3640 628 3702 datum
656 3647 710 3700 est.
755 3656 825 3701 nam
854 3647 884 3700 et
912 3636 962 3699 illa
992 3635 1073 3706 loca,
1111 3655 1188 3717 qtrae
1220 3639 1341 3718 propria
1367 3637 1476 3700 ‘iambo
1511 3637 1669 3716 debentur,

355 3744 497 3827 spondeis
521 3750 669 3822 occupant
691 3740 868 3823 dactyloque
892 3749 922 3802 et
943 3749 1105 3822 anapaesto
1133 3740 1209 3803 locis
1232 3741 1364 3822 adaeque
1387 3741 1558 3822 disparibus
1581 3755 1670 3805 atara·

426 3912 440 3960 1
459 3908 541 3974 lgitar
558 3905 694 3955 iambicum
708 3930 741 3941 -
753 3905 824 3968 81,3
844 3901 958 3952 invenies
982 3901 1083 3954 Terent.
1097 3903 1183 3954 illane.
1199 3907 1268 3954 ma
1274 3907 1393 3956 -2212,
1412 3923 1438 3970 p.
1457 3908 1527 3957 2570
1544 3922 1600 3972 apg.

356 3981 389 4030 21
413 3976 624 4044 improbatur-
642 3976 684 4036 81,
707 3976 738 4024 13
762 3972 892 4038 corniagit
910 3972 992 4036 Idalia
1011 3973 1043 4022 de
1061 3982 1132 4023 aneta:
1151 3989 1213 4024 com.
1233 3977 1301 4025 2708
1320 3975 1385 4023 idom
1406 3975 1555 4025 Victorinus
1576 3977 1599 4024 ia
1619 3975 1669 4024 alio

356 4047 414 4100 loco
433 4047 465 4097 de
482 4045 568 4096 iambo
587 4045 625 4095 sic
643 4043 712 4108 dicit,
732 4043 892 4110 improbatur
910 4053 994 4091 etitem
1012 4057 1070 4108 sqq.

425 4187 441 4236 2
460 4195 521 4251 apte
539 4196 556 4239 ς
574 4193 635 4249 apta
653 4183 678 4232 Α
692 4179 717 4230 Β
774 4184 791 4232 t
809 4175 868 4246 qui]
887 4176 954 4243 quite
973 4179 997 4228 Β
1057 4183 1088 4232 10
1107 4195 1121 4229 a
1140 4196 1187 4232 om.
1201 4183 1225 4232 A
1239 4181 1293 4238 Βς
1352 4184 1381 4231 11
1402 4181 1558 4232 tribrachum
1576 4184 1630 4238 ςΑ
1644 4183 1671 4234 Β

426 4257 457 4306 12
477 4249 519 4320 ea]
541 4267 573 4303 ex
592 4252 617 4302 A
630 4250 657 4300 B
668 4263 685 4306 ς
756 4253 787 4300 15
806 4251 832 4300 in
846 4249 923 4299 linem
943 4249 967 4298 B
1030 4251 1061 4299 16
1081 4245 1149 4317 eius]
1170 4260 1194 4300 et
1207 4253 1261 4301 cias
1281 4249 1306 4300 B
1370 4250 1491 4300 constitui
1507 4251 1671 4302 cannarum

276 4396 279 4405 ·
357 4366 490 4416 constituti
509 4363 603 4418 Alis
656 4362 751 4425 quique
765 4362 789 4409 in
810 4363 864 4416 Ας
888 4321 1021 4426 ᾳῗιῗᾳιιείη
1043 4362 1068 4412 Β
1122 4365 1152 4412 17
1167 4363 1328 4418 sedeABs·
1381 4364 1414 4412 ⁸26
1437 4360 1520 4430 priori]
1536 4362 1619 4428 qniB

358 4437 383 4485 ln
396 4435 522 4498 dactylico
544 4433 566 4484 A
581 4431 605 4482 B
618 4443 634 4486 ς
698 4433 732 4481 30
751 4427 881 4497 similiter]
896 4434 1024 4484 Priscian.
1038 4433 1155 4482 demetr.
1172 4431 1277 4482 Terent.
1289 4449 1315 4494 p.
1330 4434 1389 4488 lad,
1403 4435 1418 4481 1
1436 4434 1579 4482 Aemoaias
1593 4434 1670 4481 eriam

358 4504 426 4554 idem
444 4501 580 4553 confirmat
598 4501 638 4550 his
658 4499 752 4558 verbis,
774 4501 866 4549 comici
889 4516 980 4570 poetae
998 4501 1083 4550 laxias
1107 4501 1244 4550 etiamnum
1265 4503 1381 4550 uersibus
1406 4501 1461 4550 sais
1482 4515 1559 4561 otram
1580 4502 1671 4566 tragici

358 4575 471 4639 spatium
489 4571 615 4622 dederant
632 4581 657 4620 et
675 4568 718 4618 ille
735 4581 839 4632 qaoque
857 4569 923 4626 loca.
943 4586 1010 4634 quiae
1024 4570 1128 4635 proprie
1140 4569 1265 4620 debeamr
1282 4569 1376 4627 iambo,
1395 4569 1528 4633 dactylicis
1543 4581 1672 4636 occupant

358 4642 478 4708 pedibus,
506 4641 567 4690 dam
594 4639 752 4688 cotidianum
779 4653 923 4692 sennonem
951 4639 1045 4690 incitari
1074 4639 1163 4689 volunt
1186 4654 1211 4689 er
1233 4653 1248 4688 a
1271 4635 1468 4689 versificationis
1490 4639 1672 4690 observatione

358 4723 530 4778 spectatorem
548 4708 581 4760 ad
599 4721 684 4758 actum
704 4708 739 4756 rei
759 4721 914 4771 convertere,
934 4721 962 4759 ut
981 4724 1031 4758 rica
1050 4707 1117 4758 lictis
1136 4709 1180 4759 sed
1201 4709 1268 4757 reris
1282 4705 1460 4759 allectionibus
1479 4709 1566 4757 inesse
1584 4708 1672 4758 videa·

359 4795 407 4830 mr.
436 4780 470 4842 es.
489 4777 586 4842 Ber-pla
607 4777 699 4829 I’ldlcl.
717 4795 740 4827 a.
761 4775 836 4827 XVI
851 4795 877 4844 p.
896 4782 949 4830 dds
1019 4781 1050 4830 31
1072 4794 1129 4828 uam
1149 4791 1173 4828 et
1192 4779 1226 4827 illi
1246 4777 1300 4825 loca
1319 4791 1421 4839 qrraes‘
1444 4777 1549 4834 lichinus
1568 4791 1626 4826 naar
1647 4791 1672 4828 et

359 4848 394 4898 illi
414 4848 469 4898 loco
488 4849 597 4912 quaeat
623 4861 681 4897 nam
700 4845 779 4897 atilli
798 4847 853 4896 loca
873 4850 917 4910 qai
935 4847 961 4898 Β
1047 4849 1080 4897 32
1099 4848 1214 4911 adaeque
1232 4845 1380 4914 disparibus
1400 4850 1434 4897 ita
1452 4849 1477 4898 A
1492 4847 1546 4903 lae
1567 4847 1672 4910 ltaliam,

359 4917 474 4983 adaeque
492 4917 598 4986 paribus
618 4929 731 4967 ultratus.
756 4917 790 4964 ita
810 4915 937 4984 Berpla'as
954 4920 970 4968 l.
989 4933 1011 4967 e.
