3904 5556
381 319 424 384 24
884 315 991 370 uaau
1013 314 1205 370 moremur

410 433 431 476 p.
446 419 582 465 ilibbbl’.
1530 435 1552 476 p.
1566 425 1598 464 26.
1613 424 1637 464 27
1652 421 1676 465 G.

381 511 556 582 ficareram,
589 513 675 592 prius
698 525 787 587 quam
810 506 933 570 Graecis
957 510 1038 571 inter
1067 509 1184 574 rocales
1208 519 1349 594 repertae
1374 521 1444 574 sunt
1466 533 1487 594 η
1509 520 1539 574 et
1560 533 1596 589 or,
1622 511 1703 596 [eas]

382 617 478 678 ricem
496 633 598 678 earum
622 621 681 676 tarn
700 610 777 694 apud
801 608 869 673 illos
892 606 981 692 quara
1005 613 1084 696 apud
1109 631 1164 676 nos
1188 613 1324 698 explesse
1347 627 1369 676 u
1394 624 1423 677 et
1446 628 1484 686 ος
1509 626 1538 678 at
1566 628 1588 679 0
1613 618 1701 679 etiarn

383 718 475 782 scribi
505 716 623 782 solitam
646 734 703 798 pro
727 713 926 798 syllaba'ov,
961 726 1105 781 natatem
1136 736 1191 802 pro
1214 732 1236 780 Ε
1261 729 1290 782 et
1318 721 1393 791 iota,
1420 717 1424 802 l
1448 720 1643 804 easdemque,
1674 729 1701 781 et

384 833 460 886 oet
482 836 514 891 Ε,
544 823 685 903 quotiens
709 820 897 902 accepissent
918 823 950 882 in
980 821 1038 885 line
1062 824 1136 892 iota,
1166 821 1298 886 datiuum
1323 841 1426 886 casum
1455 823 1533 905 apud
1559 834 1700 904 utrosque

382 925 567 1004 significum
599 934 628 988 et
651 925 757 986 harum
781 926 980 1007 scriptionum
1005 925 1140 1009 exempla
1165 945 1225 989 noa
1249 925 1346 990 solum
1371 945 1406 989 ex
1430 925 1517 990 libris
1541 927 1727 999 veteriores

383 1029 435 1093 sod
466 1031 555 1092 etiam
590 1047 626 1090 er
655 1029 823 1112 peritorum
860 1029 1048 1109 quorundam
1078 1031 1296 1112 scriptionibus
1326 1055 1343 1092 ι
1372 1039 1405 1093 ut
1433 1030 1561 1094 camelol
1589 1033 1698 1114 caproi.

383 1153 452 1196 nam
476 1133 573 1195 nostri
596 1132 706 1196 eruditi
730 1151 790 1195 uno
814 1151 866 1194 ore
890 1131 909 1194 lr
933 1131 1054 1215 quidem
1077 1141 1107 1196 et
1131 1133 1367 1214 insuperracuas
1384 1153 1449 1197 esse
1472 1135 1622 1208 dixerunt,
1645 1155 1701 1198 uec

382 1237 556 1300 indicarunt
583 1250 608 1299 Η
632 1236 711 1316 apud
736 1236 881 1308 Graecos,
911 1239 1085 1319 priusquam
1116 1239 1304 1321 reciperetur
1333 1241 1362 1301 in
1387 1237 1524 1301 ordinem
1548 1238 1700 1309 vocalium,

383 1351 455 1404 tunc
484 1359 552 1403 cum
582 1353 603 1402 u
635 1351 664 1402 et
692 1359 747 1421 pro
771 1338 854 1401 areu
879 1349 907 1402 et
930 1359 984 1422 pro
1008 1338 1097 1419 longa
1120 1341 1318 1414 scriberetur,
1354 1355 1441 1405 acuta
1458 1339 1468 1426 ΙΙ
1486 1361 1562 1424 qtrae
1587 1361 1701 1404 nuuca

384 1444 470 1508 nobls
492 1443 652 1514 scribitur,
677 1442 850 1524 adspiraudi
875 1445 970 1505 vicem
992 1443 1160 1508 obtinuisse
1186 1455 1215 1509 et
1237 1465 1253 1508 a
1277 1447 1389 1508 nostris
1412 1454 1560 1509 retentam
1580 1455 1742 1528 proptera

383 1551 544 1632 peregrina
569 1549 690 1612 nomina
714 1564 793 1609 nunc
816 1549 887 1629 poni
911 1558 941 1608 et
956 1557 1025 1610 ante
1041 1549 1158 1612 vocales
1182 1559 1211 1612 et
1228 1551 1307 1613 iuxta
1331 1569 1348 1611 c
1372 1560 1402 1613 et
1425 1559 1436 1613 t
1460 1559 1489 1612 et
1513 1570 1547 1631 p;
1571 1558 1701 1614 cautem

384 1663 414 1717 et
441 1671 552 1726 nomen
582 1651 724 1715 babuisse
754 1669 772 1730 g
802 1659 831 1714 et
861 1669 948 1714 rasura
978 1654 1178 1733 praestitisse,
1213 1654 1294 1735 quod
1325 1671 1405 1716 nunc
1433 1654 1524 1718 Gaius
1548 1673 1600 1736 per
1629 1653 1703 1717 Cot

383 1757 495 1820 Goeius
517 1773 572 1838 per
596 1754 649 1826 on,
674 1756 809 1834 quamvis
831 1755 990 1837 utriusque
1013 1754 1145 1838 syllabae
1169 1775 1262 1820 sonus
1285 1776 1304 1839 g
1327 1758 1490 1839 exprimat,
1516 1757 1701 1821 scribuntur.

385 1878 458 1941 ergo
482 1869 513 1923 et
535 1858 592 1924 alia
615 1869 774 1942 praetereo
799 1859 834 1922 ad
859 1859 913 1922 bas
936 1858 1051 1924 litteras
1074 1861 1267 1941 pertinentia.

470 1963 503 2027 lu
526 1963 646 2027 deiruto
669 1965 785 2046 apicem
810 1961 960 2027 secundae
988 1961 1122 2044 syllabae
1149 1967 1306 2047 imponere
1332 1963 1448 2028 debetis
1472 1983 1539 2028 nant
1563 1985 1580 2028 a
1604 1964 1744 2027 aleier-1⁵

385 2067 482 2130 vendo
499 2078 530 2131 et
545 2067 742 2150 decoquendo
765 2068 799 2130 lit
822 2067 894 2139 tale,
925 2071 973 2130 vel
987 2067 1068 2150 quod
1084 2067 1279 2139 detrudetur,
1303 2067 1332 2130 id
1350 2078 1395 2132 eat
1412 2067 1565 2131 fraudetur
1582 2079 1703 2132 coctura

384 2180 413 2234 et
436 2173 599 2236 minuatur.
834 2167 839 2174 '
993 2233 1007 2256 ,

314 2357 316 2362 Ι
470 2273 609 2338 Vocalem
633 2274 763 2338 litteram
787 2277 796 2338 i
819 2293 874 2357 pro
899 2277 1077 2338 consonanti
1094 2277 1239 2340 accedere
1257 2277 1448 2340 manifestum
1472 2279 1561 2340 estin
1586 2277 1634 2340 bis
1650 2295 1704 2338 uo·

384 2378 533 2456 minibus,
558 2378 630 2442 lano
659 2380 760 2442 iecore
784 2379 852 2442 love
881 2379 1022 2443 iucundo.
1068 2399 1124 2462 pro
1149 2378 1242 2442 vocali
1264 2392 1365 2444 autem
1381 2380 1458 2444 valet
1482 2381 1615 2444 subiecta
1632 2399 1703 2444 con-

383 2480 560 2546 sonantibus
591 2491 620 2544 et
643 2482 714 2547 iacit
745 2501 825 2547 nunc
849 2482 972 2547 brevem
996 2482 1156 2565 syllabam,
1186 2501 1266 2546 autre
1289 2484 1425 2566 longam,
1457 2497 1489 2548 ut
1516 2484 1592 2548 bibit
1619 2483 1746 2564 otgari>

384 2584 444 2670 [et]
475 2588 547 2649 citat
573 2587 659 2658 ciris,
689 2587 753 2649 dios
782 2587 862 2652 dicit.
908 2585 965 2649 sibi
994 2599 1094 2650 autem
1123 2589 1187 2668 ipsa
1210 2587 1403 2668 subiungitur
1434 2591 1463 2650 in
1487 2589 1547 2660 bis,
1583 2598 1617 2650 ut
1646 2590 1704 2651 aiio

383 2691 485 2754 Troiia
510 2689 611 2773 Gaiius
634 2693 727 2757 Alias.

469 2791 618 2857 Aduerbia
647 2813 758 2857 cuma
788 2792 962 2867 scribenda,
995 2799 1137 2875 quotiens
1166 2793 1288 2858 deciens
1317 2795 1427 2858 totiens
1456 2803 1486 2857 et
1514 2794 1620 2859 similia
1649 2812 1704 2876 per

391 2951 589 2964 m

453 3039 469 3088 2
488 3054 501 3088 e
520 3051 545 3088 et
563 3051 578 3088 o
595 3054 622 3104 p.
642 3039 687 3098 13,
707 3039 730 3086 7.
754 3038 796 3097 28,
810 3039 844 3088 28
914 3039 947 3088 21
966 3037 1015 3088 sibi
1034 3048 1118 3088 nartem
1138 3039 1196 3104 ipsa
1216 3037 1383 3104 subiungitur
1398 3055 1426 3104 p.
1446 3039 1488 3097 27,
1502 3043 1526 3093 9.
1548 3039 1590 3102 35,
1611 3041 1647 3089 25

454 3266 466 3314 1
483 3262 602 3326 fortasse
621 3264 771 3330 priusquam
791 3277 807 3313 a
825 3261 930 3314 Graecis
949 3265 1015 3314 inter
1033 3263 1135 3316 vocales
1155 3274 1271 3332 receptae
1290 3273 1350 3314 suut
1432 3257 1462 3329 η]
1483 3260 1499 3312 h
1519 3263 1543 3313 A
1625 3264 1706 3314 iex-

385 3333 470 3400 please
485 3349 571 3384 ....e
590 3345 614 3382 et
633 3347 648 3384 o
668 3343 692 3384 et
711 3346 726 3383 o
746 3333 820 3382 etiam
844 3334 936 3398 parreia
960 3335 1054 3386 litteris
1075 3341 1135 3399 post
1158 3333 1279 3399 explesse
1303 3333 1395 3384 deletio
1413 3335 1439 3384 A
1462 3331 1584 3398 explesse
1606 3347 1620 3382 o
1642 3343 1667 3382 et
1690 3346 1705 3383 o

384 3403 460 3454 etiam
481 3401 505 3452 B
575 3403 591 3454 3
610 3416 657 3468 pro
676 3401 775 3466 syllaba
798 3417 841 3454 oo.
866 3401 890 3454 E
908 3414 993 3452 utitem
1014 3419 1060 3471 pro
1081 3403 1243 3458 aeliotae
1267 3416 1312 3468 pro
1337 3401 1439 3466 syllaba
1455 3399 1524 3454 cdd.
1547 3413 1633 3452 atatem
1658 3415 1705 3469 pro

386 3472 417 3523 H
433 3483 458 3522 et
475 3471 536 3522 iolla
555 3470 613 3522 AB
625 3485 676 3528 ως
771 3473 787 3520 4
809 3472 834 3520 iu
857 3470 934 3522 linem
957 3472 1019 3524 ἱωιιι
1037 3471 1094 3525 AB
1106 3485 1157 3528 ως
1253 3474 1268 3523 6
1291 3466 1444 3538 peritorum]
1466 3471 1661 3540 praeteritorum
1681 3469 1706 3520 B

454 3544 547 3592 lacuna
571 3555 643 3607 paam
665 3541 778 3592 indicaui
798 3549 908 3606 praeter
931 3543 1031 3595 uerbera
1057 3543 1093 3592 ad
1115 3541 1270 3606 explendam
1292 3542 1446 3591 seutentiam
1469 3542 1656 3602 necessarimm
1680 3547 1707 3589 ιιι

386 3609 489 3660 ostendi
508 3612 547 3662 oei
564 3611 654 3674 simile,
679 3610 814 3661 ιιιὶιιοιαιιο
833 3611 865 3660 dc
884 3609 900 3658 lt
919 3612 1008 3663 littero
1026 3612 1171 3676 inprecaris
1189 3611 1273 3661 verbis
1291 3610 1430 3661 retinenda
1448 3611 1579 3664 excidisse
1597 3609 1705 3668 videtur,

385 3687 412 3730 ιιι
430 3679 523 3730 deinde
541 3677 702 3729 scribendum
719 3679 754 3728 ait
777 3691 804 3728 ut
822 3679 848 3728 iu
872 3678 972 3731 kamelo
998 3694 1022 3731 et
1041 3681 1132 3746 kapro.
1161 3695 1218 3729 ιιιιιιι
1235 3695 1326 3744 parurn
1344 3679 1479 3744 probabile
1498 3686 1538 3730 erl
1555 3677 1662 3728 cameloi
1682 3685 1706 3728 et

385 3749 484 3814 ceproi,
503 3763 568 3815 pirae
586 3749 655 3798 inter
673 3750 793 3812 eoeeruplo
812 3761 826 3797 o
846 3751 870 3798 el
889 3748 896 3796 i
915 3752 1044 3801 coniuncti
1060 3751 1162 3813 scripta
1180 3764 1230 3800 noa
1248 3755 1307 3798 aaut
1324 3765 1408 3814 supra
1426 3766 1453 3815 p.
1474 3751 1544 3806 12,1
1564 3757 1589 3799 et
1608 3751 1650 3811 17,
1664 3748 1705 3806 20,

385 3819 421 3868 ud
431 3816 498 3866 bono
509 3818 665 3882 scripturam
677 3817 838 3878 probandam
856 3833 872 3866 a
890 3821 1054 3882 prmnmatico
1070 3821 1133 3884 ficta
1145 3833 1201 3868 esre
1273 3819 1287 3868 i
1307 3833 1353 3867 uec
1372 3817 1472 3868 lodie-ai
1490 3817 1506 3868 lt
1527 3816 1596 3883 opud
1617 3813 1643 3866 B
1662 3832 1706 3864 uec

385 3875 489 3951 iurligor'
507 3884 524 3936 lr
543 3885 613 3951 apud
632 3902 648 3936 a
670 3885 728 3936 Vol.
749 3900 795 3935 aec
813 3879 924 3952 indagar'
941 3886 958 3937 h
976 3887 1046 3954 apud
1068 3889 1090 3938 A
1111 3902 1157 3936 nco
1175 3886 1330 3952 indagarunt
1349 3885 1387 3952 (ia
1405 3903 1485 3954 aurp.
1505 3885 1568 3937 nlius
1588 3885 1706 3950 iruliguc-

385 3953 454 4020 uror)
480 3955 495 4004 b
518 3953 588 4020 apud
607 3971 628 4004 ω
652 3969 698 4004 aec
721 3955 878 4020 indagarunt
898 3955 927 4006 H
943 3958 1014 4024 apud
1037 3968 1054 4012 ς
1141 3957 1156 4007 9
1180 3967 1255 4006 aerata
1278 3971 1344 4020 «puae
1364 3955 1454 4008 Alica
1482 3971 1511 4006 ac
1532 3957 1568 4004 ita
1592 3969 1657 4018 quae
1680 3967 1705 4010 ς.

382 4024 499 4085 sortasse
522 4021 562 4073 vel
585 4036 670 4086 accita,
695 4039 746 4086 uua
771 4026 877 4074 ratione.
910 4043 967 4076 nora
989 4039 1090 4076 aeratam
1112 4027 1223 4078 vocalem
1243 4041 1294 4092 pro
1337 4026 1444 4076 roducta
1467 4024 1535 4076 dixit
1559 4024 1707 4075 Victoriana

384 4109 410 4159 p.
425 4094 468 4154 31,
481 4095 514 4144 18
532 4093 593 4144 dum
607 4093 782 4159 corripiuntur
799 4107 843 4144 aut
861 4107 997 4158 actitantur,
1021 4095 1114 4162 longas
1137 4107 1162 4146 et
1180 4095 1269 4145 breves
1289 4041 1403 4160 cybebes
1422 4096 1510 4145 metris
1529 4103 1663 4160 praestant
1681 4101 1707 4142 ei

320 4223 322 4228 Ι
384 4179 411 4227 p.
427 4164 471 4227 38,
487 4165 524 4216 33
542 4174 571 4212 ιιι
589 4163 665 4213 rerba
678 4177 725 4212 seu
743 4163 849 4213 nomina
867 4175 948 4216 metro
967 4181 1030 4231 repa
1052 4165 1139 4214 nanda
1157 4165 1195 4214 uel
1213 4165 1336 4230 corripiar
1354 4165 1391 4214 rel
1411 4175 1486 4213 acuat
1564 4164 1597 4212 10
1614 4156 1706 4227 vicem]

385 4245 476 4282 uocem
496 4229 554 4283 AB
565 4245 616 4287 ως
702 4232 732 4283 tu
752 4231 823 4295 qrrod
842 4249 909 4284 utrae
928 4234 1008 4286 (laius
1029 4181 1121 4300 &nius
1135 4235 1163 4296 ς)
1183 4249 1230 4300 per
1247 4233 1266 4284 G
1285 4245 1310 4282 et
1328 4232 1413 4282 iitreus
1433 4233 1443 4282 t
1447 4231 1544 4282 Circius
1558 4231 1586 4294 ς)
1606 4244 1651 4295 per
1670 4229 1707 4280 Cu

385 4301 505 4362 utramuis
524 4313 576 4356 ως
600 4301 670 4366 quod
690 4315 756 4350 rrtruc
776 4302 851 4366 gaias
872 4318 918 4369 per
935 4319 949 4353 c
968 4317 993 4354 et
1011 4302 1078 4355 ‚ou
1096 4305 1188 4370 gneius
1212 4303 1332 4365 qrranruis
1353 4305 1376 4353 A
1409 4317 1460 4364 qaia
1480 4315 1547 4350 rrune
1566 4300 1642 4363 gairto
1662 4315 1709 4364 per

385 4385 399 4418 c
418 4381 442 4419 et
460 4385 491 4420 ra
510 4372 598 4420 cneius
618 4371 737 4434 qrrarauis
756 4369 782 4419 B
862 4375 894 4424 14
912 4388 974 4440 ergo
993 4387 1018 4424 et
1035 4374 1085 4423 alin
1106 4385 1236 4439 praeterea
1258 4373 1281 4421 A
1295 4371 1318 4419 B
1340 4371 1374 4419 ira
1393 4383 1418 4420 et
1436 4372 1485 4419 alia
1505 4381 1638 4435 praeterea
1656 4381 1708 4423 ως

467 4441 499 4490 15
517 4441 543 4488 ia
562 4437 664 4490 delrruo
684 4437 789 4504 Sebadp
808 4457 835 4503 p.
849 4443 883 4491 di
901 4443 961 4494 iude
979 4442 1053 4493 irudo
1075 4444 1100 4493 A
1112 4442 1135 4490 B
1147 4454 1198 4497 ως
1289 4441 1397 4500 debetis,
1425 4435 1495 4504 [llam
1515 4453 1530 4486 8
1548 4435 1707 4487 desel'llefflffl

386 4519 411 4558 et
428 4506 597 4572 decoquendo
616 4507 645 4558 tlt
664 4503 724 4574 iaie]
745 4508 813 4570 ‹prrod
832 4509 947 4577 Scbody.
974 4511 1106 4562 defrutum
1124 4527 1141 4561 a
1160 4509 1388 4573 defervesnriendo
1407 4511 1500 4559 dictura
1518 4508 1596 4557 votuit
1618 4506 1708 4557 Varro

386 4579 459 4641 apud
477 4577 584 4629 Nonium
601 4594 628 4640 p.
649 4581 709 4642 551,
727 4593 744 4627 α
763 4577 951 4639 defraudando
967 4579 1071 4632 Seruius
1089 4583 1116 4630 ia
1139 4579 1217 4646 Verp.
1234 4593 1325 4644 peorp.
1346 4576 1381 4628 II
1398 4579 1434 4627 93
1506 4577 1537 4625 ta
1556 4575 1660 4670 velanni.
1682 4579 1707 4626 A

389 4679 475 4736 Boe
558 4683 590 4733 19
612 4681 671 4731 iane
689 4682 772 4731 iecore
791 4681 841 4731 ioui
861 4681 983 4738 Altae
1072 4683 1184 4734 iocando
1204 4681 1229 4732 B
1319 4682 1352 4732 at
1375 4691 1402 4729 ιιι
1426 4681 1476 4731 aiio
1497 4679 1572 4729 troiia
1593 4679 1663 4745 giius
1683 4677 1709 4744 (a

385 4765 517 4812 saperrcr.
537 4751 565 4813 a)
585 4751 655 4800 niiax
675 4753 697 4800 A
717 4761 743 4800 ιιι
762 4749 813 4800 uilo
834 4753 909 4800 troiia
927 4753 1003 4817 gaius
1021 4753 1092 4802 aiiax
1115 4753 1174 4804 Vol.
1197 4765 1223 4802 ut
1242 4752 1284 4801 aio
1303 4751 1369 4800 troia
1387 4751 1463 4816 gaius
1482 4752 1541 4799 aiax
1560 4745 1586 4797 B
1610 4760 1637 4798 ut
1655 4750 1709 4800 aiio

386 4815 488 4868 Troilus
508 4817 595 4868 Gallus
616 4819 693 4868 Aiiax
711 4833 762 4875 ως
844 4821 877 4869 22
897 4817 998 4886 tiaiius]
1028 4821 1130 4872 Gratius
1150 4821 1300 4874 Scbmitziar
1322 4820 1389 4871 aiud.
1408 4819 1527 4884 ortboep.
1547 4825 1573 4868 et
1592 4818 1710 4884 ortbopr.

386 4889 431 4939 lot.
451 4885 621 4952 (allorcoduri
637 4905 663 4939 a.
683 4889 763 4950 1860)
781 4904 809 4953 p.
830 4893 845 4936 7
863 4891 922 4940 coll.
941 4890 1012 4941 iufra
1029 4907 1056 4955 p.
1076 4894 1117 4952 27,
1137 4895 1152 4940 9
