3874 5556
384 337 449 406 290
833 311 1258 394 ¹arranrrocrrrrarrarrr

411 455 432 497 p.
447 443 506 484 roeo.
521 443 547 484 oo
561 439 584 484 r.
1518 453 1540 496 p.
1552 441 1598 484 seo.
1613 443 1639 484 rr
1653 441 1679 484 o.

466 509 513 593 ‘De
545 529 785 613 anadipiumeno.
832 527 1096 612 anadipiunreoon
1125 551 1160 594 ex
1194 531 1253 596 hoc
1287 533 1405 594 minore
1433 533 1532 594 ionico
1563 535 1703 602 nascitur,

385 633 464 716 qtrori
488 634 527 697 ab
550 634 601 697 iilo
625 635 682 696 hoc
705 633 804 705 distat,
828 634 908 716 qtroci
932 653 947 696 a
971 637 1085 699 cretico
1108 636 1213 718 incipit
1236 645 1266 698 et
1289 645 1335 699 est
1358 643 1570 706 tetrametron‚

661 737 759 800 deieci
782 757 881 820 neque
904 740 1000 804 amori
1022 740 1095 803 «iare
1118 737 1220 802 iudom
1244 738 1318 803 libet
1341 738 1429 802 oltra.

471 841 523 906 Est
546 850 576 904 et
599 840 678 904 alioci
703 861 739 904 ex
763 841 821 905 hoc
844 853 943 908 metro
965 843 1081 916 ionico,
1105 843 1185 925 quod
1208 841 1390 922 gaiiiambon
1414 842 1540 918 dicitur,
1571 844 1651 924 quod
1674 845 1704 906 in

384 948 442 1009 tine
468 947 642 1026 degenerat,
666 964 727 1028 quo
751 946 851 1009 minus
874 949 1023 1030 integrum
1046 949 1180 1010 ionicam
1203 939 1264 1008 ἀπ’
1289 942 1477 1021 ἐλάσσονος
1500 946 1603 1019 iaciat,

613 1048 792 1114 miserarum
816 1060 861 1114 est
884 1071 982 1135 neque
1004 1053 1101 1116 amori
1124 1052 1197 1114 dare
1219 1071 1310 1132 posse
1333 1051 1477 1118 remedia.

472 1155 514 1217 Ex
539 1153 732 1234 irocgenere
756 1157 903 1237 estquod
930 1155 1149 1219 anaclomenon
1173 1155 1351 1236 appellator,
1383 1155 1461 1236 qnod
1492 1155 1628 1217 ordinem
1653 1161 1729 1235 pe·'

384 1259 456 1322 cium
488 1257 655 1320 naturalem
692 1277 726 1320 ac
754 1257 875 1323 solitum
910 1263 1021 1324 amittit
1050 1269 1079 1322 et
1106 1261 1271 1324 immutatis
1300 1258 1411 1341 perium
1444 1259 1704 1338 coniugationibus

384 1362 554 1443 copulatur.
599 1361 760 1424 dimetrum
784 1363 980 1426 acatalectnm

830 1465 960 1548 Papirios
983 1485 1068 1530 amor
1091 1463 1257 1530 columbas.¹
1385 1509 1387 1512 -
1719 1479 1743 1516 10

385 1590 452 1634 nam
476 1580 593 1634 consini
615 1570 769 1651 pyrrichio
799 1579 829 1631 et
852 1570 1002 1633 trochaeis
1026 1569 1144 1632 eiooirus
1168 1580 1198 1634 et
1219 1570 1370 1652 spondeo:
1400 1579 1505 1652 quarta
1535 1572 1616 1632 enim
1646 1571 1705 1651 spi·

383 1675 461 1746 laba,
486 1694 563 1758 qnae
587 1673 677 1736 debet
700 1675 788 1754 longa
812 1692 888 1746 esse,
912 1673 1012 1737 breris
1035 1685 1065 1738 et
1087 1692 1219 1756 sequens
1241 1673 1329 1754 ionga
1353 1684 1408 1745 est,
1433 1693 1522 1757 quarn
1546 1674 1705 1756 oportebat

384 1779 505 1841 brevem
536 1798 611 1840 esse.
639 1774 653 1862 ΙΙ
680 1777 737 1839 iroc
766 1791 895 1840 merrom
924 1781 950 1840 si
973 1781 1156 1856 geminetur.
1188 1777 1257 1840 iacit
1287 1786 1496 1841 tetrametrum
1526 1781 1658 1840 ionicum
1688 1799 1703 1840 a

384 1884 500 1945 minore
524 1882 752 1951 anaclornenon,
778 1881 858 1960 qumi
882 1881 1091 1944 heteromeres
1112 1881 1291 1962 sapphirum
1316 1883 1498 1950 nominatur,
1524 1881 1581 1944 hoc
1605 1882 1702 1950 morio.

615 1968 618 1974 ’
644 1984 767 2049 ·docoit
789 1995 896 2068 patens
919 1985 1060 2048 labellum
1085 1985 1176 2046 bifido
1200 1989 1305 2066 ingere
1328 1987 1419 2048 rictu.
1718 1993 1742 2032 ¹⁵

383 2089 480 2152 simite
505 2098 711 2153 tetrametrum
737 2108 893 2159 inermum,
919 2108 978 2152 non
1002 2088 1276 2169 coniugationibus,

651 2193 738 2256 viridi
761 2193 889 2256 Palladis
913 2192 1020 2256 umbra
1043 2202 1131 2256 sonat
1153 2195 1290 2256 oscinum
1315 2193 1442 2275 ioqneia.

471 2298 530 2361 iias
554 2306 617 2359 tres
639 2300 757 2379 species
780 2297 848 2360 ideo
872 2299 964 2368 iunxi,
996 2300 1136 2379 qrroniam
1161 2315 1257 2377 paene
1285 2295 1364 2358 idem
1388 2309 1458 2360 snnt
1486 2297 1565 2379 qnod
1589 2299 1705 2360 ionicus

382 2395 443 2462 ἀπ’
469 2395 656 2474 ἐλάσσονος
679 2411 734 2464 εει.

838 2591 887 2654 DE
911 2589 1254 2654 Procetcvrtartco
1717 2601 1743 2638 ²⁰

469 2713 595 2786 Quidam
624 2713 758 2776 adiciunt
787 2713 833 2774 iris
862 2721 932 2776 octo
955 2711 1251 2793 proceieumaticum
1284 2715 1331 2775 cui
1360 2731 1414 2774 nec
1444 2711 1513 2775 aridi
1542 2717 1703 2794 quicquam

383 2836 438 2878 nec
463 2820 556 2879 minui
581 2827 692 2899 potest:
723 2817 865 2880 omnibus
888 2819 967 2879 eninr
993 2815 1134 2880 inesibus
1164 2827 1303 2878 constare
1327 2816 1425 2879 debet.
1473 2818 1600 2880 dimeter
1623 2828 1703 2882 cota-

383 2921 508 2983 lecticas

881 3045 934 3088 are
959 3043 1080 3087 nemora
1105 3025 1208 3096 silent,

383 3137 558 3191 tetrameter
582 3125 773 3192 catalecticos

755 3233 902 3295 maritima
926 3234 1034 3294 itinera
1059 3251 1207 3314 peragere
1230 3234 1330 3314 cupio.

915 3424 962 3486 DE
987 3422 1176 3488 paeonico

470 3545 638 3608 Paeonic'on
656 3544 785 3608 'metron
815 3565 851 3606 ex
880 3547 944 3627 ipso
967 3544 1043 3626 pede
1072 3565 1128 3608 stro
1159 3564 1268 3607 nomen
1297 3545 1422 3626 accepit.
1468 3545 1577 3625 recipit
1605 3554 1703 3607 antem

383 3651 412 3710 in
429 3651 578 3731 principio
596 3651 739 3712 creticum
756 3657 877 3730 praeter
893 3651 990 3728 ipsum
1007 3666 1131 3728 paeooa,
1157 3648 1292 3710 citimum
1309 3666 1428 3726 semper
1448 3651 1602 3722 creticum,
1630 3647 1704 3710 eleros

383 3764 484 3816 autem
507 3772 639 3835 paeones
669 3755 698 3816 in
730 3753 838 3816 medio.
885 3751 1055 3833 exernpinm
1086 3755 1242 3833 utriusque
1272 3750 1392 3831 linguae
1417 3751 1420 3832 1
1445 3753 1489 3812 sic
1514 3753 1580 3820 erit,
1612 3757 1742 3814 tetra-³⁰

385 3865 514 3919 metrum
539 3857 747 3920 catalecticum

391 3997 594 4004 ...Η-

453 4069 485 4117 10
503 4065 617 4132 Paphias
639 4065 708 4116 Mer.
733 4065 833 4116 Victor.
853 4068 895 4128 111,
917 4069 929 4114 1
1000 4065 1033 4114 :ii
1053 4079 1100 4113 are
1121 4064 1192 4116 Mm',
1216 4065 1316 4116 Victor.
1336 4067 1382 4127 5³,
1403 4067 1443 4113 11.
1465 4067 1505 4123 78,
1526 4067 1548 4116 7.
1569 4067 1609 4121 1111,
1632 4065 1663 4112 12

504 4197 588 4205 .--—··

453 4275 465 4323 1
487 4273 522 4322 ite
542 4272 754 4338 Arraeiipiomeno
774 4285 791 4328 ς
810 4271 846 4321 De
865 4272 1074 4338 ,irradipiomene
1093 4272 1157 4322 ΑΒ
1233 4274 1299 4322 ‘iob
1319 4272 1361 4322 tito
1381 4271 1552 4327 stertente
1622 4283 1647 4321 et
1664 4283 1704 4320 est

383 4353 546 4392 tetrametros
566 4355 582 4398 ς
601 4354 625 4392 et
644 4341 650 4390 i
671 4355 832 4392 tetrametros
854 4345 886 4396 Α,
898 4357 922 4391 er
942 4343 966 4390 in
987 4352 1149 4390 retranseo-os
1169 4341 1194 4390 B
1298 4345 1314 4394 3
1333 4340 1407 4391 eicite-i
1427 4342 1467 4390 cel
1482 4343 1568 4390 ‹testiti
1587 4340 1704 4391 scriben-

383 4412 439 4462 dum
456 4418 522 4473 erat,
541 4415 566 4462 si
577 4413 651 4463 morlo
664 4421 735 4462 recte
748 4429 765 4461 a
780 4413 886 4468 cretico.
906 4427 956 4463 non
974 4428 991 4460 a
1010 4413 1126 4466 molosso.
1146 4413 1262 4474 incipere
1280 4427 1377 4461 eversum
1390 4411 1459 4460 dixit
1471 4411 1652 4475 prrrnnrtaticnr

382 4483 450 4529 tex
470 4479 519 4530 iroc
538 4494 620 4531 naetro
640 4493 657 4536 ς
675 4493 807 4530 enarnearo
828 4479 888 4530 An
980 4469 1069 4530 δεῦτ’
1088 4470 1245 4538 ἐλάσσονος
1263 4483 1289 4530 in
1308 4485 1399 4530 torono
1417 4491 1502 4534 σπις
1588 4479 1704 4545 θροεεε

384 4550 495 4599 remedia
521 4551 553 4602 L.
573 4551 701 4600 Milterrra
723 4551 756 4600 de
778 4566 809 4598 re
831 4557 905 4602 metr.
928 4555 999 4614 poet.
1024 4547 1119 4614 int.'p.
1145 4551 1193 4598 100
1217 4552 1301 4616 possit
1326 4548 1437 4598 remedia
1462 4547 1525 4599 AB
1549 4563 1703 4614 possessore

383 4619 467 4668 inedia
487 4631 503 4674 ς
574 4621 589 4670 i
609 4619 803 4669 arrnciromenon
821 4631 837 4674 ς
910 4623 940 4668 14
959 4619 1153 4668 anacimmenoo
1174 4621 1243 4682 qumi
1264 4632 1416 4668 ereromeres
1436 4617 1570 4684 apeiininr,
1590 4615 1703 4683 Sappin-

382 4701 439 4735 cnnr
463 4687 511 4738 icoc
531 4690 643 4743 moetos
710 4691 741 4739 15
760 4688 839 4737 bitirio
860 4687 1026 4752 (inisset-{tine
1043 4688 1135 4736 «iit'tirio
1157 4689 1243 4744 ΑΒς
1308 4688 1337 4737 lt
1357 4683 1444 4754 virini]
1466 4687 1579 4736 oroth
1600 4700 1627 4734 or
1645 4689 1702 4736 rudi

383 4755 431 4811 ς11
503 4759 534 4806 18
553 4759 622 4820 orroei
643 4759 752 4807 ionicus.
778 4761 848 4806 ame
869 4773 973 4806 nemora
993 4757 1078 4805 siit-nt.
1093 4756 1098 4820 Ι
1115 4755 1151 4804 De
1169 4758 1296 4806 Paeorrieo
1312 4755 1317 4821 Ι
1334 4755 1485 4804 Paeonicorn
1505 4771 1537 4804 ex
1555 4757 1615 4821 ipso
1634 4767 1651 4810 ς

382 4828 416 4874 ‘24
433 4841 495 4873 rtrres
511 4829 533 4874 ,1
553 4833 579 4875 rt
596 4834 622 4877 nt
642 4826 780 4878 nideror-B
847 4828 880 4876 ‘ro
899 4825 1004 4891 itinera]
1025 4839 1110 4874 tenera
1131 4825 1183 4876 AB
1237 4841 1361 4893 peragere
1380 4823 1405 4874 B
1423 4839 1550 4890 proagere
1571 4826 1593 4874 A
1669 4827 1703 4875 ‘29

383 4895 409 4942 in
429 4895 556 4960 principio
576 4910 658 4952 ones
730 4911 813 4962 prona
833 4896 919 4944 nirima
940 4897 1042 4948 einosq
1114 4897 1229 4945 oirinnrnr
1250 4911 1352 4961 serrtper
1370 4896 1490 4943 eroticmn
1509 4909 1556 4948 om.
1576 4891 1640 4946 AB
