3906 5564
632 327 713 384 aar.
731 321 842 383 onata
860 327 933 383 ura.
953 327 995 380 111
1015 328 1085 392 aar
1103 351 1137 364 -
1159 325 1227 388 aaa

98 423 101 434 '
187 395 190 400 ¹
297 427 470 486 patrator.

271 517 376 584 ultima
398 517 559 600 singularis
582 521 641 582 erit
662 517 781 602 syllaba·
798 535 834 580 vo
857 517 977 590 initiali,
1007 526 1041 582 ut
1064 517 1160 589 rides,
1185 516 1321 598 dempta,
1352 515 1483 595 quaein
1506 513 1591 596 prin·

271 624 350 704 cipio
373 621 537 705 dactylum,
568 625 599 686 in
622 624 728 688 ultimo
751 620 919 705 spondeum
943 622 1023 686 lacit.
1070 624 1128 686 erit
1151 638 1237 703 ergo„
1253 621 1470 702 anapaesticus,
1485 633 1592 680 versus

270 725 354 799 talis,

533 813 604 880 tuba
628 813 797 878 terribilem
820 815 952 877 sonitum
976 812 1080 897 procul
1104 832 1174 877 aare
1198 830 1334 876 recurro.

244 946 258 990 s
357 916 381 981 Ε
409 916 507 982 tribus
534 929 635 983 auteur
664 919 836 1000 anapaestis
864 919 1036 981 coniunctis
1065 917 1170 980 ultima
1199 917 1247 980 iris
1274 913 1388 998 syllaba
1417 912 1591 977 catalectioa

169 1051 194 1063 ··
272 1020 433 1085 accedente
461 1041 515 1087 seu
544 1023 661 1087 duabus
691 1021 854 1103 (interdum
890 1023 971 1084 enim
1008 1019 1177 1106 [spondeus
1211 1039 1266 1104 pro
1300 1027 1463 1102 anapaesto
1493 1025 1591 1082 metro

272 1127 413 1207 exigente
435 1125 573 1211 ponitur]
605 1137 635 1191 et
661 1127 738 1192 duae
760 1127 971 1208 reperiuntur,
1000 1144 1078 1209 qrrae
1106 1136 1206 1189 tarnan
1236 1125 1463 1188 convenientem
1494 1130 1592 1187 metro

272 1248 332 1318 non
355 1229 487 1294 alliciant
509 1231 632 1312 pedem,
662 1239 697 1295 ut
725 1231 834 1294 merito
864 1230 1057 1294 catalecticus
1087 1246 1193 1294 versus
1222 1226 1380 1309 eliciatur)
1409 1225 1592 1290 formabitur

273 1335 384 1416 epodos
400 1353 436 1398 es
452 1337 643 1418 anapaestico
664 1353 725 1400 non
748 1333 861 1398 absone
884 1343 982 1398 metro
1005 1333 1100 1398 berno
1123 1331 1322 1415 respondens,
1346 1329 1590 1394 necimmerito:

234 1458 340 1510 senam
363 1447 494 1504 reuecta
524 1439 618 1502 beroe
641 1438 880 1523 penthemimere
909 1448 990 1502 tome
1012 1456 1084 1522 pars
1109 1439 1175 1502 eius
1204 1435 1324 1499 residua
1353 1433 1431 1498 banc
1459 1433 1589 1516 epodnm

272 1543 369 1616 dabit,
391 1542 473 1607 velut
496 1548 578 1606 ‘ros
600 1561 619 1606 o
642 1542 848 1626 Calliope,’
872 1541 982 1606 debinc
1005 1545 1161 1626 ‘precor
1184 1540 1383 1623 adspirate
1406 1538 1590 1602 canenti'.

272 1647 301 1712 ld
325 1651 385 1712 erit
408 1645 468 1732 [in]
491 1649 682 1732 anapaestico
705 1666 760 1730 par
783 1645 949 1719 assimile,

712 1771 779 1816 mea
802 1749 874 1814 tibia
897 1751 998 1814 dicere
1021 1747 1163 1834 versusl

272 1854 350 1936 quod
374 1857 399 1918 si
421 1856 601 1938 coniungas,
625 1857 699 1921 lacit
1156 1933 1157 1939 ἵ

231 1988 259 2030 es
413 1977 416 1987 ·
581 1978 632 2024 vos
655 1980 673 2023 o
696 1959 832 2044 Calliope
852 1977 920 2022 mea
943 1957 1014 2021 tibia
1038 1958 1138 2022 dicere
1161 1975 1284 2022 versus..

271 2066 344 2140 item
360 2065 584 2145 ‘praeterea
607 2063 678 2127 duo
702 2067 798 2137 nec’,
821 2065 932 2127 debinc
955 2063 1049 2126 ‘tuta
1074 2060 1166 2126 mibi
1190 2060 1290 2125 velle
1312 2062 1485 2145 reperti’.
1520 2059 1592 2122 bulo

272 2167 369 2231 simile
396 2169 637 2251 anapaesticum,
668 2170 916 2250 ‘cuicumque
947 2166 1087 2231 libebit
1113 2175 1153 2229 ut
1185 2168 1312 2230 istos’.
1357 2163 1429 2228 inde
1458 2162 1593 2244 intellegi

272 2271 361 2336 datur
385 2289 420 2334 es
445 2270 535 2337 leuius
558 2271 641 2335 modi
664 2273 863 2354 anapaesticis
886 2271 1009 2334 carm'en
1038 2269 1112 2333 illud
1136 2270 1288 2342 laliacum,
1313 2268 1392 2352 quod
1417 2275 1592 2332 constater

272 2375 417 2458 spondeo,
442 2375 561 2440 duobus
583 2376 753 2457 anapaestis
776 2383 807 2439 et
828 2373 957 2457 syllaba,
982 2392 1049 2439 esse
1071 2375 1280 2458 compositum,

235 2507 260 2551 ee
542 2563 544 2568 Ι
666 2477 1202 2543 uudaeundecolonuseoae

666 2583 863 2648 allumine
886 2585 990 2647 venit
1011 2581 1166 2654 Oronti,

274 2687 378 2751 ultima
406 2687 578 2752 catalectica
613 2686 819 2770 superlluente
858 2684 982 2769 syllaba.
1034 2685 1260 2768 suggerentium
1290 2695 1391 2749 tamen
1420 2684 1591 2749 necessario

274 2809 358 2863 reor,
383 2810 422 2854 ue
445 2790 523 2854 lorte
546 2790 624 2872 apud
648 2791 777 2875 aliquem
801 2793 912 2856 mirum
935 2800 986 2854 aut
1008 2807 1118 2854 uorum
1142 2793 1195 2865 sit,
1225 2791 1249 2854 si
1274 2793 1400 2854 mixtum
1423 2789 1593 2870 anapaestis

273 2895 442 2976 spondeum
464 2896 625 2959 irrreuerit.
672 2915 741 2960 nam
769 2915 838 2960 cum
868 2903 897 2960 et
928 2903 1110 2976 anapaestus
1138 2905 1169 2958 et
1195 2892 1329 2976 dactylus
1352 2891 1411 2977 [at]
1436 2911 1453 2954 e
1475 2889 1593 2954 duabus

235 2998 399 3081 respondet
421 2997 519 3080 longis
542 3017 624 3064 nuno
646 3001 743 3082 prima
766 3018 848 3064 nunc
863 2998 995 3062 secunda
1019 2999 1121 3062 divisis
1145 2997 1216 3062 editi
1239 3015 1307 3062 esse
1323 3003 1496 3067 noscantur,
1521 3013 1595 3058 con-

273 3111 436 3186 sequenter
457 3121 492 3166 ac
516 3107 626 3170 merito
648 3113 683 3194 ut
703 3121 816 3186 parens
839 3104 995 3185 utriusque
1018 3101 1097 3183 apud
1114 3101 1243 3166 alterum
1260 3119 1366 3165 eorum
1383 3101 1593 3163 auctoritatem

273 3208 431 3270 maximam
455 3207 603 3270 obtinebit
624 3217 670 3280 et,
694 3206 800 3271 ubiubi
823 3225 896 3270 usus
922 3208 1072 3287 exegerit,
1102 3205 1189 3290 inlter
1211 3213 1390 3286 anapaestos
1412 3203 1512 3266 locum
1534 3202 1593 3266 sibi

274 3309 441 3392 usurpabit.
487 3328 586 3392 neque
614 3312 672 3375 boo
693 3310 813 3376 silentio
836 3309 1028 3383 tradiderim,
1057 3329 1124 3374 esse
1147 3312 1236 3374 etiam
1266 3309 1392 3373 alteram
1415 3306 1593 3372 faliscorum

273 3415 440 3477 carminum
463 3417 596 3497 speciem
619 3418 658 3480 ita
681 3416 844 3498 digestam,
873 3424 906 3478 ut
928 3435 945 3476 e
969 3413 1065 3478 tribus
1087 3412 1212 3496 dactylis
1240 3423 1268 3476 et
1291 3410 1391 3476 iambo
1416 3410 1520 3476 ultimo
1542 3430 1592 3473 or·

236 3517 373 3589 „dinato
397 3517 557 3592 subsistat,
582 3519 663 3582 velut
1367 3521 1370 3528 ’

646 3633 753 3705 pergat
775 3625 870 3686 amica
895 3624 995 3684 Venus
1017 3623 1107 3686 modo
1130 3624 1216 3686 iocis.

341 3777 397 3829 sa
416 3777 497 3830 tribus
517 3805 550 3816 -
567 3780 602 3832 28
621 3779 758 3847 usurpabit
780 3778 884 3830 Terent.
903 3777 991 3830 Maur.
1011 3775 1191 3832 taor-18³8

253 3958 255 3964 .
340 3917 524 3984 banapaestls
542 3918 699 3968 coniunctim
719 3917 773 3974 sB
796 3929 951 3984 anapaestes
969 3909 1135 3968 coniunctum
1154 3917 1180 3969 A
1250 3915 1419 3982 bspondaus
1437 3941 1467 3954 ·-
1490 3916 1595 3984 ponitur

274 3987 442 4054 adeapaoe
462 3990 648 4056 sequereturne
670 3990 785 4055 margine
803 3989 939 4053 adamipto
960 4002 1017 4038 erae
1034 3987 1155 4038 videatur
1223 3985 1418 4052 'ireperientur
1436 3984 1462 4036 B
1531 4000 1592 4036 oon-

275 4055 416 4106 ueuientem
435 4056 492 4114 §B
508 4059 679 4108 corruenlente
697 4058 722 4108 A
789 4059 820 4109 10
857 4055 1093 4107 enthemimerisme
1112 4071 1173 4122 pnrs
1193 4053 1257 4106 AB
1274 4053 1478 4121 penthemimere
1496 4068 1594 4121 paras·

331 4125 445 4192 epodum
464 4138 481 4183 ς
499 4125 600 4192 epodus
619 4125 684 4176 AB
746 4128 776 4177 11
797 4072 856 4193 eosq
879 4125 960 4192 Verg.
974 4125 1041 4176 Aea.
1059 4125 1155 4176 VIIII
1167 4127 1220 4176 525
1281 4138 1373 4190 precor
1392 4123 1448 4181 ςΒ
1471 4139 1549 4190 preor
1567 4125 1592 4175 A

334 4221 366 4271 ta
384 4221 551 4286 anapaestico
570 4235 618 4288 par
634 4235 665 4270 ac
678 4219 762 4270 simile
779 4233 836 4271 mea
854 4232 872 4276 ς
890 4221 1025 4286 anapaesti
1044 4219 1154 4286 copulae
1172 4201 1326 4270 similam‘ffll
1354 4219 1491 4285 anapaesti
1509 4217 1595 4269 simile

274 4303 329 4340 mea
345 4287 404 4340 Vol.
422 4291 591 4357 anapaestico
603 4287 688 4340 simile
700 4303 757 4340 mea
777 4287 814 4340 B:
837 4288 918 4356 Verp.
931 4287 1049 4347 burcii,
1063 4293 1105 4341 21.
1129 4287 1230 4340 Terent.
1245 4289 1332 4340 Maur.
1351 4290 1417 4338 1811
1472 4291 1505 4338 14
1523 4291 1592 4350 qrtod

274 4359 295 4408 ei
313 4358 459 4426 oonlrragas
475 4383 511 4397 -
528 4360 560 4410 tt
577 4373 670 4410 versus
694 4357 742 4410 lroe
764 4362 820 4410 loeo
838 4360 933 4420 omissa
948 4365 1010 4423 post
1030 4360 1062 4409 17
1081 4359 1146 4409 istos
1165 4358 1260 4410 iubent
1277 4360 1303 4410 A
1315 4355 1371 4411 Bs
1459 4359 1491 4408 lb
1510 4371 1558 4407 uos
1578 4371 1593 4406 o

274 4426 382 4494 calliope
404 4429 495 4497 Vada
517 4443 584 4480 noan
603 4431 686 4492 (corr.
705 4426 764 4492 uos)
784 4441 799 4490 o
817 4427 963 4494 calliopeA
982 4441 1030 4477 uos
1048 4427 1159 4495 calliope
1177 4425 1203 4477 B
1290 4427 1323 4478 16
1341 4419 1487 4493 praeterea]
1511 4427 1592 4491 Verp.

274 4495 353 4552 boeot.
371 4499 445 4555 md
514 4496 609 4549 debinc
625 4512 673 4550 om.
691 4499 715 4547 A
730 4494 784 4553 Be
850 4498 881 4548 17
899 4495 985 4546 simile
1002 4509 1020 4554 ς
1038 4497 1149 4547 similem
1170 4496 1229 4548 AB
1297 4496 1451 4558 cuicumque
1488 4494 1593 4547 Terent.

230 4595 233 4602 ·
275 4565 362 4618 Maur·
385 4568 455 4618 rau
508 4569 541 4620 ts
558 4561 747 4636 anapaesticis]
767 4565 916 4633 anapaestis
936 4565 1026 4620 Arte
1088 4565 1151 4617 illud
1169 4578 1187 4622 ς
1205 4563 1360 4617 illum.AB
1413 4565 1450 4615 la.
1466 4565 1548 4614 iseurn
1568 4563 1593 4614 A

343 4637 380 4691 19,
392 4635 495 4687 duabus
514 4635 541 4686 B
609 4635 747 4689 intrandae
766 4633 834 4684 unde
851 4634 960 4685 colonus
980 4634 1145 4686 Camerarius
1168 4637 1237 4685 trude
1255 4633 1339 4684 rendae
1357 4633 1466 4684 colossus
1485 4646 1503 4689 ς
1526 4633 1594 4684 tanda

275 4705 381 4756 colonos
401 4705 426 4756 A
439 4703 479 4755 B:
497 4706 532 4769 cf.
555 4703 659 4758 Terent.
676 4703 847 4756 Mnus-,1821
917 4705 951 4754 22
970 4705 1163 4772 suggerendum
1183 4718 1201 4762 ς
1218 4703 1437 4770 suggerentedum
1453 4705 1476 4752 A
1497 4717 1594 4770 sugge-

165 4797 170 4818 ι
276 4789 343 4825 rente
361 4773 388 4824 B
444 4775 477 4826 nt
497 4775 585 4826 ubiubi
604 4790 668 4825 rasus
688 4776 713 4825 A
738 4773 779 4823 arbi
800 4787 863 4822 ueris
883 4770 938 4830 ςΒ
983 4775 1106 4841 exigerit
1124 4773 1149 4824 B
1166 4774 1223 4824 Vol.
1242 4773 1333 4823 exierit
1351 4788 1420 4824 corr.
1438 4773 1549 4838 exigerit
1568 4775 1594 4824 A
1697 4831 1701 4838 ,

341 4845 408 4894 inter
420 4853 577 4910 anapaestos
597 4843 623 4895 B
634 4861 650 4894 o
668 4845 758 4898 Vobs
776 4843 802 4892 in
822 4853 978 4909 anapaestos
999 4847 1020 4896 A
1087 4843 1120 4895 28
1139 4841 1303 4910 usurpablts
1322 4842 1460 4909 usurpauit
1472 4841 1534 4899 AB

274 4912 421 4964 tradiderim
440 4915 473 4963 Εῖι
491 4915 567 4964 etiam
586 4913 612 4964 B
628 4913 688 4967 Vol.
706 4912 855 4964 tradiderim
878 4949 902 4965 ..
926 4914 1001 4964 etiam
1023 4915 1046 4966 A
1066 4913 1213 4964 tradiderim
1233 4912 1310 4964 etiam
1332 4923 1349 4974 ς
1442 4981 1446 4990 ¹
