3850 5560
801 355 850 404 nn
872 354 995 406 hrono
1398 367 1402 376 ·
1492 337 1555 404 641

125 513 131 522 ’
192 557 197 566 ’
232 536 350 594 constat
374 549 411 594 ex
434 528 525 612 longa
548 537 580 595 et
601 529 687 594 brevi
711 537 741 592 et
763 529 861 612 ionga,
884 530 914 594 id
939 542 985 596 eat
1000 550 1038 595 ex
1062 529 1206 596 trochaeo
1229 538 1259 595 et
1281 533 1437 613 semipede
1454 531 1555 614 longo,

233 635 321 697 ouius
344 631 515 726 exemplum
533 634 604 698 iacit
618 640 838 706 tetrametrum,
863 651 954 714 quem
970 654 1025 698 nos
1041 637 1221 716 quadratum
1237 653 1387 708 vocamus,
1411 655 1470 701 non
1487 638 1557 720 qula

233 744 376 820 quattuor
397 737 491 821 pedes
514 737 634 808 haheat,
657 737 711 801 scd
734 739 805 820 quia
827 737 936 800 lerltur
953 746 1070 821 quater,
1094 741 1180 802 utin
1204 741 1343 802 trimetro
1367 739 1557 803 demonstra·

232 840 345 910 rimus,
374 858 465 923 quem
488 861 505 904 a
528 859 656 906 numero
679 845 909 923 percussionum
933 841 1042 904 Graeci
1065 844 1225 906 trimetron
1249 840 1411 926 appellant
1452 853 1558 906 versus

133 979 142 994 ·
206 941 301 1007 stalis
325 953 380 1016 est,

389 1047 531 1112 Socrates
553 1048 660 1113 heatus
681 1047 732 1111 ille
754 1048 808 1131 qui
830 1045 937 1130 procul
961 1049 1090 1128 negotio.
1227 1028 1236 1044 ⁸

302 1237 458 1294 dirimetou
478 1237 499 1290 S
567 1239 584 1291 6
603 1238 710 1306 negotio
727 1234 856 1289 ituris

795 1378 1001 1394 -m

812 1573 815 1578 ·
882 1530 915 1603 V

321 1685 364 1750 Ex
387 1685 491 1749 codice
515 1683 884 1757 Woiienbutieiano,
909 1687 982 1751 olim
1000 1685 1288 1768 weissenburgeusi
1311 1681 1363 1756 86,
1387 1701 1469 1748 nouo
1493 1701 1557 1747 sae·
1685 1693 1689 1699 '

234 1789 303 1852 culo
331 1790 447 1872 scripto
475 1787 683 1869 heusingerus
715 1797 784 1872 post
811 1787 942 1852 Mallium
972 1789 1168 1854 Theodorum
1196 1810 1226 1873 p.
1250 1786 1291 1853 tl
1315 1808 1378 1871 sqq.
1416 1793 1558 1870 excerpta

235 1892 390 1975 quaedam.
406 1893 534 1956 metrica
558 1891 668 1964 edidit.
699 1909 776 1973 quoe
799 1892 829 1956 in
854 1911 890 1956 eo
912 1891 1018 1974 codice
1047 1903 1115 1976 post
1143 1894 1280 1976 Pompeii
1307 1892 1558 1956 commentarium

235 1999 268 2060 in
292 1995 440 2060 Donatum
470 1997 582 2078 scripta
613 2004 699 2060 sunt:
730 1997 769 2065 cl.
797 2015 926 2079 gramm.
955 1995 1006 2061 lat.
1032 2017 1058 2059 r.
1084 1992 1158 2079 Vp.
1183 1993 1236 2061 84.
1287 1994 1369 2058 lllius
1396 1995 1558 2080 editionem

236 2097 425 2164 Gaisiordius
448 2099 554 2181 script.
578 2099 630 2162 lat.
655 2101 703 2163 rei
725 2108 812 2165 metr.
837 2097 947 2183 phili
969 2119 1035 2184 sqq.
1059 2102 1209 2182 repetivit.
1249 2117 1305 2178 ego
1329 2115 1366 2160 ex
1387 2097 1434 2160 his
1456 2099 1559 2178 recepi

235 2201 305 2264 iulii
335 2200 439 2265 Severi
470 2204 692 2285 expositionem
722 2204 760 2267 de
787 2202 919 2285 pedihus
948 2213 978 2266 ei
1007 2203 1129 2267 brevem
1158 2211 1319 2266 tractatum
1349 2200 1386 2264 de
1413 2199 1558 2284 caesuris.

237 2322 306 2368 uam
331 2321 366 2367 ea
389 2324 466 2387 quae
488 2314 648 2389 praeterea
672 2308 703 2370 in
727 2306 834 2369 codice
857 2315 925 2390 post
948 2305 1084 2370 libellum
1108 2306 1174 2368 iulii
1190 2306 1294 2369 Severi
1318 2311 1348 2366 et
1370 2301 1507 2368 subiecta
1531 2305 1561 2368 ei

237 2409 360 2470 nomina
383 2409 457 2472 artis
479 2411 695 2491 grammaticae
719 2410 831 2491 scripte
853 2420 934 2483 suni,
958 2407 995 2472 do
1018 2418 1146 2472 accentu
1170 2420 1200 2473 ei
1223 2408 1261 2472 de
1280 2393 1425 2471 divisione
1447 2405 1559 2490 pedum

237 2521 267 2574 et
297 2509 335 2574 de
364 2513 470 2576 tnetrls
494 2515 595 2594 (inopi
621 2529 772 2577 caesurae
794 2530 937 2576 uersuron
960 2517 1115 2578 docentus
1136 2521 1180 2576 est
1200 2515 1307 2574 anima
1334 2511 1495 2574 uerborum
1520 2541 1559 2556 -

235 2623 308 2678 sunt
337 2618 434 2693 initur
463 2619 558 2696 nequi
582 2619 686 2679 decem
716 2617 805 2694 dupli
837 2633 913 2680 uero
939 2632 996 2680 sex
1030 2619 1144 2694 triplus
1177 2633 1257 2692 unus
1287 2615 1420 2692 sescupli
1445 2620 1560 2692 septem
1666 2641 1679 2672 ι

234 2721 355 2797 epitriti
368 2725 511 2798 quattuor
523 2721 602 2795 fiunt
617 2719 782 2784 XXUIII:
806 2721 943 2801 sequitur
966 2727 1110 2782 tractatus
1134 2713 1333 2794 decessoris,
1357 2733 1447 2800 quem
1464 2714 1559 2778 edidi:
1686 2799 1687 2804 ἵ

235 2821 282 2882 De
303 2825 408 2906 metris
430 2821 541 2885 Metro
562 2829 633 2886 sunt
654 2823 817 2885 uerborum
839 2826 943 2902 spotia
965 2853 1008 2866 —
1031 2823 1062 2884 in
1082 2825 1145 2898 fine
1168 2827 1285 2884 tantum
1303 2821 1483 2883 trochaeum
1505 2835 1559 2881 ex·

166 2977 168 2984 .
231 2921 351 3008 plinii),
385 2943 422 2988 ex
455 2925 545 2988 variis
574 2923 650 2988 locis
678 2925 788 2988 isidori
816 2924 942 2990 collecta
978 2933 1060 2989 suni.
1110 2923 1247 2988 codicem
1282 2941 1350 2986 cum
1379 2921 1560 3004 Heusingerl

237 3026 368 3091 editione
391 3031 457 3109 ipse
480 3026 605 3091 contuli.

300 3128 366 3193 lle
389 3129 466 3194 lulio
490 3131 612 3202 Severo,
638 3133 722 3197 cuius
749 3133 872 3195 nomino
901 3130 1025 3196 libellus
1051 3131 1089 3195 do
1112 3132 1241 3214 pedihus
1264 3127 1455 3203 inscribitur,
1484 3127 1560 3192 nihil
1665 3149 1668 3158 ·

237 3231 403 3297 memoriae
437 3231 591 3318 proditum
625 3243 681 3298 est.
732 3243 879 3299 tractatus
908 3235 947 3298 de
975 3237 1110 3300 caesuris
1143 3233 1251 3298 similis
1281 3242 1326 3297 est
1353 3235 1381 3296 ei
1410 3235 1462 3314 qui
1490 3241 1561 3315 post

236 3334 372 3400 libellum
394 3337 431 3400 ds
455 3337 595 3401 finalibus
619 3336 717 3401 editus
740 3347 787 3402 cst
809 3356 900 3420 supra
924 3357 953 3421 p.
976 3335 1051 3430 249.

798 3511 1003 3528 W

444 3681 510 3757 nn
536 3682 745 3793 eunt-svs
773 3681 1006 3759 nxnosmo
1033 3649 1162 3757 mnn'
1179 3678 1353 3757 surum

325 3886 368 3950 lie
383 3887 531 3970 spondeo.
570 3888 728 3972 Spondeus
743 3896 906 3974 anapaesto
922 3891 1043 3954 iunctus
1058 3889 1133 3952 lacit
1148 3886 1361 3952 antibacchum
1378 3896 1408 3950 et
1424 3813 1560 3951 simili}

235 4029 254 4042 -
266 4030 293 4080 .·
310 4021 346 4062 ν,
365 4021 384 4042 ν
399 4029 437 4053 ·-.
475 3985 629 4075 spondeus
643 3993 761 4078 dactylo
784 3997 904 4058 iunctus
920 3995 994 4072 iacit
1009 3991 1175 4058 molossum
1192 3999 1222 4054 et
1243 3990 1431 4074 pyrrichium
1445 4031 1468 4048 -
1483 4031 1507 4044 -
1522 4031 1558 4063 -,

155 4101 160 4111 '
235 4125 254 4146 ν
272 4123 306 4154 ν.
367 4095 521 4176 spondeus
563 4096 784 4179 amphibrachi·
805 4101 927 4160 iunctus
960 4098 1032 4160 lacit
1070 4093 1281 4159 antibacchum
1317 4103 1347 4157 ei
1381 4093 1559 4158 trochaeum

208 4221 255 4264 s·
273 4237 294 4249 -
312 4227 345 4268 ν,
378 4235 397 4248 -
414 4230 449 4259 ν.
501 4200 657 4280 spondeus
683 4199 889 4282 amphimacro
918 4201 1040 4263 iunctus
1075 4199 1148 4262 iecit
1175 4197 1339 4262 molossum
1369 4192 1558 4261 et'iambum

235 4339 257 4350 -
273 4340 295 4350 -
311 4339 347 4369 -‚
371 4331 391 4352 ν
489 4302 644 4384 spondeus
673 4302 800 4368 bacchio
830 4305 953 4367 iunctus
983 4304 1055 4368 lacit
1085 4300 1297 4368 antibacchum
1327 4308 1356 4364 et
1389 4299 1558 4384 spondeum

234 4444 256 4454 -
273 4444 296 4456 -
313 4434 346 4475 v.
371 4443 390 4455 -
409 4442 443 4468 -.
494 4404 647 4488 spondeus
679 4405 858 4471 antibaccho
884 4408 1005 4469 iunctus
1033 4406 1106 4469 iacit
1133 4404 1296 4468 molossum
1325 4413 1356 4467 et
1384 4402 1558 4466 trochaeum
1668 4413 1674 4418 '

323 4555 367 4674 lie
383 4553 495 4674 lambo.
534 4610 654 4676 iambus
670 4609 819 4676 tribrachi
834 4613 956 4674 iunctus
971 4612 1043 4674 iacit
1057 4609 1298 4692 amphibrachyn
1321 4619 1352 4672 et
1367 4608 1557 4692 pyrrichium
1622 4705 1626 4712 ι

307 4805 331 4854 Α
350 4803 438 4857 codex
460 4800 714 4866 Wolsenduttehanua
736 4799 994 4866 Weusentorpmo
1005 4802 1041 4852 8⁶

264 4951 266 4956 ¹
307 4882 477 4957 eminent]
496 4888 604 4940 tribtoin
623 4887 649 4939 A
