3888 5550
985 386 1205 435 TERENTIAM

686 581 808 624 tumtere
832 562 980 632 iatubum,
1006 567 1057 645 qui
1082 563 1203 626 brevem
1228 572 1258 625 et
1282 565 1400 642 longum
1424 581 1493 624 setas

685 669 812 747 iungens
836 670 930 748 priori
953 669 1072 749 perlicit
1095 668 1208 730 dictum
1234 667 1352 750 pedem.

685 773 728 832 sic
753 773 895 834 creticum
920 773 1015 850 siquis
1039 770 1109 833 relit
1133 773 1315 852 disiungere,

686 875 737 936 iret
760 873 938 947 trochaeus,
964 877 1051 956 longa
1078 886 1107 938 et
1130 894 1187 939 una
1212 874 1335 958 syllaba.

622 993 674 1034 asso
686 978 849 1060 praecedet
872 999 945 1060 ergo
969 979 1089 1058 quando
1113 999 1180 1042 cres
1205 977 1378 1047 iambicum,

687 1081 777 1145 habet
800 1084 989 1154 trochaeum,
1015 1082 1135 1163 longam
1160 1093 1189 1145 et
1212 1102 1318 1152 uuam:
1344 1099 1421 1161 quam
1445 1079 1501 1143 sibi

687 1188 815 1268 primam
839 1207 875 1250 ex
899 1187 999 1250 lambo
1023 1188 1093 1251 dum
1117 1189 1255 1268 sequenti
1279 1183 1400 1268 copulat

690 1289 828 1359 brevem,
854 1291 1012 1354 trochaeos
1036 1311 1103 1354 esse
1126 1293 1185 1353 iam
1210 1291 1284 1354 tluos
1307 1289 1391 1352 vides

613 1444 621 1456 .
688 1404 717 1456 et
742 1395 860 1476 longam
885 1393 992 1457 iambi:
1017 1397 1060 1456 sic
1083 1395 1219 1457 trochaei
1243 1397 1338 1457 ceteri

624 1510 674 1551 22⁹⁵
690 1499 761 1560 llent
783 1498 919 1560 subinde.
967 1499 1054 1578 lttttga
1078 1499 1147 1560 dum
1174 1499 1293 1560 brevem
1319 1497 1376 1561 sibi

689 1603 781 1664 trahit
803 1621 838 1665 ex
864 1601 977 1671 iatnhn,
1003 1602 1090 1682 longa
1115 1599 1221 1664 etalio
1247 1601 1405 1684 linquitur.

688 1695 764 1786 quae
788 1705 845 1767 sihi
870 1707 1000 1768 vicissim
1024 1707 1168 1786 copulans
1190 1709 1296 1786 iungat
1318 1706 1451 1778 brevem,

689 1807 835 1872 rolrendo
859 1819 954 1872 toturn
979 1821 1066 1889 coget
1090 1809 1230 1874 ordinem
1255 1808 1376 1889 pedum.

690 1911 786 1974 denec
812 1913 962 1974 trochaeis
986 1923 1079 1976 restet
1102 1933 1159 1976 uua
1184 1917 1214 1976 iu
1239 1916 1359 1981 extinto.

624 2016 832 2078 eamcatalexis
856 2020 886 2080 in
910 2037 998 2100 quam
1023 2019 1086 2087 liet,
1112 2021 1228 2081 utiam
1252 2018 1393 2078 diximus.

690 2137 759 2184 nam
782 2124 884 2183 cretici
909 2132 970 2183 tres
994 2121 1126 2202 syllabae
1150 2125 1249 2203 prhuo
1273 2121 1349 2189 loeo,

691 2222 738 2286 his
761 2243 814 2286 sex
837 2223 938 2294 iambi,
964 2226 1136 2306 quindecim
1162 2227 1236 2288 llum
1259 2224 1367 2286 simul:

690 2328 733 2388 sic
758 2345 903 2389 numerus
927 2331 1024 2410 impar
1048 2339 1115 2410 post
1140 2329 1298 2390 trochaeos
1322 2329 1457 2407 septiens

689 2428 797 2492 habeat
820 2450 943 2493 necesse
968 2443 1014 2494 est
1036 2435 1177 2495 extintatn
1202 2432 1409 2509 superstitem.

627 2533 743 2594 snossed
768 2537 838 2614 quia
863 2535 1021 2596 trochaeos
1045 2546 1195 2617 tamquam
1221 2535 1337 2597 iambos
1360 2531 1544 2602 scandimus,

692 2645 722 2696 ut
747 2637 785 2698 sit
809 2639 977 2708 trimetros,
1004 2648 1064 2701 tres
1088 2650 1177 2701 erunt
1202 2639 1265 2701 hini
1288 2639 1394 2720 pedes;

692 2741 781 2801 httem
806 2741 919 2803 tenebit
942 2743 1075 2824 dactylus
1100 2742 1145 2805 rel
1168 2747 1310 2812 creticus,

692 2845 762 2923 quia
786 2843 899 2924 duplici
923 2845 1093 2926 trisyllabus
1116 2849 1215 2908 minor
1239 2849 1316 2926 pede
1341 2856 1395 2906 est.

692 2946 877 3010 trochaicum
901 2959 1000 3012 autent
1025 2949 1217 3033 perntanebit
1241 2950 1382 3018 liberum,

627 3067 677 3109 uro
694 3050 765 3113 dum
791 3054 848 3114 erit
870 3053 1025 3116 trimetros
1049 3073 1084 3114 ex
1109 3053 1217 3115 iambis
1240 3051 1391 3116 omnibus·

692 3163 748 3216 est
772 3154 875 3217 celer
897 3157 1080 3237 phaselus
1103 3157 1167 3218 ille
1190 3175 1299 3238 quent
1324 3155 1479 3220 videtis.
1504 3154 1678 3236 hospites

691 3259 843 3338 spondeos
866 3271 965 3322 autent
990 3263 1015 3322 si
1038 3271 1182 3343 sequetur
1206 3263 1364 3325 creticum.

693 3361 805 3425 habere
829 3366 956 3443 primum
981 3383 1070 3444 quem
1095 3375 1193 3447 potest
1216 3365 1365 3428 iambicus

693 3466 772 3542 (nam
796 3470 913 3547 primus
935 3471 1000 3549 ipse
1024 3479 1066 3529 est
1091 3477 1230 3550 separato
1253 3471 1386 3546 cretico),

629 3582 681 3628 sats
695 3569 740 3630 rel
766 3574 855 3632 tertio
879 3569 994 3632 locetur
1017 3581 1066 3634 aut
1088 3575 1192 3654 quinto
1216 3572 1301 3652 pede,

694 3675 803 3736 serient
828 3673 959 3737 trochaei
984 3677 1042 3736 iam
1066 3674 1168 3736 labare
1192 3677 1354 3756 perspicis;

695 3779 763 3858 quia
788 3787 855 3856 post
878 3779 1053 3840 trochaeum
1079 3777 1164 3858 longa
1191 3797 1338 3860 superans
1361 3783 1475 3856 cretici,

695 3881 766 3943 dmn
790 3882 827 3943 de
851 3885 989 3962 sequenti
1013 3883 1132 3963 copulat
1156 3883 1275 3962 longam
1300 3882 1369 3958 sibi,

696 3995 774 4047 vetat
798 3986 957 4047 trochaeos
982 3987 1025 4047 ire
1049 3987 1166 4048 iunctos
1191 3985 1307 4048 ordine.

631 4089 748 4149 estosed
772 4091 842 4172 quia
866 4093 981 4169 recepit
1006 4090 1050 4149 lex
1076 4089 1165 4149 iambi
1190 4089 1349 4170 dactylum.

697 4191 850 4272 spondeon
875 4201 924 4254 aut
947 4194 998 4272 qui
1022 4191 1138 4272 dactyle
1162 4195 1412 4268 est-contrarius,

696 4299 809 4357 utiam
833 4305 985 4364 tenemus,
1011 4297 1119 4376 impari
1145 4306 1244 4358 tamen
1269 4295 1344 4364 loeo.

698 4417 791 4469 nunc,
817 4418 901 4461 versu
925 4397 1016 4460 iattthl
1039 4401 1091 4480 qui
1113 4399 1223 4481 pedum
1248 4405 1363 4480 primus
1386 4401 1452 4468 luit,

698 4505 755 4563 erit
778 4505 927 4567 secundus
950 4511 1018 4564 artte
1042 4512 1131 4564 eunte
1156 4507 1278 4574 cretico,

440 4629 643 4638 ————-·—-u

507 4681 575 4730 2288
599 4679 734 4743 diiungere
759 4676 791 4727 tt
858 4677 924 4728 2296
954 4677 1065 4734 ῑτιιὶιίίς
1089 4679 1166 4728 traxit
1190 4677 1221 4727 .l!
1290 4677 1357 4727 2298
1380 4687 1452 4742 coget
1478 4677 1657 4730 hurbmnnmur
1680 4689 1748 4742 cogm

442 4767 473 4817 .l!
543 4767 611 4818 2306
632 4767 773 4815 trimetrum
794 4764 825 4814 ,tt
891 4765 959 4815 2308
977 4766 1070 4815 deleuit
1089 4763 1230 4814 Brlssueur
1301 4765 1367 4814 2309
1385 4762 1570 4813 ‘l'roeltneicum
1591 4767 1620 4816 ,ll
1688 4762 1748 4812 2312

440 4865 563 4916 sequatur
587 4851 726 4902 Sceleratus
795 4851 861 4900 2317
885 4851 945 4912 qum
965 4864 981 4906 ς
1000 4851 1067 4910 Quid
1087 4851 1120 4901 ‚ll
1185 4851 1253 4899 2318
1272 4851 1332 4898 dum
1357 4849 1389 4897 de
1412 4853 1529 4913 sequenti
1551 4851 1670 4914 ,lllrpllus
1689 4849 1747 4899 llum

440 4951 472 4987 ex
492 4939 608 5008 sequenti
623 4938 652 4987 ll
666 4937 725 4985 dum
747 4953 774 4985 eu
794 4951 825 4984 ex
845 4939 961 4999 sequenti
977 4939 1078 4988 Ileizt'us
1096 4938 1156 4986 dunt
1176 4953 1206 4984 ex
1227 4937 1372 4998 insequenti
1388 4937 1578 4988 Lueltmnnnus:
1597 4941 1631 5003 es.
1652 4957 1673 4990 u.
1688 4938 1749 4988 2623
