3866 5562
384 378 452 442 494
659 390 761 440 nunu
785 389 905 440 suoru
931 375 981 455 [ιι.
1007 355 1415 457 cnhvrur]·sscnnoon1s

392 492 412 530 p.
427 482 459 522 tt.
473 481 498 520 ts
515 480 540 520 ι’.
1330 509 1334 516 .

363 639 370 646 ‚
385 577 569 630 structuram
585 567 674 629 laciet
691 565 776 629 nobis
792 565 977 645 placentem,
1002 561 1090 645 quale
1113 573 1161 626 est
1183 562 1354 645 exemplum
1379 573 1409 625 et
1431 562 1505 626 illud
1522 567 1601 627 inter
1617 559 1710 628 niulta

386 668 492 732 similia
508 666 698 740 Tullianum,
724 665 935 732 ‘sententia
959 685 1022 730 sua
1047 665 1206 729 liberat’
1233 675 1263 728 et
1285 667 1407 730 ‘cuius
1431 685 1499 748 ego
1522 685 1632 730 causa
1655 665 1709 728 la·

386 773 509 836 horo’.
555 781 696 854 quattuor
726 770 908 852 syllabarum
940 779 1090 834 structura
1122 771 1167 833 sic
1190 768 1291 832 vitabit
1314 770 1409 832 nostri
1434 771 1578 850 temporis
1600 769 1709 833 barba·

387 876 530 957 rismum,
554 878 632 939 sicut
655 874 814 956 disyllaba,
846 877 981 957 quamvis
1005 871 1091 937 multi
1115 891 1174 935 nou
1200 875 1353 954 sapienter
1377 881 1408 935 et
1431 874 1461 934 in
1485 871 1536 935 tali
1560 875 1708 956 composi·

387 980 469 1042 tione
494 977 700 1041 barbarismos
723 995 790 1039 esse
813 978 962 1058 dixerint,
992 981 1018 1040 si
1042 975 1277 1056 paeneultimum
1301 974 1426 1038 terbum
1452 974 1560 1039 haheat
1582 976 1738 1038 novissi-s

387 1099 466 1144 marn
482 1079 628 1163 syllabam
644 1091 751 1143 natura
768 1077 901 1160 longam,
927 1089 959 1142 ut
983 1081 1043 1142 ‘ad
1067 1097 1168 1141 meas
1190 1095 1326 1158 capsas
1348 1079 1558 1150 admisero'
1581 1088 1612 1141 et
1635 1081 1710 1141 ‘in-

388 1186 640 1265 dustriaeque
665 1203 766 1248 meae
791 1183 1095 1246 contenderem:
1116 1178 1121 1264 Ι
1142 1199 1216 1261 ergo
1239 1185 1263 1243 si
1289 1199 1344 1246 nos
1367 1181 1403 1246 ad
1427 1183 1493 1244 eius
1517 1181 1597 1244 modi
1613 1193 1710 1245 struc-

388 1297 487 1349 turam
511 1287 608 1368 aliqua
632 1289 796 1351 necessitas
818 1283 976 1356 detulerit,
1007 1285 1174 1366 poterimus
1198 1283 1458 1366 reprehendentes
1480 1281 1711 1390 ipperitissimos

387 1388 604 1470 concipiebam,
636 1393 662 1452 si
693 1399 814 1453 uosmet
836 1399 973 1452 nostrum
998 1387 1130 1450 cilicium
1154 1389 1334 1454 fecerimus.
1360 1389 1559 1470 corripientes
1581 1387 1710 1471 syllabas

279 1507 283 1512 ·
354 1495 365 1508 ”
389 1491 512 1562 breres,
531 1491 636 1574 longas
652 1493 864 1575 producentes,
890 1501 923 1554 ut
938 1499 985 1552 est
1001 1494 1103 1553 ‘eausa
1120 1488 1248 1562 lahor0'‚
1266 1511 1297 1554 sa
1314 1491 1531 1573 producentes,
1550 1499 1579 1553 ct
1595 1495 1711 1572 ‘capsas
1725 1509 1749 1550 ro

391 1595 565 1666 admisero’,
596 1615 644 1659 sas
673 1595 886 1677 producentes.
934 1596 964 1656 iu
989 1596 1059 1656 istis
1078 1595 1158 1656 enirn
1183 1603 1298 1656 tantum
1322 1595 1413 1657 niodo
1436 1593 1571 1674 syllabis,
1595 1595 1620 1655 si
1643 1613 1709 1656 cur·
1756 1638 1767 1648 .-

391 1705 497 1780 reptae
514 1697 643 1772 luerint,
661 1701 718 1761 erit
734 1697 957 1766 barbarismus,
975 1716 1034 1759 nou
1052 1698 1081 1758 in
1099 1703 1159 1758 tota
1176 1699 1398 1779 compositione
1414 1707 1593 1770 structurae,
1619 1697 1711 1759 idest

389 1806 508 1882 ‘capsas
520 1799 696 1871 admisero’,
709 1801 849 1882 ryuoniam
863 1799 1069 1863 barbarismus
1082 1819 1141 1862 una
1155 1810 1239 1882 parte
1253 1802 1398 1864 orationis
1411 1803 1453 1873 ht,
1472 1799 1611 1883 pluribus
1623 1819 1709 1863 nutu·

389 1920 490 1980 quam.
516 1921 604 1985 ¹rtem
633 1906 673 1966 si.
689 1905 745 1965 hoc
774 1903 814 1966 ita
838 1912 931 1975 esset,
960 1921 1019 1966 non
1048 1905 1078 1964 iu
1109 1913 1224 1968 tantum
1249 1904 1387 1968 doctrina
1411 1905 1562 1977 latuisset,
1591 1912 1623 1965 ut
1645 1921 1709 1964 eam

390 2004 509 2068 'lullius
533 2007 705 2086 ignoraret,
737 2005 783 2068 vel
812 2015 926 2068 tantum
951 2009 1111 2087 potuisset,
1144 2017 1176 2069 ut
1199 2027 1232 2070 ea
1257 2017 1325 2089 post
1347 2007 1431 2070 illum
1456 2015 1486 2069 et
1508 2005 1619 2069 multos
1642 2014 1709 2068 autc
1725 2022 1748 2062 ts

390 2106 467 2171 alios
491 2093 604 2171 uostris
628 2109 815 2191 tettrporihus
838 2119 1030 2180 nosceretur3
1055 2129 1185 2190 quorum
1211 2110 1297 2172 velim
1315 2110 1473 2174 obscurant
1497 2110 1637 2193 peritiam
1660 2109 1709 2170 de·

391 2213 486 2273 ritate
510 2208 630 2274 illorum
655 2211 841 2274 nobilissima
866 2212 1054 2292 neglegentia
1080 2212 1247 2276 decoratus.
1303 2281 1307 2292 ¹

468 2314 563 2377 llunc
585 2315 677 2394 igitur
699 2317 842 2394 quonium
867 2314 1026 2377 docuimus
1049 2313 1132 2386 haec,
1157 2334 1233 2397 ryuae
1257 2335 1272 2377 a
1297 2314 1385 2378 nohis
1408 2315 1584 2379 stultissime
1607 2333 1709 2396 repre·

392 2416 580 2486 heuduutur,
611 2415 820 2478 indifferenter
849 2416 1044 2498 aptioribus
1067 2419 1180 2498 posita,
1209 2421 1378 2481 structur'as
1408 2419 1495 2481 nohis
1519 2416 1710 2480 delectabiles

391 2537 618 2600 componamus.
664 2517 899 2601 amphibrachys
922 2529 952 2582 et
967 2519 1114 2582 molossus
1139 2519 1281 2600 ‘probare
1304 2521 1456 2592 debcrcs',
1480 2519 1710 2602 amphibrachys
1722 2534 1747 2573 ιο

390 2631 421 2683 ct
443 2620 586 2684 bacchius
616 2641 631 2682 a
662 2618 751 2701 longa
787 2622 906 2685 ‘dolore
935 2621 1077 2692 derisus’,
1108 2634 1290 2705 anapaestus
1318 2633 1349 2686 ct
1377 2643 1474 2706 paeon
1504 2626 1613 2686 tertius
1636 2624 1710 2685 ‘heri

391 2725 560 2806 potuisset',
585 2733 766 2806 anapaestus
789 2733 818 2786 et
841 2725 957 2788 ionicus
980 2725 1079 2788 ntinor
1103 2726 1249 2788 ‘modicos
1266 2724 1450 2797 coluerunt',
1477 2731 1660 2807 antispastus
1682 2735 1711 2787 et

392 2826 539 2890 molossus
563 2815 757 2890 ‘colrercdem
782 2827 932 2898 detraxit',
964 2828 1189 2910 amphimacrus
1214 2841 1243 2892 et
1265 2827 1390 2912 hippius
1413 2831 1566 2893 secundus
1589 2829 1710 2911 ‘optime

391 2931 548 3009 instigari,
576 2929 751 2992 bacchiusa
775 2929 863 3012 longa
883 2935 1055 3007 peminotus
1077 2931 1223 2994 ‘detrudit
1246 2931 1411 3002 heredern',
1436 2932 1581 2996 bacchius
1596 2941 1626 2994 et
1649 2951 1710 2994 mo-

388 3013 489 3094 lossus
517 3035 651 3094 ‘cantare
681 3032 840 3105 lecerunt,
872 3031 1013 3095 bacchius
1042 3051 1056 3094 a
1082 3032 1165 3096 brevi
1195 3043 1224 3096 et
1253 3033 1376 3117 hippius
1398 3035 1552 3099 secundus
1580 3032 1745 3097 ‘duloreste

335 3188 341 3218 ‚
392 3134 592 3206 detulerunt’,
616 3133 812 3196 choriambus
828 3143 857 3196 et
880 3134 1001 3215 hippius
1017 3139 1133 3216 primus
1158 3137 1361 3200 ‘condidimus
1377 3130 1555 3220 sepultura’,
1579 3137 1709 3206 chorius.

231 3264 250 3294 a
357 3287 358 3292 ,
391 3237 421 3299 id
452 3246 498 3300 est
522 3237 697 3306 trochaeus,
728 3246 758 3298 et
787 3235 931 3300 bacchius
954 3257 969 3300 a
994 3238 1081 3319 longa
1105 3242 1183 3302 ‘esse
1207 3240 1386 3324 delectum’:
1417 3238 1538 3302 chorius
1562 3251 1593 3303 et
1615 3258 1710 3321 paeon

394 3340 642 3403 te1·tius·lacient
671 3338 752 3401 illam
781 3347 963 3401 structuram
987 3340 1086 3404 'l'ullid
1109 3343 1318 3423 peculiarem..
1344 3347 1423 3406 ‘esse
1447 3341 1612 3406 rideatur':
1642 3341 1710 3404 dac·

333 3533 336 3536 ,
394 3444 474 3525 tylus
497 3452 528 3505 et
551 3442 741 3505 ditrochaeus
765 3439 916 3504 ‘hostibus
940 3448 1134 3537 temperare'‚
1163 3445 1305 3534 dactylus·
1322 3455 1352 3508 et
1373 3447 1491 3509 ionicus
1512 3448 1612 3508 minor
1635 3447 1710 3506 ‘om-

291 3615 292 3618 Ἴ
393 3547 440 3608 uia
463 3544 667 3627 placuerum,
692 3542 885 3606 ditrochaeus
908 3555 939 3606 et
962 3544 1105 3608 bacchius
1128 3565 1144 3608 a
1167 3549 1255 3629 longa
1280 3550 1460 3612 ‘uindicatur
1484 3547 1620 3619 electos,
1645 3547 1747 3610 dac-su
1823 3629 1825 3632 Ι

178 3651 192 3735 Ἰ
287 3636 289 3642 ’
392 3647 470 3731 tylus
501 3657 529 3708 et
560 3665 658 3728 paeon
688 3643 946 3710 tortius‘curiam
970 3655 1139 3719 renotare'‚
1172 3649 1306 3732 dactylus
1329 3663 1358 3714 et
1381 3651 1565 3734 dispondeus
1589 3649 1711 3712 ‘lumina

392 3748 609 3833 deponebant’,
640 3749 779 3831 epitritus
808 3757 934 3831 quartus
965 3757 995 3810 et
1024 3748 1169 3814 bacchius
1192 3773 1207 3814 a
1231 3751 1318 3834 longa
1343 3754 1523 3836 ‘deducente
1547 3752 1709 3823 subducit,

396 3854 547 3937 epitritus¹
560 3859 685 3933 quartus
710 3864 740 3914 et
763 3851 913 3914 molossus
937 3851 1112 3934 ‘inpellente
1137 3852 1292 3926 detinuit‘,
1318 3857 1456 3939 epitritus
1471 3867 1602 3934 quartus
1617 3865 1646 3919 et
1668 3856 1711 3916 di·

394 3955 542 4037 spondius
566 3958 774 4018 ‘contemnere
791 3954 1009 4033 persuadenti,
1033 3957 1174 4034 epitritus
1189 3961 1297 4021 tertius
1313 3969 1342 4020 et
1358 3959 1552 4024 ditrochaeus
1575 3961 1711 4042 ‘piratico

300 4076 313 4090 ··
392 4057 579 4128 liberasset’,
605 4056 727 4139 hippius
752 4059 873 4127 tertius,
904 4056 933 4119 id
958 4065 1004 4118 est
1028 4057 1183 4138 epitritus,
1209 4071 1238 4122 et
1261 4059 1381 4144 hippius
1403 4065 1521 4144 primus
1545 4063 1748 4144 ‘provincias

464 4193 540 4246 Proh.
559 4196 652 4246 cathol.
680 4197 722 4251 ⁴1,
742 4197 853 4254 19-42,
874 4197 906 4244 1⁷

445 4319 476 4366 ‘1
497 4316 572 4366 nobis
592 4315 733 4381 placentem
753 4313 829 4376 quale
847 4325 886 4364 est
900 4312 1046 4380 exemplum
1067 4317 1141 4368 nohis
1161 4317 1303 4384 placentem
1323 4329 1348 4368 et
1365 4317 1427 4368 illud
1442 4319 1467 4369 B
1536 4314 1711 4387 isetttemic]
1794 4337 1797 4342 ·

393 4401 447 4453 Cic.
468 4403 494 4450 in
517 4401 595 4450 Verus
614 4405 666 4454 act,
684 4415 737 4450 sec.
756 4397 774 4448 1
791 4402 815 4459 d,
836 4401 851 4447 3
904 4399 1073 4452 liberaremur
1092 4401 1193 4453 Produc
1245 4398 1332 4472 cuius]
1355 4405 1406 4460 Cic.
1426 4407 1476 4461 dic,
1494 4406 1520 4454 t'n
1537 4403 1633 4456 Guecil.
1645 4405 1710 4464 ⁷2²³

427 4487 443 4537 b
462 4483 585 4535 dixerunt
604 4471 633 4535 Β
716 4485 732 4535 3
751 4485 783 4535 ad
802 4485 886 4545 meas]
905 4486 959 4537 Cic.
979 4487 1030 4538 dic.
1048 4489 1074 4537 t'u
1092 4487 1187 4540 Coecit.
1208 4493 1247 4548 to,
1267 4492 1299 4540 bl
1388 4491 1593 4553 industriaeque]
1612 4488 1665 4539 Cic.
1685 4493 1724 4556 in¹

398 4571 477 4625 Verr.
497 4577 547 4621 oct.
564 4587 606 4636 pr.
627 4573 668 4630 12,
682 4573 717 4622 35
789 4571 819 4622 i'l
839 4573 925 4636 posita
939 4589 953 4622 o
966 4573 1068 4624 Probus
1087 4573 1187 4638 positas
1206 4573 1231 4624 B
1300 4576 1332 4626 21
1352 4575 1459 4627 desisus
1477 4591 1546 4626 corr.
1564 4575 1670 4626 derisus
1686 4572 1711 4625 B

428 4655 626 4720 cogominatus
646 4673 694 4708 orn.
714 4655 748 4720 B,
767 4657 830 4707 add.
852 4657 954 4710 Produc
1033 4660 1066 4708 29
1085 4657 1204 4710 hostibus
1224 4661 1326 4712 Probus
1343 4661 1491 4728 hospitibus
1510 4659 1535 4710 B
1615 4661 1646 4712 st
1665 4675 1710 4710 cu·

187 4756 192 4762 ’
283 4795 291 4800 ,
393 4742 457 4791 riam
477 4759 491 4792 u
511 4741 611 4792 Probus
628 4741 806 4791 choriambum
825 4740 852 4791 B
943 4745 975 4796 ³2
994 4744 1136 4794 deduceute
1153 4745 1273 4796 subducit
1292 4763 1305 4796 u
1324 4746 1425 4796 ducenti
1448 4745 1568 4794 subducit
1586 4743 1611 4794 B
1629 4743 1711 4795 dedu·

327 4843 329 4846 ·
392 4836 465 4876 cente
484 4827 631 4877 subducunt
650 4826 752 4879 Probus
838 4831 871 4879 33
890 4829 1008 4894 epitritus
1032 4841 1057 4878 et
1078 4828 1234 4896 dispondius
1254 4841 1417 4881 contemnere
1434 4829 1591 4896 persuadent
1609 4829 1645 4894 B,
1662 4847 1709 4882 oet.

392 4909 493 4961 Produc
563 4913 595 4962 ³5
615 4911 639 4960 id
659 4927 686 4961 es
705 4913 825 4978 epitritus
845 4911 870 4962 B
888 4915 914 4963 id
933 4925 972 4963 est
991 4915 1079 4964 tertius
1099 4915 1217 4980 epitritus
1236 4931 1249 4966 u
