3866 5562
346 375 468 458 lusan
489 374 598 426 enom
621 375 844 426 sacunnorrs
867 376 948 426 aer.
972 377 1082 426 onan.
1106 375 1180 425 mu.
1202 376 1244 426 nr
1269 375 1293 436 1,
1319 375 1393 424 1-n
1502 361 1567 430 497

245 477 266 518 μ
282 467 342 509 rom.
356 463 408 506 sorr
421 465 444 506 r.
1392 479 1414 516 p.
1429 467 1474 510 aaa
1489 468 1529 509 ιιι
1542 467 1589 529 (ι.Ι

245 555 355 618 litteris
380 561 578 625 exercentur,
602 557 745 635 quoniain
767 551 872 616 iubere
898 554 1013 634 dignati
1036 553 1121 626 estis,
1146 573 1196 616 me
1218 573 1307 636 posse
1332 555 1421 618 etiam
1444 555 1482 618 de
1505 575 1567 620 mc·
1671 579 1676 589 ·

245 659 299 720 tris
315 653 328 740 i
345 664 475 720 mactare
490 656 656 728 indicastis.
681 656 814 720 breviter
831 673 897 719 esse
914 655 1158 738 componendum
1176 657 1305 720 decrevi.
1346 658 1398 720 sed
1423 659 1566 738 quoniam

243 769 410 824 metrorum
439 761 586 824 rationem
616 759 751 822 dicturos
779 761 876 846 prius
895 759 983 823 decet
1011 761 1104 848 pedes
1127 759 1337 834 considerare,
1367 761 1476 842 quibus
1498 772 1569 826 sunt

244 865 380 928 carmina
411 862 610 941 modulando,
646 863 683 926 de
714 862 825 926 horum
855 881 996 936 numero,
1027 867 1166 936 nomine,
1196 865 1353 926 nominum
1385 864 1568 928 derivatione

109 991 132 1004 ..
217 965 527 1050 aschematibusquc,
552 985 642 1051 quam
665 968 822 1031 verissime
845 967 1027 1052 poterimus,
1052 966 1185 1031 breviter
1208 967 1402 1052 explicemus.
1560 954 1563 974 ²

690 1253 693 1258 -
790 1211 839 1276 nn
862 1167 1024 1286 rnorcvs

295 1377 297 1380 ·
329 1349 406 1413 Sunt
434 1350 529 1430 igitur
557 1347 651 1430 pedes
673 1347 723 1412 alii
746 1348 900 1432 disyllabi,
931 1348 982 1413 alli
1006 1348 1166 1431 trisyllabi,
1191 1368 1320 1429 quornm
1343 1350 1424 1413 unde
1448 1353 1568 1414 nomina

244 1451 372 1516 deducta
395 1454 458 1514 sint
481 1450 642 1514 doceamus
671 1461 702 1514 et
724 1462 800 1536 quot
826 1453 957 1518 habeam
981 1453 1143 1516 schemata.
1190 1463 1262 1517 suut
1289 1463 1319 1516 et
1346 1473 1382 1516 ex
1413 1453 1570 1536 disyllabis

132 1631 137 1638 ¹
244 1556 408 1634 geminatis
429 1553 523 1636 pedes
546 1553 742 1635 tetrasyllabi,
766 1575 893 1637 qnorum
918 1567 948 1620 et
970 1558 1141 1620 nominari
1164 1556 1316 1620 schemata
1339 1553 1567 1636 subiungemus.

206 1655 231 1698 ¹⁰
245 1670 318 1724 sunt
351 1669 382 1722 et
404 1679 441 1724 ex
466 1655 621 1738 disyllabis
644 1662 788 1723 citrium
813 1659 994 1744 syllabarum
1024 1659 1152 1742 pedibus
1175 1658 1322 1742 copulatis
1341 1653 1348 1745 Ι
1368 1660 1459 1741 pedes
1482 1659 1569 1742 sylla·

241 1763 351 1826 barum
381 1764 515 1845 quinque
545 1772 574 1824 et
598 1779 633 1824 ex
658 1760 833 1844 duplicatis,
848 1762 1012 1845 trisyllabis
1035 1762 1293 1848 pedesusenarum
1311 1761 1505 1846 syllabarum,
1531 1763 1569 1826 dc

164 1887 193 1950 J
244 1863 356 1949 quibus
379 1879 444 1926 non·
463 1865 597 1927 arbitror
620 1883 687 1928 esse
710 1869 916 1946 necessarium
940 1865 1112 1946 diligentius
1136 1863 1286 1929 laborare.
1539 1860 1544 1870 “

328 1956 473 2048 liisyllabi
495 1967 589 2050 pedes
610 1979 681 2031 sunt
703 1974 832 2032 numero
855 1978 1013 2050 quattuor,
1038 1968 1105 2032 ideo
1130 1971 1271 2052 quoniam
1296 1987 1354 2031 uno
1378 1967 1489 2047 syllaba
1507 1970 1567 2033 duo

242 2070 396 2134 schemata
412 2069 522 2160 habetr
543 2091 612 2134 nam
629 2079 681 2134 ant
696 2069 786 2153 longa
810 2080 854 2134 cst
870 2082 922 2134 aut
938 2070 1053 2134 brevis:
1078 2071 1155 2134 duae
1172 2070 1303 2154 syllabae
1320 2079 1461 2151 quattuor
1481 2071 1567 2135 sche·
1607 2060 1612 2065 ⁸

204 2175 230 2220 1⁵
243 2181 323 2237 mata
350 2173 478 2244 habeut;
509 2191 578 2237 nam
607 2183 658 2237 aut
689 2174 796 2238 ambae
819 2175 928 2238 breves
951 2183 1037 2246 sunt,
1069 2184 1119 2238 aut
1148 2174 1254 2238 amboe
1284 2175 1407 2254 longae,
1435 2185 1491 2262 ant.
1509 2194 1566 2238 nna

242 2275 344 2340 breuis
373 2296 431 2340 nna
460 2277 564 2358 ionga,
594 2287 647 2341 aut
674 2297 733 2342 una
757 2279 846 2360 ionga
871 2297 934 2360 'nna
963 2275 1074 2340 brevis.
1119 2277 1291 2361 pyrrichius
1314 2297 1368 2359 pes
1392 2296 1426 2339 cx
1452 2275 1568 2340 duabus

242 2379 388 2442 brevibus
402 2388 520 2443 constal
541 2390 714 2464 temporum
739 2379 848 2456 duum„
872 2391 904 2444 ut
928 2400 1014 2453 crns,
1037 2384 1090 2462 qui
1114 2401 1131 2444 a
1155 2381 1312 2464 pyrricha,
1338 2379 1422 2443 lusus
1445 2397 1566 2460 genere,

244 2501 353 2546 numen
377 2485 512 2564 accepit,
545 2485 614 2566 quia
642 2483 700 2546 hoc
723 2501 798 2545 sono
822 2484 932 2568 milites
956 2486 1002 2546 usi
1027 2482 1096 2546 ‘sub
1120 2487 1223 2546 ermls'
1249 2482 1446 2566 periodum,
1471 2493 1506 2547 ut
1527 2487 1570 2546 ait

236 2585 302 2655 ille.
327 2585 462 2650 ‘ciebant
485 2585 646 2650 simulacra
664 2591 805 2668 pugnaci.
822 2585 834 2670 d
853 2589 1041 2667 ipsa'lamcn
1059 2588 1201 2669 pyrricha
1226 2587 1305 2650 dicta
1322 2596 1367 2650 est
1389 2587 1568 2669 aPyrrlcho

202 2687 395 2771 ”Cydonim
427 2690 480 2772 qni
510 2691 627 2772 primus
651 2690 810 2754 Cretenses
837 2689 894 2753 sub
919 2673 1011 2754 armis
1039 2685 1149 2754 saltare
1178 2689 1214 2753 ad
1237 2689 1327 2752 huius
1350 2689 1435 2771 pedis
1458 2709 1567 2753 sonum

161 2885 167 2892 ι
242 2793 382 2856 instituit.
429 2793 480 2856 alii
510 2793 614 2856 dicunt
636 2813 653 2856 a
676 2791 787 2874 Pyrro,
811 2793 934 2857 Achillis
957 2795 1032 2866 hilo,
1056 2813 1145 2894 quem
1171 2795 1301 2876 primum
1326 2793 1354 2856 iu
1378 2794 1493 2856 tumulo
1514 2813 1566 2875 pa·

242 2925 448 2939 ——fl-r

247 3043 249 3048 ,
299 3002 325 3051 ’1
341 2999 460 3064 sonuere
478 2999 602 3062 quoniam
621 3013 662 3049 me
681 3013 760 3066 posse
778 3001 855 3050 ctiam
875 2999 907 3050 de
926 2999 1014 3050 metris
1033 3011 1142 3050 truciore
1161 2998 1309 3056 iudicastis,
1333 2997 1404 3062 quod
1422 2997 1510 3048 iubere
1529 2999 1574 3053 dl·.

242 3089 314 3152 gnati
333 3085 396 3136 estis
413 3084 526 3135 brevitor
544 3099 602 3134 esse
620 3077 829 3152 componendum
848 3085 950 3136 decrevi
1022 3086 1097 3136 etiem
1117 3086 1150 3136 ds
1168 3085 1257 3135 metris
1271 3083 1319 3136 BC
1336 3084 1367 3134 de
1386 3084 1474 3134 metria
1489 3085 1565 3134 etiarn

243 3172 288 3238 Ap
392 3169 543 3222 adlocutos
563 3156 730 3233 Gaissordiuc
753 3177 779 3221 et
796 3172 884 3223 codex
903 3171 1033 3237 Sculiperi
1049 3175 1085 3222 53
1104 3171 1221 3222 dicturus
1242 3169 1317 3221 ABG
1333 3170 1498 3236 dicturump

242 3258 259 3308 4
276 3255 435 3307 modulanda
455 3254 547 3306 horum
567 3268 732 3306 numerorum
752 3257 886 3306 nominum
897 3246 1065 3308 'deriuatioue
1077 3255 1102 3306 B
1170 3251 1189 3307 'b
1208 3255 1252 3306 DE
1265 3254 1411 3308 Pnuluvs
1430 3273 1478 3311 om.
1493 3255 1567 3308 ΑΒΘ

294 3344 311 3394 8
329 3342 439 3394 deducio
459 3355 521 3393 sunt
538 3340 615 3394 ABG
690 3321 802 3394 10⁸*suot
819 3357 852 3392 cx
870 3342 1022 3409 dissyllubis
1039 3345 1188 3409 posteriore
1206 3345 1264 3398 loco
1283 3341 1322 3393 B:
1342 3351 1367 3392 et
1385 3343 1448 3393 odd.
1466 3341 1516 3392 AC

244 3454 346 3541 tusone
365 3491 479 3531 scemata
499 3481 524 3531 A
597 3481 627 3532 li
646 3475 780 3547 brevibus]
801 3479 948 3544 syllabisB
988 3470 1077 3530 'erus
1097 3461 1123 3531 B
1142 3478 1219 3530 herus
1240 3481 1300 3532 Ac·
1354 3424 1491 3545 epyreide
1512 3479 1576 3542 0⁸.

245 3569 348 3633 pyrrica
366 3568 391 3638 ‚⁴⁴
410 3579 427 3616 a
445 3565 592 3632 pyrrichica
611 3563 637 3615 B
736 3567 769 3617 18
787 3567 836 3616 sub
854 3567 934 3617 ermis
954 3580 1001 3632 per
1019 3565 1155 3628 ludumut
1173 3565 1209 3614 sit
1227 3563 1268 3615 ille
1287 3565 1410 3627 qniebunu
1428 3561 1566 3612 simulacra

243 3666 390 3720 pergeorum
409 3653 435 3704 A
454 3651 503 3702 sub
521 3653 600 3702 armis
620 3663 648 3702 ut
665 3653 701 3701 uit
720 3650 762 3700 ille
780 3667 826 3718 per
844 3651 934 3702 ludum
952 3653 1034 3714 (ciunt
1052 3652 1114 3702 add.
1134 3650 1160 3716 b)
1180 3637 1318 3700 simulacro
1336 3663 1454 3716 pugnam
1473 3647 1497 3698 Β
1517 3648 1565 3699 sub

242 3792 322 3838 annis
346 3803 393 3866 per
410 3787 499 3838 ludum
524 3799 553 3839 ut
575 3789 611 3838 ait
629 3779 671 3839 iile
687 3733 826 3840 differam
846 3751 1000 3840 ciebant’G:
1017 3790 1108 3855 rVerp.
1129 3789 1194 3844 Aen.
1218 3787 1300 3839 Voss
1321 3800 1477 3852 pugnaeque
1500 3786 1567 3837 cient

242 3873 380 3925 simulacra
395 3873 448 3925 sub
467 3874 554 3933 armis,
573 3875 677 3926 tirou
695 3889 746 3938 qus
764 3872 826 3924 ludo
845 3873 951 3924 indutus
970 3873 1029 3924 belii
1048 3875 1186 3926 simulacro
1205 3872 1288 3923 ciebat
1394 3873 1425 3922 19
1445 3872 1566 3937 pyrricha

243 3959 292 4011 Ao
313 3959 458 4027 pyrrichica
484 3959 508 4009 B
596 3959 718 4026 pyrricho
740 3960 849 4010 ciduueo
868 3962 894 4011 Α
915 3975 993 4027 pyrro
1016 3961 1125 4012 cidoneo
1145 3958 1170 4009 B
1188 3973 1267 4025 pyrro
1291 3957 1409 4022 eidoneo
1429 3955 1450 4008 C
1467 3955 1566 4020 Pyrrho

243 4044 366 4110 Cydoneo
387 4061 417 4110 p.
436 4043 560 4111 Pyrrichi
582 4061 672 4097 nomen
694 4047 843 4097 coniectura
866 4048 980 4096 restituit
998 4045 1136 4112 Sopirrpius
1154 4047 1180 4094 in
1199 4043 1314 4110 Hesych.
1333 4062 1356 4095 ο.
1375 4039 1565 4108 πυρριχίζειν,

242 4131 358 4183 ecodicc
376 4133 402 4182 Α
414 4129 542 4183 'Schottroe
560 4133 585 4180 ιἰι
598 4131 686 4182 Ροοιλ.
700 4129 833 4182 chreston.
852 4132 924 4194 opud
943 4131 1117 4193 Gcirfordimn
1135 4133 1161 4180 ιἰι
1181 4130 1325 4196 Hephueot.
1344 4147 1371 4195 p.
1385 4131 1437 4179 447
1454 4126 1489 4190 (u.
1510 4127 1566 4194 lp.

159 4251 163 4256 -
242 4219 294 4268 ⁶25
312 4217 352 4270 od.
372 4217 449 4281 rec).
486 4215 583 4282 Pyrrus
601 4216 706 4267 codices
723 4216 803 4266 Plinii
820 4233 845 4265 π.
865 4213 889 4265 λ.
914 4215 974 4266 VII
993 4219 1061 4267 204:
1079 4217 1113 4280 cf.
1133 4216 1211 4268 ochoi.
1231 4217 1257 4266 in
1278 4215 1351 4266 Pind.
1372 4213 1449 4278 Pyro.
1469 4217 1494 4276 2,
1515 4215 1566 4264 127

275 4303 310 4354 20
328 4301 424 4369 pedum
443 4316 513 4352 corr.
534 4299 608 4368 pedis
631 4299 654 4349 Β
723 4301 754 4350 21
775 4296 831 4367 olii]
850 4300 930 4351 ochoi.
950 4302 976 4351 ιἰι
988 4303 1064 4354 Pind.
1083 4306 1100 4353 i.
1120 4319 1143 4353 c.
1164 4295 1237 4352 ἔνιοι
1257 4293 1290 4352 δὲ
1310 4289 1363 4351 ode
1382 4292 1440 4350 ολπό
1457 4295 1565 4363 Πυρρί-

243 4403 295 4454 zon
315 4381 368 4440 τοῦ
391 4379 502 4454 Κρητὸς
519 4378 574 4452 την
593 4383 742 4450 πυρρίχην
761 4376 946 4448 ὠνομάσθαι,
967 4376 1028 4437 ἀλλ’
1048 4378 1106 4438 circo*
1127 4382 1246 4452 Πύρρου
1265 4382 1317 4436 τοῦ
1333 4377 1478 4450 Ἀχιλλέως
1496 4401 1565 4435 παι-

242 4464 294 4534 δὸς
322 4463 354 4525 ἐν
382 4473 443 4532 τοῖς
470 4459 573 4531 ὅπλοις
599 4459 803 4538 ὀρχησαμένου
830 4461 862 4522 ἒν
890 4469 926 4536 τῇ
948 4463 1023 4523 sord
1050 4463 1226 4536 Εὐρυπύλου
1249 4466 1304 4521 τοῦ
1327 4465 1465 4535 Τηλέφου
1489 4468 1565 4539 νίκη.

239 4551 432 4624 Ἀριοιοιίλης
452 4551 484 4608 δὲ
502 4553 621 4620 ’πρῶτον
640 4547 766 4623 Ἀχιλλέα
790 4547 838 4607 dari
858 4553 891 4622 τῇ
910 4557 962 4609 τοῦ
982 4549 1155 4622 Πατρόκλου
1178 4553 1257 4622 πυρᾷ
1281 4549 1315 4621 τῇ
1340 4554 1468 4622 πυρρίχη
1492 4555 1565 4622 φηολ

242 4639 415 4710 κεχρῆσθαι,
433 4631 471 4709 ἣν
490 4636 571 4705 παρὰ
586 4640 727 4705 Κυπρίοις
747 4639 819 4707 φηολ
839 4636 947 4710 πρίλιυ
966 4639 1116 4709 λέγεσθαι,
1135 4633 1206 4694 ὥοιι
1225 4635 1304 4704 παρὰ
1323 4633 1378 4706 τὴν
1396 4633 1495 4704 :evodo
1514 4637 1566 4708 τῆς

241 4723 434 4797 πορρίηηρπὸ
452 4717 546 4794 ὄνομα
565 4724 709 4779 τίθεσθαι
767 4725 810 4776 alii
830 4742 845 4777 a
864 4728 963 4794 Pyrrho
984 4727 1093 4780 Achillis
1114 4727 1175 4786 lilio,
1195 4741 1272 4790 quem
1292 4727 1381 4777 diurno
1399 4727 1511 4793 primum
1531 4753 1560 4764 -

240 4813 378 4864 saltauissc
397 4831 417 4880 p
435 4814 479 4865 ulii
506 4813 595 4864 dicunt
622 4828 636 4862 ιι
664 4811 763 4878 Pyrrho
794 4811 899 4866 aeiritlts
930 4813 996 4877 lilio,
1025 4829 1100 4877 quem
1130 4813 1241 4881 primurn
1262 4838 1294 4849 -
1314 4811 1453 4863 solmuisae
1480 4812 1566 4863 lerunt

181 4909 185 4914 ·
241 4896 437 4951 Senecione
