3874 5566
752 295 803 348 ott
822 294 959 350 sturme
979 295 1113 350 Hortor.

355 485 431 550 ltem
455 486 511 550 ode
535 485 617 550 Xllll

420 591 575 654 horrida
600 600 814 674 tempestas
842 589 986 656 caelum
1010 594 1205 656 contraxit
1233 603 1268 655 et
1291 591 1438 654 imbres

421 695 602 776 rtivesque
625 695 820 760 deducunt
842 694 967 758 loreto
991 714 1090 759 nunc
1112 715 1216 760 marc
1240 715 1337 758 nunc
1360 693 1490 758 siluae.

271 799 377 862 horum
402 809 569 862 metrorum
594 800 725 881 priumm
749 799 874 862 lteroum
909 810 954 863 est
981 799 1125 883 simplex,
1158 818 1289 882 sequens
1323 800 1522 880 compositum
1547 808 1594 863 est

244 921 306 966 eeu
330 903 460 966 dimetro
488 902 619 966 iambico
649 899 812 965 acatalecto
842 909 872 963 et
902 903 1135 982 penthemimerl
1159 903 1260 985 epico,
1293 913 1326 966 ut
1355 904 1490 988 videatur
1518 903 1592 966 inihi

270 1007 424 1070 auec-tasse
448 1005 537 1070 buius
560 1005 641 1068 rnodl
664 1025 793 1076 versum,
848 1081 853 1093 ¹

457 1110 630 1173 scribere
654 1107 869 1174 uersiculos
892 1127 1020 1172 autore
1043 1126 1265 1191 percussum
1289 1114 1410 1191 pravi,

270 1219 321 1298 qui
344 1221 391 1278 est
412 1217 599 1296 compositus
628 1232 664 1274 eu
692 1211 926 1295 peruhemiutcri
955 1211 1089 1294 elegiaco
1118 1221 1148 1276 et
1169 1214 1298 1276 dimetro
1327 1214 1466 1278 iambico.
1513 1216 1592 1280 iuter

270 1320 329 1384 duo
353 1329 454 1384 nmen
477 1318 716 1400 penthemimere
745 1317 802 1380 ltoc
831 1315 993 1380 discrimen
1022 1317 1206 1388 invenimus,
1236 1316 1316 1398 quod
1344 1322 1375 1380 in
1404 1321 1503 1401 primo
1532 1319 1591 1382 duo

230 1425 380 1507 rodactpll
403 1432 434 1486 ει
455 1420 568 1504 syllaba
598 1429 684 1492 sunt,
715 1431 745 1482 at
772 1422 803 1482 in
832 1419 968 1484 secundo
996 1419 1132 1504 dactylus
1161 1422 1315 1503 spondeus
1344 1433 1374 1484 et
1402 1422 1516 1506 syllaba
1546 1425 1592 1486 in·

270 1531 440 1592 veniuntur.
465 1527 522 1589 hoc
546 1543 667 1607 quoque
691 1533 788 1588 metro
812 1523 905 1588 semel
930 1543 1003 1590 usus
1025 1532 1079 1587 est.

356 1631 421 1696 Ode
444 1630 520 1693 Xi'll

497 1733 620 1797 altera
644 1735 717 1796 iam
741 1734 881 1795 teritur
912 1731 1026 1795 bellis
1055 1730 1236 1796 civilibus
1259 1741 1378 1802 aetas,

465 1823 470 1831 ’
497 1837 576 1900 suis
599 1839 736 1918 etipsa
760 1836 874 1899 Romo
898 1833 1046 1898 uiribus
1070 1837 1156 1898 ruit.

231 1945 354 2027 uprior
377 1943 498 2011 lterous,
523 1959 653 2021 sequens
677 1943 816 2002 trimeter
844 1938 991 2003 iambicus
1021 1938 1210 2003 acatalectus.
1257 1949 1287 2002 et
1315 1939 1372 2002 hac
1400 1941 1592 2023 copulatione

166 2087 169 2093 ,
270 2056 437 2110 metrorum
460 2044 602 2108 lloratius
625 2043 718 2106 scutel
743 2063 815 2106 usim
838 2053 891 2106 est.
1276 2051 1279 2058 '

355 2150 438 2213 lntcr
461 2149 535 2212 llaec
557 2146 659 2211 libello
683 2149 734 2228 qui
757 2149 922 2230 inscriptus
945 2157 991 2209 est
1013 2166 1136 2210 carmen
1164 2147 1319 2211 saeculare
1342 2146 1591 2231 hendecasyllabo

269 2255 368 2338 posuit
390 2251 532 2336 sapphica
557 2260 587 2313 et
609 2251 736 2314 dimetra
761 2252 861 2333 opica,
880 2249 929 2312 -de
957 2249 1068 2334 ‹puiltus
1095 2251 1127 2313 in
1158 2252 1291 2314 secunda
1321 2252 1378 2314 ode
1407 2250 1478 2333 libri
1501 2255 1591 2336 primi

268 2360 435 2421 carminum
458 2357 665 2419 disseruimus.
692 2354 757 2416 allis
780 2355 884 2416 metris
908 2354 1049 2417 llorutius
1073 2373 1144 2418 usus
1166 2373 1227 2417 raon
1245 2367 1300 2418 est.
1323 2353 1475 2418 habentur
1491 2357 1592 2440 itaque

230 2461 349 2542 aoapttd
373 2461 528 2524 lloratiuur
552 2458 654 2523 habita
677 2459 920 2521 dinumeratione
944 2467 1109 2521 metrorum
1133 2475 1245 2538 genera
1271 2457 1336 2522 xm
1360 2461 1390 2521 in
1415 2457 1500 2523 libris
1524 2479 1590 2524 car-

271 2567 383 2630 minum
408 2575 439 2628 et
461 2562 577 2645 enodis.
800 2562 804 2568 ’

356 2668 421 2733 Ode
443 2675 489 2731 est
510 2666 668 2730 dulcedine
691 2667 756 2729 soni
780 2665 904 2729 uerbum
928 2665 1040 2730 luxisse
1063 2667 1265 2748 pronuntiata.
1290 2685 1359 2730 nom
1376 2669 1401 2730 sl
1417 2669 1483 2732 sine
1498 2669 1591 2733 verto

270 2793 363 2836 sortus
385 2771 611 2854 pronuntietur,
636 2789 754 2834 crusma
779 2769 906 2832 dicetur.
932 2770 1011 2834 unde
1035 2773 1125 2833 etlam
1154 2773 1184 2832 in
1216 2771 1340 2852 tropicis
1363 2773 1436 2836 ortis
1459 2773 1591 2837 musicae

271 2877 386 2941 litteras
409 2895 464 2940 seu
486 2875 570 2956 signa
594 2874 741 2956 qutacdam
766 2881 853 2936 tonos
876 2876 1016 2956 proprios
1040 2875 1240 2957 exprimentia
1257 2874 1356 2937 media
1372 2876 1590 2940 interueniente

231 3007 257 3047 ss
271 2981 347 3045 linea
371 2983 411 3044 ita
434 2981 601 3050 enuntiant,
626 2971 668 3042 τὰ
690 2973 754 3058 μὲν
770 2968 840 3039 ἄνω
857 2971 915 3058 τῆς
930 2975 1060 3054 λέξεως,
1083 2970 1124 3040 col
1148 2974 1186 3040 δὲ
1208 2974 1300 3040 κάτω
1323 2977 1381 3062 τῆς
1404 2978 1589 3060 κρούσεως.

271 3084 350 3166 ιμιεά
375 3102 492 3147 crusma
517 3084 648 3144 variatur
671 3101 708 3144 ex
733 3080 884 3163 rlrptltmo,
909 3081 980 3143 dum
997 3089 1124 3163 augetur
1147 3092 1178 3144 et
1199 3083 1346 3145 rtrluuitm·
1370 3093 1399 3145 et
1422 3083 1458 3145 ad
1482 3103 1590 3147 sonum

272 3189 358 3270 digiti
382 3187 427 3250 rel
450 3171 536 3270 pedis
561 3181 700 3268 ἐμμελές
724 3184 848 3248 verbum
873 3185 1056 3248 enuntiatur.
1102 3185 1217 3248 inlluita
1241 3187 1320 3248 onim
1344 3205 1395 3250 res
1417 3197 1463 3250 est
1486 3187 1589 3271 rlrptlt-

271 3310 346 3366 mos,
370 3311 438 3354 cum
463 3308 557 3372 usque
586 3308 646 3371 quo
670 3287 750 3352 voles
785 3291 866 3352 vocis
896 3309 971 3352 sono
1006 3288 1132 3353 ducatur
1163 3287 1265 3371 ibique
1300 3307 1391 3370 cogas
1423 3292 1589 3374 quiescere,

272 3395 323 3459 ubl
346 3395 453 3477 pedem
478 3393 619 3456 liniturus
641 3413 682 3456 es.
731 3391 826 3455 melos
849 3402 959 3464 autem,
985 3393 1067 3472 tpuod
1089 3413 1125 3457 ex
1150 3391 1196 3456 luis
1219 3395 1368 3469 nascitur,
1399 3394 1511 3456 dictum
1535 3414 1590 3476 pto

232 3507 373 3564 uetante
396 3497 514 3574 lleline,
539 3497 651 3561 Oceani
674 3496 744 3568 lilia,
768 3516 857 3578 quam
883 3499 1013 3579 primum
1037 3497 1178 3580 qtrattuoi
1200 3496 1322 3560 chordis
1346 3515 1429 3562 usam
1453 3497 1591 3562 adfirmat

270 3597 422 3685 Lysanias',
446 3602 508 3664 sive
542 3611 575 3664 ut
607 3601 794 3684 Licymnius,
827 3593 894 3663 ἀπὸ
926 3599 988 3664 τοῦ
1021 3595 1211 3683 perdedisse,
1247 3597 1401 3665 τουτέστι
1434 3603 1589 3686 θρηνεῖν.

340 3829 436 3881 1uem
456 3801 505 3878 ode
526 3825 595 3877 suu
613 3843 640 3892 ρ.
661 3829 720 3886 1⁷0,
734 3829 768 3878 aa
840 3829 871 3878 ιε
891 3824 946 3878 oue
965 3825 1039 3876 xvu
1056 3843 1083 3892 ρ.
1105 3829 1193 3892 uus

339 4047 355 4098 2
373 4044 503 4096 contraxit
515 4052 539 4094 et
551 4059 568 4094 a
584 4041 643 4092 Vol.
662 4042 805 4092 contruxlm
826 4055 850 4093 et
870 4045 893 4094 A
947 4047 963 4094 3
982 4033 1108 4104 ιιίἰίεετμιε
1126 4058 1142 4092 u
1162 4039 1219 4094 Vol.
1239 4043 1365 4105 uidesque
1378 4043 1403 4094 A
1459 4045 1490 4094 15
1504 4053 1589 4093 ocuto-

270 4114 362 4181 lectus}
380 4113 543 4165 catalecticus
563 4112 587 4163 A
667 4113 700 4162 22
720 4109 766 4162 Ex
788 4111 887 4162 uento
909 4111 1013 4162 testu
1033 4109 1224 4162 :tl’llTlltlllltl
1245 4111 1277 4161 de
1295 4111 1416 4162 eurmluis
1435 4111 1589 4178 appellatio-

271 4187 347 4237 nibus
366 4183 372 4248 Ι
391 4174 454 4249 ω’δή
473 4193 513 4234 est
529 4179 666 4233 dulcedine
685 4193 701 4237 ς
781 4183 814 4232 22
834 4181 934 4234 lexisue
954 4183 1120 4242 prouuntiuta
1140 4185 1190 4237 Ας
1210 4181 1265 4247 lege
1283 4195 1331 4230 sua
1350 4182 1543 4245 prorurutiauuu
1565 4183 1589 4232 B

338 4255 373 4306 23
391 4253 484 4304 dicitur
504 4249 528 4300 B
597 4251 631 4300 tt
649 4251 733 4301 medie
752 4262 829 4307 οντες
898 4254 932 4304 26
950 4241 1072 4306 romeli
1092 4241 1168 4305 lesd
1188 4249 1212 4300 B
1236 4264 1319 4300 tanteu
1338 4241 1414 4305 duro
1434 4249 1458 4300 A
1485 4244 1516 4301 τὸ
1535 4244 1589 4316 μὲν

270 4313 366 4380 ἄνες
427 4309 647 4374 vestustae
703 4319 919 4372 securamen
982 4317 1120 4386 ttrttgtu]
1141 4320 1219 4386 arrogo
1242 4317 1590 4385 uutrtgttnutrtguure

339 4393 373 4446 30
392 4391 466 4442 llelia
484 4388 614 4468 Berplu'up
631 4396 701 4472 poet.
721 4391 815 4473 Ipn'p.
830 4391 898 4468 1212
917 4391 960 4470 ⁶¹¹:
982 4395 1042 4439 tert.
1061 4390 1096 4453 cf.
1115 4385 1181 4468 περὶ
1204 4385 1328 4469 inpendo
1347 4387 1468 4466 Boipson.
1496 4392 1588 4466 anecd.

269 4480 358 4585 titt
372 4457 821 4594 l.¹.i'.t’a⁴i?,t“’'30ltltlt
833 4474 890 4582 tlt
905 4453 1164 4578 {tuldila-itt
1174 4455 1414 4593 {illidii}
1428 4455 1589 4578 littra

212 4609 222 4618 ’
340 4601 451 4668 primum
471 4597 637 4660 Gaiasordt'uc
706 4599 737 4648 31
758 4594 909 4661 Licymnius
928 4594 982 4652 ςΒ
1004 4594 1142 4660 lycimnius
1162 4598 1196 4647 A.
1225 4597 1251 4645 in
1274 4593 1402 4660 Licpnuu'i
1418 4595 1476 4645 Cltit'
1496 4598 1589 4648 rmnti-

272 4687 328 4722 uum
343 4669 497 4736 sraprneutt's
513 4667 593 4718 cerdo
608 4667 695 4732 possuit
708 4663 838 4732 Berpleius
849 4671 919 4732 poet.
937 4667 987 4730 lyr.
1008 4681 1036 4730 p.
1051 4668 1119 4716 1252
1138 4667 1179 4717 ed.
1198 4671 1257 4716 tert.
1276 4664 1310 4728 es.
1329 4662 1587 4718 desumerentur.

270 4741 296 4791 ln
315 4739 411 4806 ditlpr.
428 4753 456 4804 p.
475 4738 518 4796 8⁵,
542 4735 725 4869 Scluea'deaogp¹
740 4735 867 4802 doetrinp.
884 4737 934 4800 pel.
953 4736 1020 4787 Arrz.
1040 4751 1064 4789 a.
1084 4737 1152 4786 lero
1190 4735 1283 4789 ,1122
1340 4724 1398 4784 ἀπὸ
1417 4731 1468 4785 τοῦ
1485 4731 1589 4798 peled-

272 4809 331 4872 ζειν
361 4802 512 4861 τουτέστιν
538 4805 665 4872 θρηνεῖν
729 4803 848 4855 ibusdam
873 4803 932 4860 ςΒ
972 4793 1047 4859 ὸΠΟ
1078 4801 1136 4857 ΤΟΙ
1169 4752 1362 4858 &sutilem
1398 4799 1586 4857 ΤΟΙΤΕΕΤΙΝ

272 4873 390 4930 ΘΡΗΝΕ
407 4875 591 4940 inquibusdam
611 4876 636 4925 Α
