3874 5556
800 367 871 422 aas
890 370 932 432 aa,
955 371 986 421 ιο
1002 397 1028 406 -
1046 370 1077 420 as
1525 359 1588 429 297

298 482 319 522 p.
333 471 384 512 2701
400 467 423 514 l'.
932 487 943 510 s
1400 479 1421 522 p.
1435 467 1482 509 ³5⁴.
1497 467 1523 509 bb
1537 465 1562 510 G.

270 559 325 620 hos
354 558 624 641 hendecasyllabos
653 559 704 624 alii
734 558 877 630 alcaioos,
914 559 964 622 alii
993 561 1155 642 sapphicos
1186 569 1302 621 vocant.
1354 557 1452 639 prima
1482 559 1513 618 in
1543 553 1590 618 his

270 681 395 726 caesura
418 663 570 726 trochaica
595 676 654 726 est:
680 681 749 726 nant
774 662 865 726 habet
883 663 1032 728 dimetrum
1050 661 1339 745 brachycatalecton,
1363 678 1493 744 sequens
1515 660 1588 721 iam·

270 767 334 830 bion
358 768 509 832 dimetrou
532 767 813 852 hypercatalecton;
837 776 867 830 et
889 768 1103 848 ingrediuntur
1125 770 1183 838 sic,

618 875 677 936 iam
700 875 773 936 satis
797 874 885 936 terris
909 873 1004 958 ui‘vis
1027 881 1116 955 atque
1140 869 1234 934 dirae.

243 976 320 1042 salii
345 975 458 1038 laeiuut
480 976 609 1059 primam
638 978 788 1059 syzygiam
816 974 1011 1046 trochaicam,
1041 977 1071 1036 in
1099 995 1157 1058 qua
1181 973 1313 1038 secunda
1337 991 1407 1056 pars
1428 970 1589 1054 aliquando

269 1090 298 1144 et
319 1079 488 1163 spondeum
512 1079 612 1152 habet,
636 1080 800 1144 secundam
821 1078 1065 1150 choriambicum,
1091 1081 1178 1142 tertia
1200 1077 1359 1141 bacchium
1383 1076 1490 1140 habet:
1514 1075 1589 1138 divi·

269 1183 349 1246 ditur
371 1185 424 1256 sic,

583 1291 643 1353 iam
666 1290 737 1352 salis
760 1291 881 1370 lerlris·
896 1289 972 1350 nivis
995 1298 1106 1372 atquo
1129 1285 1222 1351 dirae.
1241 1285 1253 1371 ΙΙ

238 1465 242 1474 ¹
270 1396 353 1458 nasci
377 1405 477 1458 autom
502 1393 619 1457 ridetur
642 1392 680 1454 ab
703 1392 818 1457 alcaico
841 1390 1104 1474 hendecasyllabo,

230 1525 257 1566 ιο
583 1483 613 1562 ω’
635 1491 720 1575 ἄναξ
736 1490 920 1568 Ἀπολλον,
945 1503 1009 1560 παῖ
1027 1491 1163 1580 μεγάλω
1186 1493 1273 1569 Δίος

177 1647 179 1652 -
270 1611 299 1664 el

576 1704 680 1768 vides
704 1716 742 1770 ut
764 1705 838 1768 alta
863 1715 937 1769 stet
962 1707 1043 1768 nire
1066 1704 1276 1767 candidum.

270 1811 359 1874 buius
382 1813 408 1872 si
430 1812 557 1893 primam
580 1807 724 1893 syllabam
748 1812 777 1871 in
803 1808 940 1872 ultimum
963 1807 1161 1886 transtuleris,
1191 1807 1284 1871 iacies
1307 1804 1590 1888 hendecasyllabum

180 1961 184 1967 -
269 1913 455 1997 sapphicum,

230 2045 257 2086 rs
626 2017 679 2080 des
701 2025 734 2080 ut
756 2016 814 2080 alta
837 2025 897 2080 stet
919 2021 986 2080 nive
1009 2017 1172 2080 candidum
1197 2018 1233 2078 ri.

270 2129 378 2204 ryuarlo
397 2121 468 2184 loeo
491 2121 624 2185 clausula
649 2132 694 2185 est
716 2119 886 2184 hexametri
909 2140 944 2183 ex
969 2120 1087 2204 dactylo
1110 2131 1139 2184 et
1161 2120 1306 2202 spondeo,
1337 2127 1370 2182 ut
1392 2124 1437 2180 est
1460 2119 1592 2198 ‘primus

269 2224 307 2287 ab
329 2225 413 2288 oris’.
460 2225 589 2310 denique
618 2227 643 2288 si
671 2225 749 2288 lranc
778 2225 864 2288 tollas
888 2233 917 2288 et
940 2225 1132 2288 lloratianam
1162 2224 1285 2294 adicias,
1315 2225 1411 2286 iacies
1439 2225 1592 2302 integrum

270 2327 490 2408 laetaniarum,

509 2453 593 2498 arma
616 2436 775 2514 virumque
798 2453 873 2497 cano
895 2434 1005 2498 ‘l’roiae
1028 2435 1077 2516 qui
1101 2437 1210 2498 terruit
1233 2432 1349 2496 urbem.

230 2536 375 2609 meadum
398 2537 530 2601 clausula
561 2549 591 2602 et
614 2542 645 2602 in
675 2541 897 2620 anapaesticam
926 2541 1075 2620 syzygiam
1105 2538 1195 2601 cadit.
1232 2555 1300 2598 narn
1329 2535 1354 2596 si
1383 2535 1492 2614 iungas
1514 2531 1591 2595 hanc

269 2640 312 2703 iili
337 2639 529 2722 Virgilianae,
553 2642 715 2706 dimetrum
740 2643 964 2722 anapaestieurn
988 2643 1089 2714 iacies,
1397 2632 1399 2636 ¹

663 2748 781 2830 primus
803 2743 842 2809 ab
865 2747 926 2808 oris
950 2748 1058 2809 terruit
1081 2744 1199 2808 urbem.

270 2849 345 2913 baec
367 2851 473 2914 eaelum
497 2848 589 2914 habet
611 2850 851 2914 choriambicum
875 2850 1024 2914 diuaetroa
1049 2849 1322 2932 hypercatalecton.

498 2979 537 3043 ΙΙΙ
582 2981 644 3044 Sic
666 2989 702 3044 te
725 2981 810 3044 dira
832 2989 969 3076 potens
992 2981 1119 3062 Cypri,

231 3112 256 3155 ιι
583 3087 637 3146 sic
662 3086 804 3148 iratres
826 3084 994 3147 Helenae
1017 3082 1143 3146 lacida
1167 3083 1305 3147 sidera.

270 3215 356 3276 tertia
380 3213 437 3276 ode
460 3212 574 3277 dicolos
597 3223 652 3284 est,
677 3213 768 3276 habet
790 3215 922 3296 primurn
946 3211 1160 3296 octosyllabum
1185 3217 1422 3285 anacreontium,
1447 3233 1537 3297 quem
1562 3225 1592 3278 et

269 3317 439 3400 glyconium
456 3328 571 3389 uocant,
597 3317 688 3380 habet
703 3320 851 3399 originem
874 3319 911 3381 ab
933 3319 1037 3389 heroo,
1061 3325 1181 3381 constat
1203 3335 1239 3380 ex
1262 3318 1396 3399 spondeo
1420 3328 1450 3381 et
1473 3317 1592 3380 duobus

270 3419 402 3502 dactylis.
438 3419 507 3483 huic
531 3424 557 3484 si
575 3421 685 3502 iungas
708 3421 946 3505 heptasyllabum
964 3421 1197 3502 plrerecratiunt,
1222 3423 1273 3504 qui
1297 3430 1473 3485 constater
1498 3439 1589 3502 spon·

183 3568 189 3580 .
271 3525 328 3586 deo
351 3533 382 3587 et
404 3523 521 3606 dactylo
546 3534 575 3586 et
598 3526 742 3606 spondeo,
767 3529 926 3609 priapeum
951 3527 1050 3596 iacies,
1075 3525 1172 3607 qualis
1196 3525 1273 3606 apud
1298 3525 1464 3589 Homerum

231 3657 256 3699 aa
303 3649 310 3664 ·
474 3625 651 3711 Κουρῆτές
673 3622 704 3690 τ’
729 3625 895 3712 ἐμάχοντο
918 3625 976 3692 καὶ
998 3623 1146 3692 Αἰτωλοὶ
1168 3623 1379 3712 μενεχάρμαι

269 3741 299 3794 el

425 3838 696 3920 immotamque
720 3835 796 3899 coli
820 3835 927 3901 dedit
951 3846 987 3900 et
1009 3844 1259 3900 contemnere
1283 3847 1425 3902 ventos.

339 4096 372 4148 16
390 4108 484 4160 nerano
501 4095 559 4148 loco
579 4121 611 4132 -
630 4097 664 4148 22
683 4097 772 4147 terruit
791 4097 879 4148 urbem
898 4097 974 4150 Caes.
993 4095 1073 4148 Basa.
1093 4098 1152 4158 267,
1175 4097 1206 4146 12
1276 4099 1310 4148 26
1329 4099 1404 4148 tertia
1422 4097 1471 4150 ode
1488 4115 1515 4166 p.
1529 4100 1590 4164 229,

270 4168 304 4216 22
373 4165 408 4218 28
427 4165 527 4218 hoissi
546 4168 694 4234 iungas-
713 4179 803 4218 ventos
820 4184 849 4233 p.
868 4169 928 4227 211,
948 4169 985 4218 21
1107 4167 1114 4182 ”

337 4393 485 4454 2ιεψιοιιι
504 4392 614 4442 larrrhira
634 4390 711 4442 habet
729 4391 893 4447 dimetrons
963 4390 1158 4456 3ingredimur
1178 4389 1279 4446 Aue:
1306 4391 1341 4453 cf.
1359 4407 1387 4455 p.
1408 4395 1505 4454 aum
1575 4395 1592 4443 4

270 4459 340 4510 dirae
359 4459 496 4526 grandinis
514 4473 588 4528 pater
602 4461 683 4518 atita
746 4463 777 4512 10
796 4446 817 4512 ὦ
836 4451 912 4524 ἅναξ
931 4452 1066 4511 ἄπο11ὧν
1085 4457 1113 4510 el
1132 4475 1219 4526 μειια
1238 4460 1355 4525 aptiore
1369 4458 1435 4517 AB,
1453 4463 1479 4510 ia
1498 4463 1592 4512 laertem

270 4543 316 4579 am.
335 4541 361 4586 ς.
386 4529 531 4595 Hephoeat.
549 4547 575 4595 p.
597 4533 697 4593 45,11
719 4531 799 4580 schol.
821 4531 963 4595 Hephoeat.
982 4547 1009 4595 p.
1028 4531 1091 4587 219,
1113 4532 1146 4578 14
1168 4531 1210 4582 ed.
1235 4529 1354 4592 u'estph.
1378 4525 1429 4579 soal
1454 4525 1514 4580 ἔστι
1539 4526 1591 4594 τῆς

270 4592 323 4662 pla
341 4591 458 4666 ποιότης
476 4591 556 4668 peric
575 4589 649 4666 ἁρχὴ
670 4585 692 4650 ὦ
714 4591 778 4662 ’ναξ
798 4589 948 4659 Ἄπολλον,
973 4601 1029 4649 παῖ
1050 4591 1167 4664 μεγάλω
1186 4597 1257 4657 Δίος
1364 4600 1395 4648 12
1416 4597 1487 4649 vides
1521 4599 1590 4654 Hor,

270 4682 349 4718 earm.
372 4667 388 4718 I
405 4671 430 4728 9,
452 4671 465 4717 1
564 4671 595 4719 1⁵
615 4669 660 4719 dea
680 4680 707 4719 ut
725 4669 776 4718 alta
795 4682 844 4718 stet
869 4670 926 4718 nive
945 4667 1083 4717 candidum
1105 4669 1127 4716 vi
1149 4667 1315 4729 Gai-ssordius
1333 4667 1407 4716 uides
1427 4679 1455 4716 ut
1474 4679 1524 4717 ata
1542 4681 1592 4718 stet

272 4735 330 4786 niue
347 4737 487 4788 candidum
508 4737 596 4793 ΑΒς
680 4739 710 4788 17
731 4735 810 4788 iacies
830 4735 964 4793 siliceis
985 4739 1009 4786 A
1089 4737 1121 4787 21
1142 4736 1219 4787 iacies
1239 4748 1267 4786 ut
1285 4735 1332 4795 eri
1352 4737 1488 4803 primuss
1558 4739 1591 4787 21

271 4802 434 4870 glycouieum
453 4805 541 4863 §AB
640 4807 674 4857 28
693 4808 737 4870 ‹pr't
757 4819 858 4856 constat
876 4821 907 4856 ex
928 4805 1062 4872 spondaeo
1083 4817 1107 4856 et
1124 4806 1228 4870 dactylo
1244 4796 1275 4854 hs
1295 4827 1306 4854 a
1325 4817 1350 4855 et
1369 4806 1555 4869 lmnrotamque
1574 4819 1591 4862 ς

350 4876 384 4926 30
402 4873 525 4941 aegiptus
543 4869 570 4927 τ’
590 4871 734 4942 ἔμαχοντο
753 4873 804 4926 aul
823 4870 941 4928 uitulol
960 4890 1120 4943 pevsyuppt
1141 4877 1164 4926 A
1184 4889 1323 4940 navanter
1342 4889 1372 4925 aa
1390 4890 1520 4941 μαχοντο
1539 4892 1591 4928 και

272 4943 387 4994 areolos
406 4959 569 5012 μενεχαρμε
588 4943 629 4995 B:
648 4945 725 5000 Hurn.
749 4945 780 4997 11.
801 4947 817 5000 1
829 4948 881 4996 521
951 4946 983 4996 32
1004 4945 1163 5010 immotoque
1181 4943 1222 5001 B:
1245 4945 1324 5018 Veryy.
1345 4945 1413 4998 Aen.
1432 4941 1483 4994 111
1503 4949 1536 5006 ⁷7
