3874 5556
292 387 295 394 “
393 369 458 436 366
949 381 1169 429 rouuurmm

393 507 415 545 p.
430 493 489 533 erra.
504 491 527 532 to
540 491 566 532 r.
1151 519 1153 522 .

548 561 659 624 ictibus
681 557 752 641 quia
774 559 807 620 llt
830 556 964 627 duobus,
989 576 1048 620 ooo
1073 557 1202 636 gemello
1226 566 1374 636 tempore.

551 663 650 727 brevis
674 663 827 744 utrimque
850 665 889 740 sit
911 659 1033 732 licebit,
1058 660 1105 723 bis
1128 660 1219 723 lerire
1244 657 1427 721 couceuitz'
1521 677 1523 682 ’

453 783 469 792 “
486 782 537 825 mu
552 775 636 848 parte
661 783 729 828 uam
754 764 863 828 attollit
885 781 1043 842 sonorem,
1069 773 1154 846 parte
1178 762 1292 845 reliqua
1315 761 1461 844 deprimit

550 863 663 952 (ἄρσιν
686 869 765 932 bauo
789 867 896 932 Graeci
919 877 1083 940 vocarunt,
1108 866 1233 930 aiteram
1259 875 1364 928 contra
1387 860 1515 942 θέσιν);

551 992 609 1036 uua
633 987 725 1056 porro
749 974 794 1036 bis
818 973 908 1035 leriri'
925 973 1045 1054 rpuaodo
1068 972 1180 1056 poterit
1201 969 1331 1051 syllaba?

492 1125 493 1129 ,
552 1073 722 1160 temporum
747 1086 898 1140 momenta
921 1095 994 1140 saue
1017 1077 1083 1158 lege
1107 1086 1189 1139 certa
1214 1073 1357 1144 dividunt,

551 1199 605 1244 seu
629 1181 703 1244 duas
727 1199 780 1263 pes
802 1181 930 1262 quisquc
955 1181 1059 1261 iunget
1081 1181 1142 1243 sive
1167 1175 1270 1260 plores
1291 1176 1432 1259 syllabas.

488 1293 603 1347 resoaut
625 1286 705 1346 euim
730 1292 873 1364 qrrautum
898 1293 943 1346 est
966 1287 997 1345 iu
1021 1276 1129 1362 ἄρσει,
1154 1289 1270 1345 tantum
1294 1283 1353 1344 erit
1377 1289 1497 1362 torturus
1519 1277 1625 1351 θέσει,

553 1388 645 1450 altera
670 1393 721 1450 aut
743 1387 851 1468 simplo
877 1389 1005 1450 vicissim
1030 1387 1176 1468 ternporis
1200 1383 1324 1466 duplum
1349 1383 1442 1453 dabit,
1468 1424 1473 1430 ι

546 1489 693 1572 sescuplo
717 1490 761 1553 rel
786 1509 844 1552 urta
869 1492 968 1554 vincet
990 1489 1113 1552 alterius
1137 1487 1304 1570 singulum:

553 1593 693 1675 ‹pricquid
718 1596 783 1656 istis
806 1593 1004 1673 discrepabit,
1029 1593 1176 1678 absonum
1199 1592 1307 1654 reddet
1329 1591 1450 1654 rrrelum.

552 1699 641 1766 tatius
664 1704 795 1758 tractant
818 1698 953 1778 magistri
978 1695 1139 1778 rlrptbmiei
1163 1695 1209 1757 vel
1233 1697 1357 1758 musici:

489 1815 610 1863 roanos
634 1801 709 1863 viam
734 1802 823 1862 metri
847 1800 1004 1864 studemus
1027 1807 1113 1880 parte
1137 1798 1174 1861 ab
1198 1798 1297 1880 aliqua
1321 1798 1463 1880 paudere.

553 1921 625 1984 ergo
649 1923 716 1966 cum
741 1902 894 1966 reddenda
918 1921 1023 1966 rursus
1048 1903 1122 1966 lracc
1146 1905 1203 1964 erit
1227 1901 1391 1970 distinctio,

438 2085 442 2096 Ι
552 2025 610 2088 qua
634 2005 744 2088 pedum
768 1990 875 2069 natura
901 2015 1019 2088 poscet,
1044 2007 1116 2069 satis
1139 2003 1257 2068 habebo
1281 2007 1442 2085 attingere.

547 2099 634 2173 'nunc
657 2110 750 2189 pedes
774 2111 885 2172 accedo
909 2115 1041 2192 primos,
1067 2126 1143 2189 quos
1166 2117 1275 2172 vocant
1299 2107 1472 2190 disyllabos.

596 2213 715 2275 Primus
739 2213 787 2274 ille
811 2222 866 2284 est,
890 2215 955 2276 iure
980 2216 1112 2295 primus,
1135 2191 1275 2293 ἡγεμών
1299 2215 1350 2293 qui
1375 2211 1473 2276 dictus
1496 2223 1551 2282 est,

490 2335 541 2376 roeo
554 2324 661 2378 auctor
685 2326 716 2378 et
739 2316 846 2379 ductet·
870 2318 1032 2386 melorum,
1058 2316 1117 2397 qui
1133 2315 1208 2378 eletas
1231 2315 1339 2377 lueres
1362 2314 1463 2378 babet.
1506 2319 1508 2322 ’

552 2428 621 2482 ante
646 2421 725 2480 enim
750 2417 840 2482 breve
865 2427 909 2480 est
933 2431 1086 2490 creatum,
1112 2418 1263 2481 redditum
1289 2419 1412 2498 longum
1436 2418 1521 2490 dein,

544 2523 630 2586 sicut
654 2540 746 2604 trntrm
771 2539 918 2584 numerus
942 2533 1010 2586 autc
1035 2541 1125 2606 quam
1149 2521 1316 2584 secuudum
1341 2521 1484 2603 prodidit

554 2643 626 2705 ergo
650 2634 755 2686 natura
780 2637 921 2706 repertos
944 2629 1009 2688 iuro
1032 2627 1175 2708 princeps
1198 2625 1317 2696 dicitur,
1406 2691 1417 2712 ,

553 2737 734 2810 antequem
760 2746 819 2790 noo
845 2739 890 2792 est
913 2738 1048 2800 creatus,
1074 2747 1162 2810 qtrem
1187 2739 1355 2810 sequuntur
1378 2731 1484 2790 ceteri.

488 2850 539 2891 ross
555 2827 725 2912 δίβραχυν
749 2831 853 2894 dixere
878 2833 1004 2902 Graeci,
1029 2832 1107 2913 qrrod
1132 2835 1171 2894 sit
1194 2829 1342 2896 ambabus
1366 2831 1476 2894 brevis.

554 2932 734 3015 πυρρίχιος
757 2933 837 2996 idem
861 2945 1000 2997 vocatur:
1024 2937 1137 3017 quippe
1161 2944 1190 2997 ct
1214 2945 1301 3017 optus
1325 2935 1509 3015 pyrrbicbae

555 3045 614 3098 tam
639 3039 699 3099 cito
723 3047 804 3100 motu
830 3048 983 3110 recmsat,
1008 3057 1097 3119 ipram
1124 3039 1231 3100 breves
1255 3037 1285 3100 bi
1309 3046 1379 3100 sunt
1403 3039 1479 3098 soni.

554 3142 678 3204 tertium
702 3139 836 3203 detrecto
862 3157 987 3202 nomen:
1013 3139 1078 3222 lege
1104 3159 1172 3203 uam
1195 3143 1282 3203 metri
1308 3149 1408 3202 vetor:

553 3243 751 3328 παρίαμβον
775 3261 904 3325 natoque
927 3244 1043 3314 dicunt,
1067 3247 1092 3308 si
1118 3243 1254 3326 probatis
1278 3241 1428 3324 ἔκτασιν,

490 3364 605 3410 raroars
627 3354 707 3409 vetat
730 3349 847 3428 primae
871 3366 982 3428 negare
1005 3349 1099 3428 spatia
1125 3347 1192 3410 bina
1217 3345 1359 3429 syllabae.

554 3450 684 3514 reddere
708 3461 809 3514 autem
833 3451 961 3532 pedibus
984 3451 1078 3514 isdem
1103 3451 1188 3532 plura
1213 3469 1304 3531 cogor
1328 3452 1459 3520 nonum,

555 3555 663 3635 nequis
687 3565 783 3624 erret,
808 3555 927 3636 quando
951 3573 1060 3617 nomen
1085 3555 1165 3617 aliud
1190 3553 1262 3616 alibi
1285 3557 1443 3625 invenerit,

557 3674 590 3718 ac
614 3667 700 3737 putet
722 3659 841 3737 pigrum
865 3657 910 3718 rel
936 3661 1009 3720 artis
1033 3677 1128 3741 usque
1152 3657 1188 3720 ad
1212 3658 1267 3738 ista
1291 3659 1435 3720 nescium.

470 3817 476 3820 .
557 3759 647 3822 buius
672 3760 843 3842 excrnplum
869 3761 981 3823 ridebis
1006 3781 1081 3832 esse,
1106 3779 1174 3823 cum
1199 3761 1280 3823 dices
1305 3761 1435 3824 lrouor.

491 3871 601 3924 rsrscst
625 3863 693 3924 huic
716 3864 860 3928 adversus
884 3865 933 3927 iile
957 3867 1008 3945 qui
1032 3865 1106 3926 duas
1129 3863 1235 3943 longas
1258 3863 1357 3935 babet,

555 3964 678 4046 syllabis
702 3983 823 4048 compar
847 3971 951 4049 priori,
978 3972 1124 4050 temporis
1147 3967 1271 4050 tlttplum
1296 3986 1432 4038 mercum

555 4071 607 4149 qui
630 4069 710 4150 quod
734 4069 764 4129 iu
788 4071 907 4151 templis
931 4091 1061 4134 canorus
1085 4091 1100 4134 a
1124 4091 1197 4134 sono
1222 4073 1302 4134 uocis
1326 4069 1420 4132 malac

556 4173 683 4234 auribus
706 4171 830 4235 libantis
852 4173 951 4236 obstat
975 4186 1003 4236 et
1027 4175 1120 4246 lavet,
1145 4177 1297 4262 spondeus
1322 4185 1376 4238 est.

403 4313 608 4325 —..-—-——

473 4383 537 4434 1352
560 4381 647 4433 Prisc.
670 4381 687 4429 l.
710 4379 751 4430 VI
776 4381 836 4438 228,
856 4381 871 4428 ⁹
943 4383 1111 4433 ruse-1565
1137 4381 1207 4436 liar.
1230 4382 1330 4433 Victor.
1354 4385 1397 4445 dd,
1417 4383 1528 4438 to-to,
1548 4383 1585 4432 23
1657 4381 1718 4432 1359

401 4469 503 4520 -1369
523 4469 604 4520 Diem.
625 4469 682 4522 4715,
703 4468 788 4516 9-51

472 4644 537 4695 toto
558 4640 604 4692 DE
625 4638 702 4692 ARSl
723 4639 765 4690 ET
783 4637 894 4692 uuest.
931 4639 1147 4692 deuoluunt!
1216 4642 1348 4692 1355110s
1369 4637 1550 4696 utamedoo
1571 4641 1639 4690 triam
1659 4641 1688 4692 dl

404 4729 468 4780 1351
492 4743 558 4792 quae
583 4728 677 4795 pedttm
701 4727 841 4778 Brisauerta
917 4729 984 4779 1359
1009 4725 1052 4776 DF.
1079 4727 1224 4780 Pssutssvs
1251 4723 1451 4776 utstttuuts
1475 4725 1508 4776 M
1581 4729 1648 4778 1365
1678 4723 1718 4778 DE

402 4813 604 4868 etuuutcttto
629 4814 675 4866 ET
698 4811 852 4864 secieto
878 4814 911 4866 ,tt
979 4813 1044 4864 1368
1069 4813 1112 4864 det
1135 4827 1202 4864 recto
1224 4815 1252 4864 ,u
1325 4813 1390 4864 1369
1408 4809 1578 4881 παριάμβον
1597 4813 1717 4882 Micyllus

258 4975 263 4982 .
404 4897 619 4966 cecropides-M
