3888 5550
909 397 913 403 v
947 325 1169 376 rnenurmur

640 524 770 586 namque
794 505 844 567 hic
869 503 907 566 de
930 519 1045 582 genere
1068 510 1115 566 est
1137 501 1375 584 phalaeciorum‚

640 612 729 672 cuius
753 627 823 672 mox
848 605 902 668 tibi
927 605 1062 687 reguiam
1085 605 1256 689 loquemur.

639 731 721 776 nunc
745 711 794 773 hic
817 707 884 774 talis
908 712 968 773 erit
991 727 1111 781 versus,
1136 719 1170 772 ut
1192 709 1241 772 hic
1265 717 1318 779 est,

640 824 840 898 postquam
864 831 927 876 res
948 811 1081 886 Asiae,
1106 816 1254 896 primns
1278 811 1323 873 ab
1346 813 1441 883 oris,

574 929 675 983 rescat
699 921 832 998 regine
856 920 966 997 gravi
989 921 1120 981 saucia
1144 934 1249 984 eura,

640 1024 696 1086 sic
719 1021 820 1084 iatur
843 1019 1069 1093 lacrimans,
1094 1022 1215 1082 mittit
1237 1017 1421 1090 habenas,

542 1209 544 1212 Ι
641 1135 677 1187 et
699 1124 845 1186 tandem
870 1122 1054 1186 Euboicis
1077 1123 1222 1187 labitur
1244 1123 1335 1184 oris.

640 1231 729 1292 istum
753 1228 938 1309 semipedem
961 1228 1058 1310 prima
1083 1230 1239 1308 sequentis

641 1331 811 1415 spondeum
833 1332 965 1394 medium
989 1331 1098 1394 reddet
1120 1335 1288 1412 utrimque:

579 1455 629 1496 ross
644 1445 769 1518 quartus
793 1435 953 1516 ditraeuys
978 1445 1039 1498 est:
1064 1437 1186 1517 quintus
1211 1437 1240 1496 in
1265 1435 1324 1497 imo

553 1591 555 1597 ,
640 1538 809 1620 spondeum
832 1541 922 1602 saciet
944 1541 1006 1601 sire
1031 1538 1215 1602 trochaeum.

685 1642 758 1705 Cum
783 1659 853 1704 raro
877 1643 1069 1724 iteptameres
1094 1643 1186 1705 tuerit
1209 1641 1315 1704 divisio
1339 1661 1452 1712 versus,

641 1749 672 1808 iu
697 1741 821 1825 tragicis
844 1745 1025 1826 pierumque
1048 1746 1151 1818 choris
1176 1745 1377 1824 deprenditur
1401 1763 1479 1806 rinus

642 1847 776 1912 insertus
799 1848 901 1911 muitis
923 1866 983 1911 non
1009 1867 1067 1911 uria
1091 1848 1159 1928 iege
1183 1851 1303 1912 creatis.

577 1971 628 2014 roeo
643 1951 742 2014 fabula
764 1953 813 2038 sie
831 1951 985 2032 Euripidis
1008 1953 1111 2016 inclita
1135 1961 1284 2016 monstrat
1306 1952 1443 2016 Orestes:

642 2073 711 2119 nam
737 2054 789 2119 tali
813 2073 901 2118 versu
924 2059 1039 2118 cunctis
1065 2054 1287 2136 trepidantibus
1311 2059 1391 2117 intus

644 2161 789 2239 Argivum
813 2161 932 2240 fugiens
955 2159 1113 2222 eunuchus
1136 2160 1251 2238 flagitat
1273 2177 1397 2231 etisem3
1434 2219 1439 2225 .

642 2272 743 2325 cetera
767 2282 827 2325 non
851 2262 940 2338 simili
963 2266 1120 2344 componit
1143 2263 1224 2342 iege,
1249 2263 1300 2324 sed
1325 2272 1412 2343 aptos

645 2369 791 2429 continue
815 2365 933 2447 trepido
956 2365 1060 2447 piures
1084 2367 1216 2428 conectit
1239 2365 1365 2428 iambos.

579 2485 631 2529 raca
645 2465 751 2530 inserit
774 2468 848 2530 haec
871 2487 967 2550 aeque
991 2469 1174 2548 Pomponius
1198 2471 1229 2530 in
1253 2469 1383 2530 ehorieis
1405 2469 1458 2536 sic,

646 2571 848 2634 ‘Riroeteis
871 2569 1007 2655 proceri
1031 2593 1048 2636 a
1074 2573 1220 2643 terr-is',
1246 2589 1315 2632 mox
1339 2570 1457 2653 dispare
1482 2589 1569 2635 versu

646 2673 798 2747 subiecto,
823 2675 1059 2758 ‘Priamique
1083 2693 1169 2737 aras
1192 2674 1368 2737 damnare
1392 2675 1507 2757 pias':
1532 2684 1604 2738 tunc

647 2776 785 2840 ‘obrue
810 2797 876 2841 nos
898 2779 1120 2861 Dariaosque
1143 2776 1274 2841 simni'
1298 2779 1425 2860 parilem
1450 2777 1532 2840 dedit
1555 2779 1609 2841 iiii.

646 2900 706 2943 non
731 2880 871 2964 equidem
894 2901 1017 2964 possum
1041 2893 1086 2946 tot
1110 2883 1225 2965 priseos
1251 2899 1339 2944 nosse
1362 2892 1477 2962 poetas,
1577 2877 1579 2882 ’

582 2992 678 3046 orout
702 2991 836 3046 veterum
861 2985 1007 3064 exemptis
1030 2985 1143 3048 valeam
1167 3004 1245 3068 quae
1269 2995 1365 3047 tracto
1387 2983 1532 3066 probare:

646 3087 768 3149 Maurus
791 3090 862 3150 item
887 3099 1016 3170 quantos
1040 3085 1123 3170 potui
1148 3107 1334 3169 cognoscere
1359 3089 1483 3152 Graios?

646 3209 775 3273 qnorum
798 3195 961 3273 praecipue
986 3191 1095 3254 studiis
1119 3212 1167 3254 ars
1191 3195 1303 3254 musica
1327 3203 1454 3254 constat.

646 3311 735 3356 nemo
759 3305 859 3356 tamen
884 3292 1000 3374 culpet,
1024 3291 1051 3356 si
1073 3314 1161 3358 sumo
1186 3296 1321 3376 exempla
1346 3294 1478 3357 noveiia:

647 3415 716 3460 nam
741 3406 770 3459 et
794 3398 901 3459 melius
924 3399 1022 3459 nostri
1044 3409 1204 3460 servarunt
1228 3407 1324 3459 metra
1348 3400 1493 3461 minores.

583 3519 633 3560 rere
649 3499 826 3580 Septimius,
852 3501 1036 3580 docuitque
1060 3499 1142 3564 ruris
1165 3501 1309 3582 opuscula
1332 3502 1421 3574 libro,

649 3602 705 3665 hoe
728 3621 840 3683 genere
863 3604 987 3666 adsidue
1011 3605 1135 3674 cecinit;

647 3724 762 3786 ponere
784 3725 878 3787 pauca
903 3707 978 3770 mihi
1002 3715 1047 3769 sat
1069 3711 1137 3778 erit,

537 3829 540 3836 ’
648 3809 791 3893 ‘inquit
814 3814 957 3874 amicus
980 3828 1068 3891 ager
1092 3813 1242 3874 domino

648 3911 825 3984 „sibene
849 3918 894 3977 mi
918 3917 1052 3985 iacias,
1078 3911 1272 3977 memini‘·:

393 4073 601 4086 *—

460 4161 526 4211 1961
540 4157 643 4210 Ennod.
656 4157 733 4221 epist.
755 4154 832 4205 VIII
850 4158 883 4206 21
903 4153 1072 4207 Terentianus
1097 4173 1137 4208 me
1162 4159 1265 4208 induxit
1288 4160 1313 4208 iu
1343 4159 1386 4209 ilio
1412 4157 1546 4225 exemplo.
1571 4160 1621 4209 ‘sie
1643 4157 1707 4208 satur

389 4247 527 4297 lacrimans
547 4243 677 4304 eiessique
700 4242 814 4290 immittit
836 4241 962 4291 lrahenas’
1044 4245 1214 4296 leot-2004
1238 4245 1308 4298 iiior.
1332 4247 1431 4296 Victor.
1450 4247 1509 4308 121,
1530 4247 1658 4307 16-122,
1676 4245 1706 4294 11

460 4419 527 4468 teto
546 4409 697 4482 postquem]
727 4412 806 4479 Verp.
832 4413 898 4465 Aen.
922 4412 975 4464 111
999 4417 1014 4464 1
1085 4415 1194 4480 primus]
1223 4415 1302 4479 Verp.
1329 4419 1394 4467 Aen.
1415 4416 1430 4467 1
1449 4420 1464 4466 1
1536 4418 1605 4470 1950
1631 4395 1705 4482 Verp.

390 4505 457 4559 Aen.
477 4501 547 4553 IIII
567 4505 581 4551 1
653 4501 727 4552 1951.
752 4501 784 4550 59
807 4499 886 4566 Verp.
911 4501 978 4551 Aen.
1003 4499 1046 4550 VI
1063 4505 1086 4554 1.
1107 4505 1123 4552 2
1195 4503 1261 4553 tent
1280 4518 1337 4552 cum
1361 4515 1423 4552 uero
1442 4501 1605 4568 iteptameres
1623 4501 1706 4554 Lari·

389 4605 496 4640 mannua
514 4603 572 4637 eum
594 4601 654 4637 itero
668 4585 902 4651 ireplitiremimeres
917 4586 947 4636 M
964 4596 992 4636 at
1009 4601 1065 4636 eum
1080 4571 1316 4654 itepittiremimeres
1331 4587 1452 4648 ntupum
1506 4589 1573 4639 1960
1593 4581 1705 4652 Orestes]

389 4693 411 4726 u.
432 4676 501 4726 1369
519 4689 576 4740 sqq.
648 4672 714 4722 tec-2
734 4668 976 4740 flagitatJeiamitat
993 4675 1102 4724 coniecit
1120 4673 1259 4725 Santeuiua
1330 4673 1395 4724 1961
1419 4672 1705 4740 darnnnteaputiMar·
1747 4680 1750 4688 ’

396 4760 496 4810 Victor.
517 4777 543 4824 p.
564 4761 623 4821 121,
648 4761 682 4808 21
704 4759 787 4808 edidit
809 4757 974 4809 Carnerorius
1046 4761 1111 4810 tete
1135 4776 1177 4810 urs
1201 4759 1339 4810 Saateat‘us
1363 4773 1423 4826 pars
1447 4759 1479 4810 M
1555 4761 1622 4811 tert
1649 4773 1704 4810 nem

392 4844 484 4896 meiius
508 4842 650 4894 Brissaeus
721 4845 787 4894 1916
810 4859 905 4910 genere
927 4857 943 4900 ς
967 4861 1055 4910 gerere
1074 4845 1106 4895 ,11
