3906 5564
616 331 697 388 ΛΒΤ.
717 329 828 386 GRAM.
851 332 914 386 LIB
950 334 979 388 II
997 336 1022 396 6,
1042 337 1054 386 1
1075 365 1109 378 -
1126 338 1151 397 7,
1171 337 1186 386 t'.
1525 336 1566 404 87

267 439 288 482 p.
302 428 408 470 teta-sa
421 427 443 470 l‘.
1375 449 1396 490 p.
1414 439 1458 480 lii.
1473 440 1498 482 ta
1512 437 1538 482 G.

572 519 680 602 Lydia,
705 523 753 586 dic
774 521 906 604 perdere
930 541 984 586 cur
1008 523 1200 594 humectis:
1228 523 1233 608 Ι

242 620 404 686 dimetrum
427 641 546 706 quoque

740 727 831 812 Lydia
856 728 905 792 dic
929 747 1053 794 canoro.
1201 797 1203 800 ,

241 830 356 908 Ιιυὶε,εἰ
379 857 394 893 ε
418 832 547 912 primam
571 835 691 915 longam
714 835 894 912 mutaveris,
925 833 954 896 id
979 843 1024 896 est
1052 836 1078 896 si
1102 834 1246 898 trochaeo
1272 846 1405 900 retracto
1430 829 1563 901 iambum

216 935 393 1015 eposueris,
417 943 546 999 metrum
571 937 823 1018 antispasticum,
842 937 922 1018 quod
946 944 992 1000 est
1015 936 1083 1000 huic
1107 942 1306 1014 contrarium,
1337 939 1499 1020 lrgtrrabis,
1532 951 1564 1004 ut

218 1034 227 1050 '
708 1039 804 1102 libens
826 1037 923 1122 Lydia
947 1041 995 1104 dic
1019 1059 1082 1104 cur.

238 1143 407 1206 invenimus
421 1143 600 1228 plerumque
616 1153 645 1208 et
660 1145 734 1210 ahos
750 1144 972 1208 choriambicos
996 1143 1204 1228 [teuametros
1221 1147 1425 1232 catalecticos]
1446 1168 1560 1222 versus,

238 1246 402 1330 inquibus
430 1265 537 1312 ornnes
559 1247 668 1330 longae
696 1247 825 1311 initiales
848 1247 1095 1314 choriamborum
1125 1250 1236 1332 pedum
1266 1250 1397 1334 syllabae
1426 1255 1457 1315 in
1488 1253 1562 1317 duas

239 1349 344 1414 breues
368 1351 479 1415 divisae
510 1351 683 1434 ambiguum
708 1370 827 1416 versum
851 1353 994 1417 alliciunt
1042 1362 1132 1416 eruut
1162 1355 1241 1416 euim
1271 1356 1498 1436 corriugatioues
1521 1357 1558 1422 de

202 1451 390 1536 rotribrachy
413 1465 442 1518 et
465 1456 565 1520 iambo
588 1455 749 1528 formatae,
774 1467 927 1538 tamquam

433 1579 526 1642 super
548 1562 610 1642 agit
632 1579 706 1624 aura
728 1579 813 1624 mare
836 1561 939 1624 lerens
962 1559 1069 1640 procul
1092 1572 1194 1624 acatos
1217 1560 1350 1626 biremis.

321 1663 386 1726 line
413 1682 549 1746 quoque,
580 1681 617 1726 ne
647 1667 830 1746 praeterisse
858 1665 1048 1745 ignoratione
1079 1665 1195 1739 ridear,
1225 1669 1379 1748 attingam.
1432 1667 1559 1748 legimus

237 1766 313 1848 apud
337 1767 495 1832 Horatium
519 1769 551 1830 in
574 1787 608 1831 ea
633 1767 699 1840 ode,
725 1769 811 1832 cuius
832 1770 951 1832 initium
975 1778 1020 1830 est

668 1871 797 1955 Lydia,
822 1871 882 1934 dic
905 1889 972 1953 per
995 1890 1123 1935 omues

201 1993 224 2036 ιι
668 1975 738 2039 hoc
761 1975 851 2040 deos
874 1993 977 2048 vere,

235 2075 331 2167 legem
354 2079 442 2142 metri
465 2079 596 2144 admisso
619 2079 755 2162 spondeo
778 2079 903 2143 minime
927 2078 1121 2152 custoditam,
1146 2079 1177 2142 id
1201 2092 1246 2144 est
1269 2100 1303 2143 os
1321 2099 1365 2143 ve.
1398 2099 1467 2144 naut
1482 2083 1556 2144 iarn·

237 2180 306 2245 bum
329 2180 404 2255 illie,
437 2185 488 2266 qui
512 2185 690 2248 trochaeum
713 2185 860 2267 sequitur,
886 2201 952 2246 esse
979 2193 1171 2246 convenerat.
1218 2184 1324 2266 quodsi
1347 2183 1445 2265 legem
1469 2187 1558 2247 metri

235 2288 265 2348 in
287 2287 374 2350 omui
385 2304 475 2350 versu
490 2305 611 2350 servare
627 2285 784 2359 voluisset,
810 2285 880 2348 ‘hoc
896 2285 951 2348 dea
968 2291 1049 2348 vere’
1074 2289 1237 2368 posuisset,
1264 2297 1296 2351 ut
1312 2298 1391 2352 esset
1407 2287 1556 2352 choriam-

236 2387 289 2453 bus
310 2409 366 2473 pes
388 2390 503 2456 habens
526 2390 692 2455 clausulam
721 2389 891 2454 antibacchl
914 2387 1048 2453 ultimam
1071 2389 1163 2454 huius
1186 2391 1284 2461 modi,
1315 2395 1388 2453 ‘cur
1411 2409 1557 2474 properas

171 2493 385 2576 ‚mamandob
402 2493 414 2578 b
430 2493 510 2578 quod
535 2493 654 2558 silentio
677 2493 742 2558 dari
764 2492 844 2557 baud
867 2511 975 2574 passus
998 2513 1082 2564 sum;
1107 2497 1186 2558 sicut
1201 2504 1232 2558 et
1254 2495 1311 2559 hoc
1335 2495 1555 2576 heptamctrum

236 2595 440 2662 catalecticum
464 2598 703 2662 citoriambicum
726 2616 852 2680 purum,
877 2597 958 2678 qnod
982 2597 1189 2680 Phrynichum
1214 2601 1373 2671 cauticum,
1398 2607 1553 2679 auctorem

236 2702 298 2766 eius
318 2703 407 2776 artis,
431 2702 593 2766 tradidisse
616 2711 646 2765 et
668 2703 715 2766 sui
737 2703 868 2764 nominis
891 2701 1093 2784 appellatione
1115 2704 1248 2783 signasse
1273 2702 1386 2765 dicunt.
1419 2721 1487 2766 nam
1513 2711 1557 2766 est

233 2803 304 2880 lale,

235 2909 271 2972 da
291 2910 366 2974 mihi
381 2909 470 2994 poclo
487 2910 612 2974 Veneris
627 2910 729 2982 mixta,
754 2907 960 2990 Thyonigena
977 2908 1023 2972 rel
1040 2909 1142 2973 Gratia
1159 2909 1239 2994 quod
1257 2911 1305 2972 det
1330 2929 1418 2974 roseo
1433 2909 1551 2973 labello.

198 3011 311 3078 neultra
334 3033 423 3097 quam
445 3015 659 3096 proceritatem
682 3012 922 3076 choriambicum
946 3029 1006 3074 non
1029 3011 1115 3076 lacile
1139 3017 1238 3095 possis
1260 3016 1407 3095 reperire.

643 3201 692 3266 DE
713 3201 847 3266 blE'l'iiO
870 3201 1144 3267 antistasttco

317 3325 386 3388 Scio
408 3325 554 3408 quosdam
577 3343 670 3406 super
685 3327 842 3405 antispasti
859 3325 959 3406 specie
972 3325 1147 3406 recipienda
1172 3327 1251 3388 inter
1268 3343 1374 3390 novem
1392 3335 1549 3408 prototypa

235 3427 396 3494 dubitasse.
442 3447 512 3493 nam
536 3447 606 3492 raro
629 3427 790 3492 adutodum
812 3437 929 3492 veteres
951 3429 1102 3510 integrum
1127 3445 1163 3490 ex
1186 3449 1222 3490 eo
1245 3447 1379 3502 carmen,
1410 3429 1488 3510 quod
1513 3433 1551 3494 sit

235 3541 337 3596 natura
360 3531 502 3596 scabrum
525 3534 606 3596 inter
628 3531 785 3614 rhythmos
808 3541 898 3615 atque
921 3550 1076 3614 asperum,
1107 3535 1314 3614 composuisse
1338 3533 1547 3615 perhibentur.

198 3655 336 3703 severum
359 3635 529 3701 cumidem
553 3638 619 3718 pari
641 3639 835 3718 cognatione,
860 3655 917 3720 qua
942 3644 971 3698 et
994 3638 1072 3698 inter
1096 3655 1129 3698 se
1153 3636 1201 3700 alii
1224 3637 1326 3718 pedes,
1353 3637 1357 3720 l
1381 3637 1551 3720 dequibus

234 3740 460 3824 supradictum
485 3749 543 3814 est,
567 3760 637 3805 eum
660 3739 838 3805 choriambo
861 3739 1034 3824 copuletur,
1058 3739 1207 3822 siquidem
1231 3743 1413 3822 antispastus
1435 3739 1551 3803 duabus

235 3847 382 3925 utrimque
406 3843 549 3909 brevibus
577 3844 653 3909 duas
675 3843 781 3926 longas
803 3848 835 3908 in
858 3845 958 3908 medio
981 3845 1050 3908 sitas
1073 3842 1199 3915 habeat,
1233 3844 1426 3907 choriambus
1450 3854 1550 3908 autem

234 3947 346 4014 duabus
377 3951 528 4031 utrimque
555 3947 652 4028 longis
681 3948 895 4012 mediastinus
919 3948 1025 4012 breves
1054 3957 1170 4020 teneat,
1201 3959 1402 4012 consentanea
1431 3949 1548 4010 ratione

301 4141 331 4190 ia
349 4137 405 4190 iloc
423 4152 526 4204 quoque
544 4163 575 4174 -
595 4139 629 4190 20
647 4137 758 4189 amando
775 4155 804 4205 p.
822 4141 892 4190 2⁶14

235 4243 436 4254 -n———t

299 4297 312 4345 i
330 4309 377 4344 cur
394 4291 458 4345 velis
477 4293 545 4344 huno
562 4291 724 4344 scribentium
742 4301 789 4352 est,
809 4299 835 4344 ai
850 4295 925 4346 modo
942 4301 1015 4344 recte
1032 4293 1138 4346 bacchio
1158 4295 1198 4344 ael
1214 4292 1396 4359 maphibruchn
1415 4294 1548 4344 omniexia

232 4365 449 4430 εοπιίηεήεειρνα
466 4365 557 4424 86,14
576 4363 669 4414 tiletum
687 4369 734 4416 est.
764 4365 886 4415 creticum
903 4363 1014 4414 admittit
1032 4361 1195 4428 Hephaestio
1213 4379 1240 4428 p.
1255 4365 1297 4422 30,
1311 4365 1344 4413 ta
1364 4363 1404 4413 ed.
1427 4362 1547 4427 Westpd.

296 4434 312 4485 2
330 4433 521 4497 dimetrumque
539 4431 610 4498 lydia
628 4432 653 4483 Α
666 4429 722 4487 Βς
795 4435 811 4484 l
834 4436 927 4485 lacteam
946 4449 1020 4499 paam
1036 4434 1151 4484 indicari
1169 4435 1205 4483 ita
1221 4432 1281 4496 scre
1299 4433 1419 4498 suppleri
1434 4440 1549 4496 poterat,

233 4501 326 4554 huiusi
346 4501 413 4554 duas
432 4501 546 4568 syllabas
565 4516 580 4551 a
599 4500 649 4551 line
667 4500 794 4552 detractas
817 4503 1010 4570 praeposueris,
1034 4503 1144 4568 primam
1169 4502 1275 4567 lorrgam
1299 4501 1325 4550 iu
1345 4501 1447 4551 breuem
1466 4511 1548 4550 natita-

233 4571 296 4624 reria
378 4572 523 4622 bmetrum
540 4572 715 4638 antispastum
734 4568 828 4627 Alte
909 4569 1081 4640 8pedemB
1158 4574 1188 4621 tt
1208 4569 1357 4635 superabit
1375 4585 1438 4621 aura
1459 4570 1548 4621 Come-

232 4643 315 4693 rariua
378 4635 744 4707 tsinesodeJeam.1e
807 4642 838 4692 lb
857 4638 928 4709 rere]
950 4651 1032 4695 oros
1108 4643 1139 4692 16
1158 4640 1330 4702 admissosA
1402 4654 1431 4689 os
1451 4635 1494 4706 ve]
1517 4654 1546 4690 os

233 4723 293 4766 ore
363 4712 395 4763 ts
413 4709 545 4762 hccdeos
563 4721 645 4766 oros
714 4707 858 4778 posuisset]
880 4712 1010 4778 potuisset
1028 4708 1053 4758 B
1123 4713 1156 4761 ‘20
1174 4709 1387 4764 ltexamerrums
1457 4711 1491 4759 ‘tt
1513 4708 1547 4760 da

233 4778 290 4830 mihi
309 4777 384 4847 poclo
403 4779 514 4831 Veneris
532 4780 614 4832 mixtu
631 4778 733 4844 Thynoi
752 4780 836 4844 gratia
855 4781 925 4843 quod
944 4781 976 4832 de
994 4793 1069 4828 roseo
1089 4778 1181 4829 labello
1201 4792 1217 4833 ς
1300 4776 1388 4844 proclo
1408 4779 1432 4828 A
1449 4777 1471 4827 B

230 4845 341 4906 fortasse
364 4849 445 4900 mixte
463 4848 590 4914 Thyoneo
612 4864 683 4899 mern
700 4848 739 4898 rel
822 4851 893 4915 quod
916 4861 940 4900 et
963 4862 1039 4899 roseo
1059 4847 1121 4899 AB
1201 4849 1235 4898 ‘26
1254 4845 1297 4896 iili
1318 4845 1431 4897 blETliO
1452 4845 1544 4898 tinti-

233 4913 355 4968 SPASTO
377 4921 401 4969 A
414 4917 469 4975 Βς
540 4921 571 4970 31
593 4915 683 4986 supra]
703 4935 729 4982 p.
750 4920 796 4982 ⁶³,
819 4921 848 4968 l!
919 4921 951 4971 33
972 4917 1068 4967 titediu-
1089 4917 1180 4967 luceres
1200 4917 1224 4966 A
1238 4914 1263 4964 Β
1276 4928 1292 4971 ς
