3904 5556
288 390 312 440 x
711 437 716 442 ,
745 446 751 452 ,
799 359 800 362 ’
845 387 1052 439 remaneto

288 562 406 629 editore
429 565 577 630 adhibitis
599 567 712 647 scripta
735 575 806 628 suut
833 565 909 628 hacc
938 568 968 628 itt
996 565 1187 648 praefatione
1211 563 1318 628 adami
1342 564 1426 629 Petri
1457 566 1493 629 ad
1516 567 1616 651 ¹dllnm

288 671 310 733 l.
333 665 385 744 2⁴¹,
409 669 465 733 ‘De
488 671 593 732 metris
616 687 691 732 ucro
720 669 859 740 comicis,
892 671 961 752 quia
990 668 1170 732 altissimum
1200 667 1376 732 uideremus
1409 671 1487 752 apud
1517 687 1617 749 gram·

288 774 415 838 maticos
439 781 590 837 nostrates
613 770 781 844 silentium,
814 791 850 834 ex
880 773 977 836 llario
1000 772 1175 844 Victorino,
1210 773 1296 835 cuius
1324 781 1395 834 sunt
1417 784 1447 836 et
1475 773 1532 836 alia
1557 793 1616 836 non

287 877 466 950 indoctiora,
492 877 640 956 quaedam
664 893 770 939 sumus
793 877 930 948 mutuati,
960 896 1037 959 quae
1060 877 1150 939 nobis
1178 875 1237 938 hoc
1259 876 1430 958 promptius
1454 877 1618 940 Sichardus
1651 925 1655 932 .

289 982 536 1051 communicarit,
561 992 594 1042 ut
617 987 647 1040 et
663 997 711 1041 mc
733 978 790 1040 sibi
808 979 1029 1050 demereretur,
1054 991 1085 1041 et
1107 979 1217 1042 studiis
1232 979 1292 1040 tuis
1307 977 1403 1041 'simul
1420 979 1616 1043 consuleret'.

289 1085 398 1148 deinde
422 1082 569 1146 Victorini
591 1081 680 1144 libris
704 1081 778 1146 baec
803 1076 970 1162 praemissa
994 1093 1041 1146 est
1065 1083 1223 1165 praelatio,
1248 1081 1391 1144 ‘Lectori
1438 1081 1538 1144 Torsit
1562 1102 1617 1166 pro

289 1187 453 1266 exiguitate
476 1205 529 1250 sua
553 1183 603 1248 bic
626 1205 683 1248 nos
699 1187 870 1248 Victorinus
892 1187 966 1248 satis
990 1188 1109 1258 misere,
1135 1185 1206 1248 dunt
1231 1183 1345 1248 nnllam
1370 1185 1407 1246 de
1430 1187 1496 1250 eins
1520 1197 1618 1250 aetate

289 1300 378 1371 atque
402 1291 500 1373 patria
523 1291 673 1354 rationem
690 1292 768 1353 inire
793 1307 955 1372 possumus
972 1293 1146 1360 certiorem,
1171 1307 1267 1374 eoque
1284 1291 1389 1369 magis,
1413 1289 1492 1372 quod
1515 1307 1617 1352 esem·

178 1439 184 1446 -
288 1393 453 1478 piaclorum
477 1403 559 1457 tanta
584 1403 664 1456 esset
685 1395 765 1458 inter
788 1412 822 1456 se
846 1394 1005 1464 dissensio,
1039 1412 1171 1476 quorum
1194 1393 1254 1456 duo
1278 1411 1294 1454 e
1317 1393 1468 1464 Lattrissa,
1494 1394 1617 1456 tertium

290 1519 327 1563 ex
349 1497 526 1562 blurbaohio
556 1496 645 1560 nobis
674 1495 841 1560 sichardus
870 1499 1162 1560 communicaverat:
1194 1496 1253 1560 Sed
1283 1515 1339 1560 nos
1368 1495 1497 1559 alterum
1527 1497 1616 1578 plane

290 1603 398 1680 coegit,
424 1609 456 1662 ut
473 1617 529 1664 nec
554 1599 688 1663 eiusdem
705 1599 829 1680 quidem
854 1601 971 1662 autoris
995 1603 1096 1662 omnia
1114 1599 1319 1664 crederemus.
1344 1603 1523 1682 praesertim
1547 1619 1616 1690 cum

289 1705 504 1767 Laurissanunt
529 1703 684 1783 exemplar
712 1722 764 1764 sua
788 1701 918 1766 blaximo
949 1701 1068 1766 cuidant
1093 1702 1263 1773 Victorino,
1294 1702 1376 1765 aliud
1404 1721 1478 1765 uero
1508 1715 1614 1766 contro

290 1807 384 1870 biario
408 1815 530 1878 asserat,
554 1825 643 1890 quent
660 1815 779 1869 constat
802 1805 974 1869 eruditione
990 1805 1103 1868 celebri
1122 1805 1271 1868 lactantii
1286 1806 1476 1887 temporibus
1493 1807 1616 1881 Romae,

290 1927 359 1972 cunt
390 1907 503 1992 alioqui
533 1911 604 1972 hiet·
640 1919 736 1981 esset,
773 1909 934 1972 Rhetorica
972 1908 1121 1971 docuisse.
1173 1909 1335 1970 Praeterea
1365 1927 1421 1971 nec
1456 1910 1616 1974 uidebatur

102 2075 105 2082 ,
205 2085 208 2090 ,
288 2011 386 2076 simile
415 2014 496 2084 ueri,
532 2015 622 2075 toties
642 2013 772 2076 eundern
797 2022 933 2075 autorem
958 2023 1112 2075 uersatum
1142 2029 1207 2074 esse
1232 2014 1264 2074 in
1293 2012 1399 2072 eodem
1428 2023 1616 2092 argumento,

288 2116 427 2199 adeoque
450 2119 482 2178 in
507 2119 640 2197 speciem
664 2114 784 2196 puerili.
829 2114 1053 2188 Quamobrem.
1083 2133 1159 2197 qnae
1183 2124 1253 2177 suut
1276 2115 1361 2176 diarii
1385 2115 1466 2178 illins
1488 2105 1637 2199 reliqua,¹

290 2223 402 2283 maiora
426 2219 549 2300 quidem
573 2237 661 2298 qnam
686 2229 719 2280 ut
742 2237 823 2282 nunc
848 2217 895 2280 edl
918 2219 1043 2300 possint,
1072 2237 1129 2286 nec
1151 2217 1241 2298 paulo
1264 2220 1355 2279 etiam
1379 2217 1439 2280 hiis
1469 2218 1615 2288 doctiora,

284 2301 448 2387 statuimus
472 2321 649 2405 propediem
673 2325 802 2384 seorsim
828 2323 976 2392 omittere,
1000 2341 1039 2384 ne
1066 2319 1197 2383 habeant
1222 2320 1350 2383 studiosi
1377 2320 1534 2384 literarum
1566 2323 1615 2384 ubi

286 2425 420 2490 olflciunt
436 2433 575 2487 nostrum
592 2426 657 2487 iure
676 2424 852 2488 desiderare
876 2427 999 2506 possint.
1039 2423 1169 2487 Tantum
1187 2434 1251 2486 erat
1274 2425 1388 2503 optime
1404 2422 1509 2494 lector,
1536 2426 1615 2504 qnod

293 2509 342 2592 tua
366 2529 516 2591 interesse
540 2527 691 2590 duximus.
737 2527 872 2600 Valeat
896 2545 950 2590 nos
973 2547 1029 2609 pro
1053 2545 1098 2600 ea,
1123 2545 1212 2609 quarn
1237 2525 1326 2590 bonis
1344 2527 1501 2591 autoribus
1524 2547 1614 2591 excu-

287 2631 394 2694 dendis
417 2649 576 2701 nauamns,
601 2629 759 2694 sedulitate
777 2629 903 2694 candide
927 2630 1135 2712 amplectere’.

376 2735 481 2798 Postea
506 2733 679 2798 loachimus
695 2736 887 2800 Camerarius
911 2733 1048 2796 eiusdem
1065 2733 1203 2796 Sichardi
1228 2751 1320 2816 opera
1345 2721 1417 2798 usus
1441 2739 1616 2798 universum

288 2847 365 2920 opus
392 2855 449 2899 una
480 2855 549 2900 cnm
581 2837 723 2919 Eutychis
754 2847 784 2900 et
806 2839 904 2900 Servii
932 2837 1019 2901 libris
1047 2837 1142 2899 edidit
1165 2835 1323 2917 Tobingae
1347 2855 1373 2899 a.
1401 2835 1494 2911 1537,
1530 2843 1616 2902 cuius

288 2941 430 3003 editionis
460 2941 578 3004 titulum
607 2943 696 3024 posui
724 2959 851 3022 gramm.
883 2941 934 3008 lat.
963 2961 989 3003 r.
1022 2943 1044 3002 V
1076 2961 1104 3023 p.
1128 2934 1202 3004 442.
1256 2941 1401 3004 Victorini
1431 2941 1569 3005 codicem
1600 2963 1614 3005 a

289 3114 417 3172 bariemo,
442 3113 568 3180 pedibus,
593 3115 671 3165 tonis.
709 3111 816 3166 Servius
842 3112 990 3165 Hortoratus
1015 3114 1041 3163 in
1066 3112 1166 3164 Aelium
1189 3111 1335 3174 Donatum,
1359 3125 1384 3164 et
1406 3116 1438 3164 de
1457 3114 1615 3180 syllabarum

289 3201 443 3265 quantitate.
476 3197 572 3250 hiarins
587 3199 738 3251 Victorinus
751 3201 783 3251 tie
796 3199 975 3251 enuntiatione
988 3199 1129 3265 literarum,
1150 3199 1347 3266 orthographia,
1363 3215 1387 3250 et
1400 3202 1487 3251 nrctris
1500 3203 1617 3252 conticis.

288 3287 394 3354 Papgrii
412 3285 569 3336 Praetextati
589 3283 761 3353 fragmentum
775 3285 807 3338 da
827 3285 1024 3354 orthographia.
1056 3283 1191 3336 Cornclius
1210 3285 1306 3336 Fronto
1326 3286 1358 3336 de
1371 3285 1523 3337 differentiis
1537 3301 1616 3338 noca·

288 3371 415 3422 ltulorunt.
454 3369 525 3430 Qrttts
545 3372 596 3420 iant
617 3386 684 3422 nunc
703 3373 727 3422 in
747 3369 829 3422 lucem
849 3371 957 3438 protulit
975 3372 1092 3424 ¹adamus
1112 3371 1204 3422 Petrus
1225 3370 1351 3434 basileae,
1376 3387 1465 3422 ntettsc
1485 3374 1616 3438 htrgusto.

290 3461 338 3508 hn.
359 3456 392 3508 hl.
411 3453 442 3510 l).
463 3454 575 3508 XXVll.
613 3456 677 3508 Cum
696 3441 837 3524 priuilegio
856 3455 1008 3512 Gaesareo’.
1044 3458 1208 3510 continentur
1226 3459 1339 3524 primunt
1357 3457 1431 3533 haec,
1452 3456 1469 3508 l.
1482 3461 1568 3510 3-19
1587 3459 1616 3518 Q.

288 3543 408 3593 lihemnii
427 3540 590 3593 Palaemonis
609 3543 738 3594 Vicentini
758 3557 800 3594 ors
820 3544 997 3610 grammatica.
1036 3543 1054 3596 l'.
1067 3545 1170 3596 att-30
1184 3543 1213 3602 Q.
1233 3542 1345 3594 Terentii
1366 3543 1457 3594 Scauri
1475 3544 1507 3594 rie
1527 3545 1614 3595 ortho-

288 3628 399 3696 graphia
418 3628 451 3678 nd
470 3628 612 3684 Theseum,
642 3627 660 3680 l.
674 3631 777 3681 at-ta
789 3627 857 3680 Aelii
870 3627 962 3680 Donati
977 3631 1154 3680 barbarismus
1169 3643 1217 3682 etc.
1249 3629 1266 3680 l.
1278 3631 1381 3681 to-et
1395 3628 1477 3680 Seruii
1493 3630 1618 3682 Honorati

288 3715 314 3764 in
333 3713 436 3764 Aelium
454 3711 585 3765 Donatum
609 3716 833 3770 commentarium.
869 3714 887 3770 l.
907 3715 1009 3767 65—62
1033 3713 1116 3765 Servii
1141 3715 1264 3766 Honorati
1288 3713 1321 3765 de
1345 3717 1444 3766 ratione
1469 3715 1614 3767 ultimarum

287 3799 445 3866 syliabarum
465 3800 498 3850 ad
518 3802 669 3864 Aquilinum
689 3801 765 3852 Liber
784 3803 824 3867 (in
845 3815 925 3867 ntarg.
945 3801 1009 3852 olias
1030 3801 1174 3862 lios-ilium).
1212 3801 1366 3851 Vltimarnm
1392 3803 1549 3867 syliabarum
1571 3818 1615 3853 cn-

288 3883 370 3939 turam
383 3887 547 3954 —exceptis
566 3885 664 3938 scilicet
682 3889 814 3954 positione
826 3887 914 3954 longis
928 3901 973 3938 aut
990 3887 1171 3954 diphthongis.
1196 3887 1274 3938 Finis.
1305 3885 1399 3938 deinde
1413 3888 1539 3939 Victorini
1557 3888 1614 3938 libri

289 3985 350 4042 post
373 3971 560 4042 praelationem
584 3989 665 4040 snpra
689 3976 802 4040 positam
826 3973 933 4024 cxltibiti
959 3989 1020 4024 sunt
1043 3976 1093 4030 ita.
1113 3974 1131 4024 l.
1150 3975 1271 4027 ὅδ’-76
1295 3973 1379 4024 ‘hierli
1407 3973 1533 4025 Victorini
1559 3975 1614 4025 Alci

288 4061 339 4112 riri
358 4061 528 4111 eruditissimi
546 4059 578 4110 tle
596 4075 624 4110 re
643 4062 811 4128 grammatica
831 4059 904 4112 liber.
936 4063 987 4112 Ars
1007 4060 1213 4124 uniuscuiusque
1233 4061 1268 4110 rei
1286 4071 1325 4110 est
1343 4061 1497 4110 seientia-
1512 4059 1615 4111 Exhiis

288 4159 405 4196 caeteros
429 4147 576 4197 animorum
602 4157 687 4196 motus
713 4146 856 4216 intelligere
879 4161 1032 4214 pessumus.
1071 4145 1151 4200 Finis.
1187 4145 1206 4202 l,
1225 4147 1327 4198 *ib-82
1347 4145 1442 4195 hiarins
1466 4145 1615 4198 Victoriana

289 4232 321 4283 de
338 4233 452 4282 carmine
470 4231 584 4282 heroico.
617 4231 724 4282 bletrnrn
744 4233 831 4283 astrei
845 4233 1023 4297 cuiuscunque
1040 4246 1163 4283 mensura
1181 4258 1212 4269 -
1232 4231 1269 4281 De
1283 4233 1390 4282 caeteris
1409 4243 1471 4282 uero
1491 4245 1539 4281 sno
1559 4231 1615 4284 icoo

270 4317 455 4381 'exequemur
505 4317 579 4368 ilarii
605 4315 731 4368 Victorini
761 4317 817 4368 atri
841 4319 873 4370 da
900 4329 982 4369 metro
1010 4317 1160 4368 ltexametro
1189 4316 1316 4382 dactylico
1346 4317 1414 4370 linia.
1454 4315 1474 4369 l.
1493 4315 1614 4368 δι”-91

204 4397 205 4400 ’
262 4405 396 4454 ¹,littaimi
421 4404 547 4454 Victorini
570 4403 604 4453 de
626 4404 726 4454 rutinae
748 4413 887 4455 metrorum
912 4405 1123 4455 commentarius.
1165 4401 1305 4465 liquantes
1333 4412 1420 4454 antem
1443 4402 1531 4453 literae
1554 4417 1615 4453 sunt

288 4499 400 4552 quatuor
419 4513 452 4526 -
471 4489 550 4556 longo
570 4501 641 4549 sunt,
661 4502 688 4538 ut
707 4487 781 4550 ultra,
800 4504 861 4545 una.
896 4489 913 4544 l.
928 4487 1066 4541 91*-93*
1086 4489 1123 4540 De
1142 4489 1319 4540 enuntiatione
1338 4488 1469 4540 literarum
1487 4487 1613 4539 Victorini

289 4571 355 4625 Alci.
394 4571 492 4624 Placuit
516 4563 603 4624 autent
625 4585 762 4637 antequam
787 4576 819 4626 de
842 4591 932 4626 natura
956 4574 1113 4641 syllabarum
1139 4601 1172 4612 -
1196 4587 1304 4642 propter
1327 4575 1463 4640 peregrina
1489 4573 1615 4624 uocabula

289 4659 454 4726 recipiemus.
486 4659 566 4711 Finis.
597 4657 766 4715 tet-105*
781 4661 902 4712 Eiusdem
918 4661 1045 4712 Victorini
1060 4661 1114 4711 ,liri
1134 4662 1165 4712 de
1179 4659 1372 4728 orthographia
1390 4661 1462 4721 liber,
1483 4675 1514 4710 ex
1528 4660 1615 4712 codice

289 4743 463 4795 Laurisaeasi.
495 4743 569 4796 Nunc
587 4747 710 4810 qnoniam
730 4761 771 4796 res
785 4747 928 4804 admonuit,
949 4761 999 4796 non
1014 4745 1154 4797 absurdum
1169 4747 1271 4797 uidetur
1291 4774 1319 4784 -
1342 4749 1433 4797 tamin
1452 4745 1520 4804 loro,
1534 4761 1612 4810 qnam

290 4831 316 4880 in
335 4831 396 4880 naui
415 4841 440 4879 et
459 4831 589 4882 torculari.
629 4832 753 4882 Victorini
776 4831 830 4881 alt-i
850 4831 1059 4900 orthographiae
1078 4833 1157 4884 tinis’.
1194 4843 1338 4896 sequuntur
1356 4833 1449 4883 deinde
1468 4831 1496 4891 t).
1510 4833 1614 4899 Pnpgrii

291 4915 323 4966 de
347 4915 535 4984 orthographia
554 4917 727 4986 ltugmentum
746 4931 771 4970 et
790 4917 924 4972 Cornelius
945 4919 1039 4971 Fronto
1058 4921 1090 4970 de
1108 4919 1260 4971 differentiis
1280 4919 1473 4970 vocabulorum.
1529 4959 1531 4964 .
