3906 5564
528 297 532 318 '
625 309 709 369 aen.
729 308 1008 366 tenemusne
1034 312 1057 370 1,
1076 311 1196 364 ec-te
1261 347 1266 356 .
1511 305 1571 374 147

273 407 447 466 pascens.
524 441 528 450 .
691 416 694 421 ·
1395 410 1546 468 prorae.

247 499 304 562 hoo
334 497 507 582 glyconium
538 509 666 566 metrum
691 503 817 574 dicitur,
847 501 927 582 quod
956 509 1073 566 constat
1101 520 1137 564 ex
1166 500 1301 585 spondeo
1336 501 1513 565 choriambo
1542 509 1572 565 et

249 603 354 666 ultimo
370 604 513 668 trochaeo
529 605 575 668 rel
592 606 698 670 eodem
715 606 861 689 spondeo.
893 613 1051 670 commune
1068 603 1126 669 hoc
1142 623 1209 669 csse
1224 624 1293 670 curn
1311 605 1404 670 heroo
1422 607 1570 676 trimetro,

139 739 141 744 ·
247 707 327 790 quod
351 715 469 771 constat
484 728 521 772 ex
544 709 681 794 spondeo
704 719 735 772 et
751 709 870 784 duobus
893 709 1035 792 dactylis,
1059 711 1176 773 cunctis
1198 710 1388 794 inpromptu
1413 716 1468 771 est.
1500 709 1571 770 item

578 814 775 878 Maecenas
798 815 921 876 atatis
945 812 1047 876 edite
1071 813 1233 894 regibus

221 914 324 998 sapod
348 915 478 978 eundern
501 916 643 999 lyricum:
672 917 732 980 hoc
754 915 975 998 asclepiadeum
999 924 1130 980 metrum
1151 914 1328 1000 appellatur,
1358 915 1438 999 quod
1454 923 1572 980 constat

246 1037 283 1080 ex
305 1017 458 1100 disyllabis
487 1021 586 1102 primo
615 1030 645 1082 et
666 1021 779 1083 extimo
805 1018 951 1101 pedibus,
987 1020 1096 1083 mediis
1126 1018 1245 1085 duobus
1273 1018 1467 1084 choriambis.
1512 1020 1569 1082 lroc

246 1139 366 1203 quoquae
394 1140 451 1203 par
480 1133 510 1186 ct
532 1141 691 1187 commune
715 1141 782 1188 esse
805 1129 1011 1204 pentametro,
1039 1124 1071 1192 ¹ei
1093 1123 1262 1198 dumtaxat,
1293 1125 1340 1186 cui
1368 1121 1570 1206 paenultimns

246 1234 427 1310 anapaestus
450 1233 510 1297 est.
540 1244 630 1292 nemo
654 1226 816 1291 dubitabit.
862 1227 928 1310 pari
952 1243 1036 1289 more
1060 1235 1090 1288 et
1113 1226 1299 1290 trochaicum
1329 1219 1457 1291 iambico
1487 1245 1569 1290 com·

246 1331 390 1393 munione
412 1331 561 1393 intereos
581 1329 727 1394 tribrachi
743 1331 832 1414 pedis
849 1331 971 1393 misceri
986 1332 1132 1412 reperies,
1157 1332 1207 1412 qui
1223 1331 1368 1395 divisione
1384 1329 1569 1394 alternarum

209 1432 338 1498 1⁰iamhi
361 1442 391 1497 et
414 1433 548 1497 trochaei
572 1433 728 1515 longarum
752 1433 902 1506 subsistit,
927 1442 1028 1497 otest

453 1535 528 1602 tibi
551 1527 659 1602 retus
681 1557 744 1602 ara
769 1538 891 1602 caluit
914 1536 1144 1618 aborigineo
1161 1534 1347 1622 sacello!

246 1639 296 1704 laic
318 1659 374 1724 pro
404 1641 547 1706 trochaeo
574 1640 745 1725 tribrachys
766 1643 882 1722 positus
907 1639 994 1721 longa
1018 1643 1050 1704 in
1073 1641 1147 1703 duas
1170 1640 1279 1704 breues
1301 1639 1412 1710 soluta,
1436 1639 1569 1714 ‘tlblre’,
1676 1727 1680 1736 ι

245 1747 404 1828 utriusque
427 1746 516 1809 metri
540 1744 728 1828 disciplinam
753 1752 870 1810 tuetur:
895 1743 972 1808 ‘tibi’
998 1746 1078 1808 enim
1103 1743 1151 1808 hie
1174 1762 1231 1827 pro
1254 1763 1312 1808 una
1336 1741 1450 1826 syllaba
1479 1741 1567 1826 longe

123 1871 130 1880 ·
246 1850 403 1929 accipitur.
448 1850 500 1930 qul
522 1850 555 1912 llt
577 1856 610 1912 ut
632 1849 711 1913 idem
735 1867 841 1913 versus
862 1847 920 1912 sub
943 1849 1102 1932 utriusque
1126 1848 1303 1912 condicione
1319 1855 1466 1911 teneatur.
1498 1865 1569 1910 nam

145 1938 156 1947 ’
210 1968 233 2010 n
245 1954 309 2034 pari
331 1951 399 2033 lege
414 1951 493 2014 duae
510 1949 632 2024 breves,
655 1951 685 2014 id
710 1961 755 2015 est
771 1952 867 2016 media
884 1959 975 2034 atque
990 1950 1109 2024 ultima,
1134 1953 1163 2015 lu
1182 1948 1272 2016 unam
1288 1951 1408 2033 longam
1425 1959 1569 2014 coeuntes

245 2055 380 2135 iambum
398 2051 445 2138 [et
458 2053 651 2140 trochaeum]
670 2054 853 2120 iormabunt
889 2055 961 2139 quid
978 2075 1058 2120 nunc
1074 2055 1111 2118 de
1127 2055 1383 2138 proceleumatico
1398 2055 1545 2118 dixerim?
1563 2053 1568 2138 Ι

245 2161 296 2241 qui
318 2179 354 2222 ex
378 2156 520 2222 omnibus
535 2157 679 2223 brevibus
695 2158 848 2232 subsistit,
872 2169 905 2222 ιιι
920 2169 965 2223 est
987 2159 1159 2222 ille-versus
1175 2167 1351 2223 tetrameter
1367 2156 1568 2230 catalecticus,

597 2264 677 2344 perit
699 2261 761 2324 abit
784 2261 917 2344 aripedis
940 2261 1072 2326 animula
1095 2259 1218 2345 leporis.

245 2385 314 2430 nam
343 2367 407 2430 lere
438 2364 712 2428 mctrls'omnibus
740 2367 861 2430 misceri
895 2367 1125 2448 communisque
1155 2365 1260 2430 haberi
1290 2367 1416 2448 poterit,
1450 2367 1476 2428 si
1499 2383 1569 2428 eum

208 2488 300 2554 anper
322 2470 568 2534 coniunctionem
591 2467 773 2552 syllabarum
797 2489 832 2533 ac
863 2477 1052 2553 temporum,
1082 2479 1173 2552 prout
1195 2470 1286 2532 unius
1308 2471 1456 2552 cuiusque
1479 2470 1568 2532 metri

245 2574 383 2638 condicio
407 2574 508 2654 exigit,
532 2572 696 2636 informare
719 2591 755 2636 ac
777 2572 914 2636 dividere
938 2573 1080 2637 volueris.

329 2678 399 2741 Pari
421 2679 539 2741 ratione
562 2675 745 2758 syllabarum
768 2677 874 2740 divisio
899 2676 943 2740 rel
972 2679 1101 2741 conexio
1124 2675 1251 2740 eandem
1268 2679 1375 2740 metris
1391 2679 1568 2740 varietatem

245 2779 344 2852 dabit,
368 2791 401 2846 nt

606 2887 663 2948 rei
686 2887 834 2966 magnai
858 2881 1035 2966 publicai
1057 2887 1194 2966 gratia.

209 3005 314 3052 unam
342 2991 369 3051 si
401 2987 607 3052 diductionem
638 2973 820 3069 syllabarum
844 2986 880 3050 ad
904 2991 1052 3052 unitatem
1074 3007 1216 3058 revoces,
1246 2995 1279 3051 ιιι
1301 2989 1341 3050 sit
1362 2987 1514 3067 ‘magnae’
1538 2997 1569 3050 et
1683 3027 1686 3033 -

246 3091 420 3174 ‘publicae',
445 3111 481 3156 ex
506 3095 644 3156 trimetro
667 3090 831 3155 acatalecto
848 3090 1141 3174 brachycatalectum
1164 3093 1336 3154 trimetrum
1359 3090 1480 3154 cilicies.
1512 3109 1568 3173 per

246 3199 444 3260 coneaicncm
468 3179 584 3267 autem,
615 3196 645 3258 td
675 3203 720 3258 est
743 3213 812 3258 curn
836 3194 914 3258 dnae
938 3194 1057 3258 vocales
1087 3213 1148 3257 non
1176 3195 1353 3276 interposita
1382 3202 1567 3258 consonante

246 3299 342 3367 media
366 3302 398 3362 in
423 3315 513 3362 unam
531 3298 682 3382 syllabam
706 3307 871 3380 coguntur,
903 3299 985 3362 idem
1014 3299 1093 3362 ellici
1132 3301 1191 3362 erit
1213 3295 1353 3380 exemplo
1376 3316 1482 3361 uersus
1505 3297 1566 3370 hic,

426 3412 566 3487 comte
591 3403 779 3484 flagranti
802 3401 953 3464 deiecit
975 3400 1138 3464 iulmlne
1162 3401 1378 3472 Phaethon,

210 3505 361 3570 nscllicet
381 3515 413 3569 ut
442 3505 620 3590 disyllabum
645 3523 755 3570 nomen
781 3523 817 3567 ex
846 3503 1001 3587 trisyllaba
1024 3507 1083 3568 llat.
1131 3524 1200 3568 nam
1229 3508 1256 3568 si
1286 3523 1401 3568 conexa
1425 3505 1565 3578 diducas,

247 3620 280 3675 ut
300 3611 339 3673 sit
361 3609 532 3682 Phaethon,
561 3609 656 3672 heroo
685 3610 785 3672 versui
813 3607 936 3672 ultimus
964 3618 1143 3691 anapaestus
1166 3608 1357 3688 adiungetur.
1403 3611 1445 3671 ita
1474 3609 1506 3671 lit
1534 3617 1568 3671 ut

209 3780 212 3786 ,
246 3713 429 3778 admixtione
453 3717 542 3778 unius
564 3713 651 3794 pedis
672 3711 789 3776 diversa
812 3723 978 3776 metrorum
1000 3730 1112 3793 genera
1135 3714 1330 3776 misceantur.

315 3889 330 3938 1
348 3885 399 3938 hoc
417 3886 564 3954 glyconium
583 3895 692 3937 metrum
707 3911 740 3922 -
752 3887 768 3938 ³
782 3889 807 3938 ln
823 3895 947 3953 promptu
965 3895 1005 3936 est
1021 3903 1049 3953 p.
1069 3887 1127 3948 116,
1140 3887 1166 3940 6.
1177 3888 1276 3944 *16336
1329 3887 1345 3937 3
1364 3885 1425 3936 ltem
1438 3911 1471 3921 -
1488 3883 1566 3938 eda-

245 3955 335 4008 bitebit
349 3973 379 4023 p.
401 3959 459 4020 166,
474 3959 498 4006 2.
518 3957 631 4014 16616.
652 3957 742 4019 161,2
795 3957 811 4008 8
829 3956 971 4022 perimere
989 3979 1024 3992 -
1043 3956 1075 4006 16
1092 3953 1242 4006 lormebnnt
1257 3971 1285 4019 p.
1299 3955 1358 4018 128,
1373 3957 1389 4006 2
1448 3955 1480 4006 18
1498 3954 1567 4021 perit

244 4041 272 4092 p.
290 4027 380 4087 6614
402 4025 505 4078 Terent.
524 4025 613 4076 aliern.
633 4026 702 4076 atet
771 4025 804 4076 26
823 4039 870 4092 per
887 4025 1057 4076 cenationem
1074 4041 1103 4092 p.
1123 4027 1163 4085 66,
1177 4025 1211 4076 te

315 4185 329 4235 1
348 4190 374 4232 et
389 4179 480 4231 ultimo
498 4179 584 4230 lembo
603 4177 643 4230 rel
662 4177 753 4230 eodem
772 4178 922 4247 pyrrhichio
940 4179 1051 4232 coniecit
1070 4177 1250 4242 Gaissordins:
1271 4179 1306 4243 ef.
1318 4195 1345 4245 p.
1360 4180 1446 4238 116,6
1504 4178 1565 4230 3ln

246 4261 367 4318 promptu
386 4260 427 4300 est
444 4259 461 4305 ς
479 4248 506 4298 ln
526 4259 657 4317 mmptum
676 4261 718 4299 est
734 4247 822 4306 AB,
876 4244 1060 4313 thiaecenes]
1080 4247 1149 4299 Hor.
1168 4264 1246 4300 carnn
1267 4247 1283 4299 1
1303 4250 1354 4306 1,1
1429 4246 1567 4299 eduntu-

247 4319 326 4370 uitB
393 4263 672 4385 SmorefmorAB
691 4317 806 4374 modos
853 4319 905 4368 ·11
926 4311 984 4383 tibi]
1009 4317 1110 4368 Terent.
1130 4316 1221 4370 allam,
1241 4319 1308 4368 1666
1380 4316 1410 4366 19
1430 4317 1525 4382 poterit
1544 4317 1566 4366 si

246 4388 346 4441 BVat.
366 4388 462 4455 poterit
481 4403 498 4454 p
517 4390 540 4438 si
558 4388 584 4439 A
604 4387 699 4455 poterit
718 4401 763 4453 pes
783 4388 842 4444 alc
899 4389 931 4437 21
951 4386 1105 4452 condicione
1124 4388 1149 4437 Α
1208 4385 1321 4437 uolneris
1340 4397 1357 4440 ς
1376 4383 1487 4434 uoluerit
1505 4383 1567 4437 AB

329 4457 364 4508 at
380 4452 430 4527 rei]
449 4455 538 4509 let.
555 4457 605 4507 nil.
622 4458 692 4523 glor.
710 4458 763 4506 166
786 4457 892 4522 magnai
915 4456 949 4506 rei
970 4455 1081 4522 publicai
1100 4457 1184 4522 maia
1271 4447 1367 4521 gratia]
1387 4453 1482 4520 gratini
1500 4454 1526 4504 A
1541 4452 1567 4503 B

227 4525 699 4662 ·ttlc.1...²1⁶.thtltt⁰lh
708 4521 1492 4662 ,istunctrtsslt⁰²tttt.i.3ttt⁰l.⁰.⁰{nes
1509 4535 1555 4643 n.

151 4723 154 4729 Α
245 4664 356 4716 olorilm
370 4663 465 4730 serneio
483 4679 594 4731 magnae
611 4671 638 4716 et
655 4661 775 4732 publicae
792 4663 942 4725 substitutis,
962 4679 1044 4732 neque
1062 4669 1163 4744 constat
1182 4669 1266 4714 utrum
1284 4664 1450 4727 neglegenter
1467 4677 1568 4712 cerem

245 4751 391 4816 inspexerit
413 4749 576 4808 Victoriam,
600 4767 635 4802 nn
652 4750 719 4802 lrnnc
738 4763 795 4800 ease
813 4765 911 4801 versum
929 4750 1052 4809 coiatera't,
1077 4750 1112 4798 rei
1131 4763 1241 4816 magnae
1265 4746 1375 4813 publirnl
1398 4747 1481 4814 gratia

246 4819 416 4946 63111ιὲςὲιὲιί
435 4817 636 4953 egdilllrpggrgpltle
645 4817 866 4955 fauturffglelffiffi
875 4818 987 4941 pllrngton
1007 4831 1024 4874 ς
1043 4819 1149 4869 llnmine
1167 4818 1280 4884 phaeton
1300 4817 1324 4867 Α
1338 4815 1364 4866 Β
1434 4818 1466 4866 61
1487 4815 1569 4883 plane·

1304 4967 1357 5023 10*
