3858 5560
372 322 434 390 198
679 353 681 358 -
742 297 744 303 ’
934 323 1126 378 mororum
1191 398 1195 406 ,
1274 393 1279 402 .

299 477 302 482 .
396 439 419 483 p.
447 427 507 470 roes.
520 427 545 468 u
560 425 582 468 r.
1501 423 1662 480 praestet,

361 504 500 606 tempus.
531 525 643 580 certam
673 533 851 597 personam,
882 522 915 576 ut
937 511 1004 596 iego
1037 512 1145 576 scribo.
1191 512 1269 588 Ouid
1292 515 1460 578 infinitum?
1497 515 1583 587 Quod
1613 514 1688 579 nibii

371 620 478 684 hortun
508 627 624 682 eertum
654 616 758 697 hebet,
793 627 826 680 ιιι
853 616 955 698 legere
988 615 1130 688 scribere.
1180 619 1255 681 haec
1289 619 1368 682 enim
1393 620 1532 682 omuibus
1555 620 1688 683 numeris

261 805 268 818 ,
371 721 559 806 temporibus
584 724 720 804 personis
772 722 888 784 incerta
911 729 990 783 sunt.

457 827 574 890 Genera
598 824 761 889 verborum
786 835 858 905 quot
881 824 969 887 eunti
998 823 1152 909 Quinque,
1177 827 1322 896 ectiuum.
1347 827 1512 907 passivum,
1538 835 1687 899 neutrum,

373 949 550 1002 commune,
581 928 748 1012 deponens.
794 928 895 993 neura
924 945 1002 1008 quae
1030 929 1117 992 sumt
1154 929 1238 1002 Quae
1267 927 1405 992 oiittera
1435 931 1637 994 terminantur
1659 941 1714 993 ets

371 1043 494 1116 accepta
517 1051 533 1095 r
557 1031 669 1096 iaciunt
691 1052 728 1096 ex
751 1053 784 1096 se
808 1035 966 1114 passivum,
991 1041 1025 1097 ut
1041 1031 1107 1113 tego
1123 1033 1217 1114 legor.
1265 1032 1381 1096 Passira
1398 1052 1474 1116 quae
1496 1035 1585 1097 sunt?
1607 1034 1689 1107 Quae

374 1158 389 1202 r
411 1138 510 1201 littera
536 1138 737 1201 terminantur
760 1147 792 1198 et
813 1135 947 1217 deposita
972 1154 1006 1198 ea
1030 1131 1189 1221 redeunti!
1204 1139 1234 1199 in
1258 1138 1406 1208 activum,
1438 1145 1471 1200 ut
1500 1136 1584 1218 tegor
1611 1136 1688 1219 lego.

371 1241 517 1306 Neutrum
542 1239 614 1325 quid
639 1241 702 1303 esti
740 1237 823 1310 Quod
848 1259 865 1303 o
887 1237 989 1302 littera
1018 1242 1198 1304 terminatur
1228 1252 1257 1303 et
1285 1258 1345 1303 nou
1379 1249 1480 1323 potest
1502 1243 1640 1323 recipere
1664 1260 1688 1311 r.

371 1355 405 1411 ut
433 1363 524 1408 curro
554 1342 645 1424 vigilo
673 1333 801 1406 do'rmio.
848 1339 919 1405 Eius
949 1344 1184 1424 significationes
1207 1353 1281 1426 quot
1303 1345 1392 1408 suut?
1415 1345 1512 1408 Duae:
1536 1353 1589 1407 aut
1611 1346 1688 1408 euim

372 1449 481 1530 egendi
503 1451 560 1512 vim
577 1445 677 1520 habet,
699 1457 729 1511 ιιι
747 1447 838 1510 sedeo
861 1464 960 1519 curro,
985 1455 1036 1510 aut
1051 1446 1195 1529 patiendi,
1220 1456 1252 1510 ut
1267 1445 1353 1528 algeo
1376 1447 1493 1531 vapulo.
1526 1447 1729 1512 Communem

374 1551 499 1616 verbum
523 1550 594 1632 quid
619 1551 681 1614 esti
715 1550 800 1624 Quod
826 1567 840 1610 r
864 1548 962 1611 littera
986 1553 1167 1630 terminatur
1190 1559 1221 1613 et
1243 1550 1350 1632 agendi
1374 1561 1403 1614 et
1427 1551 1560 1633 patiendi
1583 1535 1690 1632 recipit

373 1657 636 1737 significationem,
668 1665 700 1716 ut
722 1655 868 1718 criminor
892 1651 1042 1716 consolor.
1078 1653 1207 1739 dicimus
1230 1655 1310 1716 euim
1340 1653 1481 1718 cousoior·
1506 1663 1537 1717 te
1560 1663 1627 1718 eta
1653 1662 1689 1726 te,

372 1761 518 1822 criminor
552 1769 583 1821 te
607 1763 736 1820 etate.
783 1755 945 1836 Depoueus
972 1755 1044 1838 quid
1073 1757 1137 1819 esti
1174 1756 1260 1829 Quod
1285 1775 1300 1818 r
1323 1755 1422 1821 littera
1452 1760 1635 1822 terminatur
1662 1768 1691 1820 et

373 1863 508 1944 deposita
538 1881 572 1925 ea
601 1860 726 1924 latinum
756 1878 817 1922 non
846 1868 907 1929 est,
944 1868 976 1922 ut
1007 1857 1106 1922 luctor
1141 1859 1258 1944 loquor.
1310 1861 1474 1943 deponens¹
1495 1871 1595 1924 eutem
1623 1862 1690 1925 ideo

374 1969 486 2030 dietum
511 1959 559 2036 est
584 1983 639 2048 per
668 1963 842 2036 antiirasin,
872 1961 951 2045 quod
976 1981 992 2025 r
1015 1961 1146 2026 litteram
1174 1981 1233 2026 non
1262 1963 1403 2047 deponat.
1450 1965 1541 2030 buius
1572 1981 1728 2050 quoque1⁵

315 2105 322 2116 ·
373 2069 612 2157 significationes,
638 2065 822 2130 sunt'duae.
870 2073 920 2129 aut
949 2067 1030 2130 euim
1065 2067 1122 2130 vim
1158 2066 1250 2132 babet
1278 2069 1401 2150 agendi,
1432 2079 1465 2132 ιιι
1494 2068 1611 2152 loquor,
1641 2079 1692 2133 aut

313 2187 315 2194 '
373 2171 518 2257 patiendi,
541 2179 574 2234 ut
595 2171 719 2234 morior.
1700 2165 1707 2173 ’

460 2274 586 2339 Numeri
609 2272 770 2338 verborum
795 2282 868 2355 quot
890 2269 998 2365 sunt?-
1020 2271 1101 2346 buo,
1125 2273 1298 2354 singularis.
1335 2283 1367 2337 ut
1389 2275 1471 2357 lego,
1496 2275 1636 2360 pluralis,
1661 2285 1692 2339 ut

373 2381 512 2462 legimus.
536 2443 549 2455 ,
988 2457 991 2463 .

460 2479 539 2554 Quot
561 2491 632 2545 suut
654 2481 787 2562 figurae?
820 2479 964 2544 Similiter
987 2479 1064 2542 duae
1087 2489 1166 2553 sunt,
1190 2481 1333 2563 simplex,
1359 2491 1392 2546 ut
1414 2481 1491 2564 lego,
1516 2485 1691 2566 composita,
1705 2499 1729 2540 eo

348 2646 352 2654 .
375 2597 407 2652 ut
429 2585 542 2668 relego.
588 2585 668 2659 Quot
690 2583 786 2647 modis
809 2584 922 2664 figurae
947 2582 1108 2646 verborum
1132 2587 1375 2666 componuntur?
1404 2583 1543 2650 Totidem
1566 2595 1639 2670 quot
1663 2597 1693 2650 et

349 2692 540 2765 nominum,
565 2707 600 2752 ex
626 2686 743 2750 duobus
767 2689 904 2767 integris,
935 2697 967 2749 ut
990 2685 1141 2758 describo,
1166 2706 1202 2750 ex
1225 2690 1345 2768 integro
1361 2696 1391 2750 et
1406 2699 1560 2773 corrupto,
1586 2700 1619 2753 ut
1641 2709 1692 2754 ex-

374 2794 455 2880 pleo,
479 2785 515 2856 ex
540 2799 684 2872 corrupto
707 2799 738 2854 et
759 2792 892 2870 integro,
923 2799 956 2851 ut
978 2791 1085 2862 etiero,
1110 2810 1145 2854 er
1170 2789 1290 2855 duobus
1314 2794 1480 2872 corruptis,
1510 2803 1542 2856 ut
1564 2795 1690 2857 suiircio.

356 2965 361 2976 ,
390 2888 394 2898 '
461 2897 612 2960 Personae
628 2893 789 2958 verborum
806 2903 879 2976 quot
891 2893 976 2956 sunt?
999 2891 1085 2956 Tres.
1131 2893 1213 2966 Quae
1230 2895 1320 2958 suut?
1342 2896 1443 2960 Prima
1460 2897 1692 2978 quaeloquitur‚

374 3008 407 3064 ut
430 2998 511 3081 iege,
540 2996 673 3062 secunda
697 2996 732 3059 ad
757 3015 846 3078 quarn
874 2994 1020 3078 loquitur.
1052 3006 1084 3058 ut
1105 2995 1196 3078 legis,
1227 3000 1317 3061 tertia
1340 2999 1379 3062 de
1401 3015 1457 3078 qua
1482 2997 1630 3081 loquitur,
1661 3008 1692 3063 ut
1705 3014 1738 3078 te¹
1834 3083 1837 3089 Ι

374 3103 456 3184 tegit.

462 3205 696 3286 Coniugationes
719 3203 880 3266 verborum
910 3213 984 3283 quot
1006 3203 1093 3265 suut?
1129 3201 1215 3270 Tres.
1262 3205 1344 3278 Quae
1368 3205 1457 3268 eunti
1495 3205 1595 3268 Prima
1618 3225 1693 3291 quae

376 3310 535 3374 indicativo
565 3307 653 3371 modo
683 3318 819 3389 tempore
849 3307 1002 3387 praesenti
1030 3323 1158 3386 persona
1186 3307 1360 3370 secundae
1390 3305 1481 3370 babet
1509 3317 1578 3372 ante
1607 3327 1630 3378 s.
1661 3321 1693 3373 nt

376 3431 444 3476 amo
468 3429 565 3482 amas:
604 3409 736 3474 mercuria
759 3419 805 3474 est
828 3427 905 3490 quae
927 3409 1087 3473 indicativo
1111 3409 1200 3474 modo
1230 3421 1366 3492 tempore
1389 3413 1542 3494 praesenti
1563 3431 1692 3494 persona

377 3515 508 3582 secunda
533 3535 549 3577 e
573 3513 756 3577 hebetante
781 3534 804 3586 s,
829 3524 862 3576 ut
884 3531 992 3576 moneo
1016 3531 1136 3584 mones;
1161 3516 1249 3577 tertia
1273 3533 1350 3597 quae
1373 3517 1384 3578 i
1407 3505 1497 3578 babet
1520 3523 1589 3580 ante
1614 3537 1637 3587 s,
1660 3526 1730 3580 ιιιιι

376 3618 443 3700 lego
465 3603 550 3698 legis.
598 3617 772 3696 coniugatio
796 3616 868 3696 quid
892 3617 956 3680 esti
995 3615 1102 3679 Forma
1132 3615 1289 3698 quaedam,
1319 3637 1378 3698 qua
1412 3618 1600 3699 intellegitur
1624 3639 1693 3703 pro·

376 3709 524 3788 musivus
544 3719 650 3783 modus
679 3737 738 3799 qrro
762 3721 851 3783 niodo
875 3719 958 3782 eiieri
982 3719 1100 3782 debeat.
1147 3719 1202 3782 Vbi
1229 3725 1404 3804 quaerimus
1430 3723 1693 3802 coniugauonemt

376 3829 409 3892 ln
429 3825 527 3889 verbis
542 3825 645 3888 actius
668 3835 699 3887 et
721 3821 909 3887 neutralibus
932 3842 949 3885 o
973 3823 1070 3886 littera
1087 3827 1259 3888 terminatis
1275 3825 1364 3888 modo
1379 3824 1538 3888 indicativo
1555 3835 1691 3908 tempore

261 3955 266 3964 ·
378 3931 531 4013 praesenti
553 3927 683 3992 secunda
706 3945 834 4008 persone
859 3935 926 3989 ante
955 3928 1146 3990 novissimam
1170 3927 1316 4000 litteram3
1356 3933 1386 3991 iu
1411 3931 1528 4010 passivo
1551 3937 1660 4001 autem,

445 4149 462 4197 4
480 4147 579 4199 Genera
603 4143 736 4195 verborum
761 4158 820 4196 ecce.
840 4141 940 4194 Chone.
959 4145 1018 4206 161,
1033 4143 1068 4194 31
1094 4141 1193 4194 (Iberis.
1212 4145 1272 4208 161,
1286 4145 1327 4194 11.
1352 4145 1409 4201 168.
1428 4143 1460 4192 to
1484 4143 1580 4195 Donat.
1600 4145 1691 4206 383,1

378 4217 497 4268 Conseri.
521 4219 582 4276 ³0⁷,
600 4216 633 4265 15
722 4213 753 4264 18
777 4209 881 4262 Numeri
905 4211 1039 4263 verborum
1064 4211 1160 4264 Donat.
1186 4213 1282 4271 3811
1368 4213 1402 4264 10
1425 4209 1492 4270 Quor
1515 4223 1576 4262 sunt
1594 4211 1692 4278 iigurue

378 4285 474 4338 Horat.
494 4287 586 4343 3813
674 4283 706 4332 17
731 4279 934 4347 Gonirrgetioues
958 4280 1093 4341 verborum
1118 4281 1213 4334 Deam.
1238 4283 1351 4340 38210
1375 4280 1474 4332 Charis.
1498 4283 1558 4342 175,
1577 4283 1611 4332 19
1633 4297 1691 4332 exc.

379 4355 478 4406 Cburia.
497 4356 590 4416 563,d
610 4351 728 4404 Consent.
748 4351 839 4414 aeni

446 4545 461 4592 1
479 4551 576 4592 certum
595 4540 672 4592 imbet
688 4553 705 4597 ς
723 4549 790 4590 certe
809 4539 923 4590 irabetG
1009 4541 1025 4590 ’1
1044 4555 1055 4589 r
1073 4539 1182 4590 litteram
1200 4541 1369 4592 terminentur
1387 4537 1408 4589 G
1496 4539 1527 4590 10
1546 4539 1654 4606 potienti
1673 4539 1694 4590 C
1716 4563 1724 4581 ι

447 4613 509 4662 ll'r
528 4611 637 4661 litteram
657 4611 807 4660 terminatur
826 4608 847 4660 0
932 4609 1019 4675 egenti
1038 4622 1063 4659 et
1081 4611 1187 4675 potienti
1207 4626 1277 4662 corr.
1296 4606 1390 4673 agendi
1410 4617 1434 4657 et
1452 4607 1567 4674 patiendi
1587 4607 1609 4658 G

379 4683 410 4730 11
429 4692 456 4729 ιιι
474 4681 597 4730 criminor
616 4677 719 4730 osculor
737 4689 761 4729 te
779 4685 804 4728 et
821 4693 835 4728 a
855 4689 914 4734 tes
984 4681 1014 4730 13
1033 4693 1046 4727 r
1064 4679 1172 4729 iitternm
1192 4681 1341 4729 terminetur
1360 4676 1381 4727 G
1446 4677 1477 4727 14
1495 4677 1629 4742 deponens
1648 4687 1693 4728 ιιιιι

378 4762 424 4814 per
447 4748 610 4816 eratipirrnsiu
634 4747 730 4798 dicrum
753 4755 801 4806 est,
821 4759 845 4797 et
863 4745 1036 4812 oemehrysio,
1059 4747 1127 4811 quod
1147 4764 1159 4796 r
1177 4748 1287 4798 litterum
1306 4759 1355 4795 uon
1375 4743 1525 4810 deponente
1595 4746 1626 4796 17
1647 4759 1692 4812 pa·

377 4819 452 4866 cienti
472 4819 492 4868 C
573 4819 606 4869 11
625 4830 653 4868 ιιι
670 4817 789 4867 describo
809 4815 1016 4872 eremmanos
1036 4816 1056 4867 C
1137 4819 1170 4868 13
1189 4816 1257 4867 ciero
1276 4830 1345 4866 corr.
1365 4813 1442 4864 effero
1461 4813 1483 4864 G
1501 4811 1617 4870 oiieros

316 4889 318 4893 ’
378 4887 411 4938 13
429 4883 543 4952 suiiieio]
563 4887 716 4942 sustineor
