3874 5556
809 345 859 396 DE
882 347 1053 396 subustus

277 444 299 483 s.
313 431 373 474 rtoo.
386 432 437 475 etot
452 431 477 474 r.

484 522 706 609 antemuralem
731 523 858 593 locatur,
883 536 915 586 ut
939 527 1044 604 rigor·
1068 522 1201 588 valetis
1226 537 1337 591 retus.

483 639 509 690 K
531 627 672 690 similiter
694 629 788 690 otiosa
812 629 924 690 ceteris
946 627 1148 700 sermonibus,

484 741 555 794 tunc
579 734 609 794 in
635 749 689 794 usu
713 741 769 802 est,
794 749 862 794 cum
885 729 1073 794 kalendas
1097 731 1275 795 adnotamus
1297 727 1351 798 cut
1376 734 1505 816 kaput:

483 853 572 916 saepae
597 833 795 898 liaesones
819 832 964 897 notabant
987 835 1043 898 bac
1067 838 1175 898 vetusti
1198 833 1309 900 littera.

326 1016 328 1022 Α
430 953 507 1014 soso
531 956 637 1000 vacare
660 956 787 1020 prorsus
810 939 892 1000 ortrni
916 936 1087 1000 diceremus
1109 937 1232 1020 syllaba,

484 1053 511 1102 cv
528 1041 608 1120 quud
632 1042 695 1104 eius
718 1043 870 1104 invenitur
893 1059 982 1122 posse
1005 1041 1095 1103 subdi
1119 1061 1173 1122 pro
1196 1061 1281 1116 sono,

482 1163 570 1206 casus
593 1163 670 1206 unus
694 1146 724 1208 ui
745 1142 891 1225 probaret
913 1146 1028 1206 rectius
1051 1125 1250 1226 poni'semel

482 1245 628 1330 syllabam
651 1247 761 1311 iunctis
784 1245 901 1311 duabus
923 1265 992 1310 cum
1015 1248 1089 1310 iacit
1112 1246 1275 1321 vocalibus,

483 1360 514 1414 nt
537 1353 610 1414 satis
634 1369 739 1414 sumus
762 1349 855 1413 locuti
878 1353 937 1414 iarn
961 1351 1063 1432 priore
1085 1351 1204 1432 pagina.

428 1481 468 1524 ros
525 1453 619 1518 Nunc·
634 1454 742 1535 loquar
765 1465 871 1518 natura
895 1473 971 1536 (puae
994 1460 1033 1518 sit
1056 1455 1213 1526 omnibus,
1238 1477 1316 1540 qnae
1339 1469 1369 1520 et
1392 1461 1530 1540 singulis.

483 1557 563 1622 nulla
587 1577 656 1623 nam
679 1562 772 1622 mutis
795 1557 922 1623 incultas
944 1557 981 1622 ad
1005 1577 1113 1622 sonunt
1137 1560 1287 1623 edendum
1312 1561 1378 1625 data
1403 1574 1464 1626 est:

482 1660 565 1724 labra
589 1663 655 1735 fixa,
681 1663 777 1727 vineta
801 1663 902 1744 lingna
926 1671 986 1734 est,
1010 1665 1108 1727 exitus
1131 1661 1232 1726 uullrrs
1255 1673 1347 1746 patet,

481 1785 556 1828 nexa
580 1771 605 1829 si
630 1785 690 1830 non
714 1767 872 1830 adiuvetur
895 1765 1017 1830 cuilibet
1041 1765 1198 1830 vocalium.

400 1913 402 1918 -
481 1886 613 1950 namque
636 1885 658 1932 Β
681 1873 728 1936 vel
751 1883 771 1933 c
795 1889 914 1947 sonare,
937 1888 1028 1953 porro
1053 1883 1078 1930 1>
1102 1884 1125 1933 a
1149 1879 1179 1932 et
1200 1881 1318 1935 ceteras

428 2000 468 2042 ιιι
483 1976 549 2054 quis
573 1982 676 2056 queat,
699 1978 725 2038 si
750 1994 810 2038 non
833 1974 970 2054 resignet
991 1972 1076 2036 labra
1102 1974 1211 2038 vocalis
1233 1993 1346 2045 eomes.

441 2150 442 2153 Ἴ
480 2075 624 2159 syllabam
648 2077 742 2160 fingas
765 2087 905 2146 stante,
930 2076 1063 2138 litteram
1086 2095 1176 2159 quem
1200 2079 1355 2160 proferas?

480 2180 677 2245 semivocales
698 2180 835 2244 videmus
858 2183 921 2243 oris
943 2182 1075 2261 exprimi
1097 2199 1172 2242 sono

480 2303 569 2365 posse
594 2283 638 2349 rel
661 2286 756 2356 solas.
781 2284 950 2348 adbaerens
973 2283 1055 2346 nulla
1079 2283 1191 2348 vocalis
1215 2287 1284 2350 licot

480 2391 595 2452 exitum
618 2389 741 2471 plenum
765 2390 916 2451 ministret
939 2387 1160 2470 nuncupandae
1183 2389 1310 2454 litterae.

426 2518 466 2561 ns
481 2511 586 2556 rerunt
610 2495 691 2556 euim
714 2493 804 2556 binae
826 2492 914 2572 ligari
937 2509 996 2553 uon
1020 2503 1136 2573 queant
1160 2501 1259 2556 brutae
1282 2495 1381 2566 simul,

478 2595 610 2678 syllabae
632 2597 800 2680 siquando
825 2594 909 2659 binas
932 2595 1128 2677 postulabunt
1151 2614 1311 2669 consonas,

479 2701 609 2762 nominis
633 2697 753 2762 verbine
776 2701 863 2762 cuius
885 2719 962 2781 quae
986 2709 1091 2762 tenent
1113 2701 1296 2780 printordia:

479 2817 499 2866 c
523 2803 613 2866 modo
636 2813 688 2866 aut
710 2817 732 2865 1>
755 2803 897 2886 copulare
921 2802 1072 2868 subditam
1096 2817 1118 2864 Τ
1142 2805 1185 2865 sic
1209 2805 1307 2868 solent

479 2927 539 2970 non
564 2912 667 2989 priore
691 2909 742 2970 sed
767 2907 898 2970 secunda
923 2908 994 2969 dnm
1018 2906 1109 2970 latina
1133 2909 1165 2969 in
1190 2907 1314 2988 syllaba,
1333 2902 1349 2978 .’

426 3021 611 3078 estractus
634 3021 665 3074 ut
689 3011 770 3073 dicas
793 3009 839 3074 rel
861 3019 989 3091 aptus,
1014 3019 1168 3074 sanctus
1190 3021 1242 3074 aut
1265 3013 1492 3096 Neptunius.

477 3117 589 3178 ceteris
612 3123 720 3178 natura
745 3133 805 3177 non
829 3126 874 3178 est
897 3124 929 3177 ut
951 3112 1029 3176 duae
1051 3115 1134 3194 iungi
1158 3126 1280 3196 queant.

521 3219 724 3283 Semirocales
748 3228 868 3299 oportet
890 3234 1053 3298 segregare
1077 3220 1236 3290 attentius;

478 3343 552 3404 quas
575 3323 697 3404 quidem
720 3324 790 3404 qnia
814 3323 990 3385 nominatim
1014 3340 1118 3385 versus
1140 3322 1203 3384 indi
1227 3342 1288 3386 non
1311 3326 1390 3396 sinit,

477 3427 596 3490 ordinis
618 3425 746 3506 signabo
769 3445 911 3497 numero,
934 3445 1011 3508 quae
1034 3427 1074 3488 sit
1097 3425 1171 3488 baec
1195 3445 1285 3507 quam
1310 3428 1466 3499 disseram,

424 3555 464 3596 sss
479 3529 585 3592 titulus
610 3539 641 3591 ut
662 3529 852 3610 praescribet
873 3532 930 3592 iste
952 3528 1084 3593 discolor
1107 3531 1255 3610 sinopide,

788 3646 809 3694 F
852 3647 876 3696 Ia
919 3648 946 3696 Μ
991 3648 1015 3695 Ν
1058 3647 1082 3696 R
1127 3647 1144 3696 S
1189 3647 1224 3695 X.

478 3743 573 3822 prima
598 3747 694 3800 mutas
718 3757 773 3800 nee
796 3746 941 3819 sequetur
964 3756 1019 3800 nec
1044 3745 1141 3816 potest
1163 3737 1358 3819 praecedere.

476 3843 539 3925 ipsa
563 3843 681 3923 gemina
706 3860 762 3904 nec
784 3841 878 3904 locari
902 3840 1032 3920 simplici
1056 3841 1085 3902 in
1111 3841 1202 3903 verbo
1226 3851 1333 3923 potest.

476 3945 622 4010 scilice
646 3956 676 4008 et
698 3944 818 4008 suiier
842 3944 890 4007 rel
913 3945 1013 4007 oiier
1037 3953 1081 4006 est
1103 3944 1225 4025 quidem
1249 3943 1359 4025 duplex
1382 3964 1484 4017 sonus,

337 4191 475 4244 828-888
492 4207 515 4243 tt.
534 4191 677 4242 ate-m

338 4383 388 4434 198
409 4395 455 4432 aut
476 4396 524 4432 orn.
549 4380 588 4442 M,
611 4381 711 4436 adds
780 4379 831 4430 sut
855 4393 947 4428 snmus
971 4391 988 4434 ς
1011 4393 1129 4428 summus
1154 4377 1186 4428 Μ
1253 4379 1303 4430 805
1328 4381 1361 4428 sit
1384 4395 1430 4432 om.
1457 4379 1494 4438 Μ,
1522 4381 1584 4432 add.

269 4465 410 4520 Briesceue
479 4468 531 4518 810
549 4468 608 4530 qrris
628 4476 706 4530 qneet
717 4463 839 4530 Micyllus
858 4463 973 4528 Quisque
991 4479 1018 4514 at
1036 4463 1068 4514 Μ
1136 4463 1184 4514 811
1206 4479 1282 4527 quum
1303 4464 1420 4530 prolerre
1435 4467 1586 4518 Petreet'nnr

267 4553 314 4616 qui
337 4553 453 4621 proferes
477 4553 516 4604 Μ.
540 4553 582 4603 eui
611 4552 749 4619 praeferas
766 4553 876 4603 coniecit
901 4551 1080 4602 decamanus
1148 4550 1199 4600 813
1223 4551 1292 4599 solas
1317 4563 1334 4606 ς
1356 4549 1412 4601 sole
1435 4552 1467 4602 ,Μ
1534 4553 1585 4605 817

268 4639 342 4690 enim
361 4655 428 4704 qnae
446 4639 589 4691 Briarneue
607 4639 732 4702 cuiusque
751 4637 782 4687 Μ
799 4637 925 4700 euiusqne
945 4649 971 4684 ιιι
991 4635 1113 4700 Micyllus
1182 4635 1233 4686 818
1252 4634 1270 4685 C
1290 4636 1366 4687 modo
1386 4649 1403 4693 ς
1422 4635 1442 4686 E
1462 4639 1540 4688 modo
1554 4638 1587 4688 Μ

304 4727 354 4778 ata
378 4741 428 4778 nou
453 4727 539 4793 priore
562 4726 608 4776 sed
628 4726 780 4776 Petrece'nue
800 4739 848 4774 non
872 4725 970 4790 priores
989 4733 1014 4772 et
1032 4721 1065 4772 Μ
1131 4721 1181 4772 825
1199 4721 1287 4771 titulus
1308 4735 1335 4772 m
1352 4723 1511 4788 praescribet
1529 4725 1584 4775 Da-

268 4812 360 4862 uestes
381 4815 451 4864 ariae.
471 4814 529 4868 crit.
551 4829 579 4878 p.
600 4815 658 4870 497,
678 4810 778 4862 Titulus
804 4808 959 4877 praescribet
982 4809 1016 4860 M
1030 4809 1121 4859 tittrlus
1140 4821 1165 4857 et
1187 4808 1346 4874 praescribet
1363 4809 1503 4864 Sonteniue
1525 4813 1583 4863 coll.

268 4899 378 4948 stota
448 4894 669 4954 FL5ELM
