3874 5556
939 87 946 132 l

784 285 854 340 ΑΗΒ
875 289 1004 352 11,2-
1024 289 1055 340 16

724 583 773 647 DE
796 582 925 648 iudico
948 585 972 644 A
996 582 1141 648 llleRE

353 715 493 785 Ionicum
509 730 636 785 metrum
652 721 732 804 quod
748 741 764 784 a
781 725 896 786 maiore
912 723 1025 788 dicitur
1040 731 1158 788 coastat
1172 723 1307 804 spondeo
1326 731 1356 785 et
1379 724 1534 805 pyrrichio
1559 739 1591 786 et

269 823 413 888 trochaeo
440 833 471 887 et
498 833 657 906 praeterea
687 824 890 890 solutionibus
920 825 1062 909 spondei,
1093 827 1124 888 id
1153 835 1198 889 est
1227 836 1389 910 anapaesto
1420 825 1464 888 vel
1489 827 1590 910 dacty-

267 927 312 999 lo,
338 937 369 992 ct
391 927 541 992 solutione
564 927 713 1001 trochaei,
743 929 772 992 id
796 940 841 992 est
865 928 1030 1000 tribracho,
1054 929 1262 992 indifferenter
1284 931 1315 992 iu
1339 930 1414 994 locis
1437 931 1587 1000 otranibus.

241 1035 307 1097 sita
343 1042 442 1094 tamen
473 1041 505 1095 ut
534 1033 632 1095 amnis
660 1035 834 1114 coniugatio
863 1051 915 1096 sex
945 1041 1083 1114 tempora
1107 1031 1226 1096 lrabeat.
1273 1035 1436 1098 dimetrum
1461 1035 1589 1116 brachy-

267 1135 446 1198 catalectum

766 1243 846 1304 reria
869 1259 955 1304 coma
979 1239 1100 1313 llorens,

267 1343 429 1406 dimetrum
453 1344 648 1406 acatalectum

722 1466 799 1530 quae
824 1449 965 1529 Pegaseis
989 1447 1136 1518 lontibus,

229 1577 253 1616 ro
268 1553 439 1614 trimetrum
464 1549 756 1633 brachycataleotum
1121 1558 1124 1564 '

707 1673 768 1718 aon
792 1655 885 1718 ldallo
907 1658 951 1719 sic
974 1674 1051 1738 puer
1073 1653 1148 1727 alto.

267 1767 475 1822 tetrametrum
501 1758 792 1841 brachycatalectum

578 1863 644 1926 volo
669 1863 765 1926 litoris
788 1865 819 1926 in
842 1865 979 1943 margine
1002 1862 1083 1926 solus
1106 1860 1278 1927 ambulare:

267 1967 323 2029 hoc
352 1975 381 2028 et
409 1966 574 2030 sotadicum
604 1966 730 2030 dicitur:
766 1957 974 2029 tetrametrum
1003 1968 1209 2052 acatalectum,
1240 1967 1318 2048 qaaod
1349 1968 1426 2048 apud
1451 1967 1586 2032 Cleoma-

229 2070 356 2134 uclaum
380 2069 541 2141 invenitur,
566 2088 601 2132 ex
626 2069 744 2133 duobus
767 2069 841 2133 colis
864 2073 1059 2134 coniunctum

546 2191 620 2236 uvas
642 2173 745 2238 nitidis
768 2173 927 2238 frondibus
952 2175 1034 2236 Euan
1057 2172 1179 2237 laederis
1201 2175 1305 2254 illigat.

716 2397 765 2462 ΒΕ
788 2397 919 2463 laureo
941 2402 964 2462 Α
987 2397 1135 2462 dllNOliE

352 2537 488 2599 Ionicum
505 2544 636 2600 metrum
653 2537 732 2620 quod
756 2554 773 2597 a
797 2538 915 2600 minore
938 2536 1108 2620 appellatur
1131 2545 1249 2600 coastat
1266 2537 1418 2619 pyrrichio
1443 2547 1469 2600 et
1496 2557 1587 2620 spun-

267 2638 323 2702 deo
347 2649 376 2703 et
401 2641 405 2723 Ι
429 2639 557 2722 spondei
580 2639 740 2710 solutione,
763 2647 928 2723 anapaesto
943 2638 955 2724 ΙΙ
973 2650 1002 2704 et
1026 2638 1153 2723 dactylo.
1191 2641 1242 2705 lric
1265 2657 1385 2721 quoque
1407 2642 1438 2702 ln
1462 2641 1587 2722 singulis

228 2765 253 2805 aa
267 2741 528 2826 coniugationibus
551 2763 604 2806 sea
629 2751 766 2825 tempora
789 2745 910 2825 impleri
933 2763 1058 2808 neccsse
1082 2753 1137 2807 cst.
1179 2744 1342 2807 dimetrum
1366 2743 1563 2808 acatalectum

712 2848 832 2910 Ararim
855 2849 899 2910 sic
922 2867 1014 2930 super
1037 2848 1147 2911 altum:

267 2935 407 3014 lloratlua

679 3072 801 3137 neque
825 3053 926 3116 dulci
950 3054 1044 3116 mala
1068 3055 1167 3116 aino:

266 3159 440 3222 trimetrum
463 3159 662 3222 acatalectum

228 3281 252 3322 aa
399 3335 404 3349 .
487 3264 715 3326 miserarum
739 3272 797 3324 est
819 3277 942 3340 neque
965 3263 1084 3324 amori
1108 3259 1198 3324 darc
1222 3261 1363 3332 ludum,

267 3373 475 3430 tetrametrum
499 3365 705 3429 catalecticum

559 3488 655 3550 equus
678 3467 743 3532 aluo
767 3468 862 3541 veluit,
887 3467 963 3531 uber
986 3477 1082 3531 tumet
1104 3469 1173 3532 albo
1197 3470 1299 3542 latice,

266 3578 474 3635 tetrametrum
497 3573 691 3636 acatalectum
760 3643 765 3650 ¹

508 3695 639 3760 propere
663 3677 715 3760 qui
738 3677 876 3739 residens
899 3677 931 3737 ia
955 3679 1071 3756 gremio
1094 3677 1197 3740 Fauno
1220 3675 1339 3739 celocis.

270 3867 304 4002 1¹7·
318 3885 436 4006 ‘grippo
452 3884 527 4006 piger.
551 3885 653 3936 Victor.
674 3886 715 3944 ⁹0,
735 3885 769 3934 29
822 3863 873 3935 γ111
894 3899 956 3935 uuas
977 3885 1048 3936 aliur.
1071 3883 1170 3935 Victor.
1189 3887 1232 3948 91,
1252 3887 1268 3936 2
1341 3887 1373 3936 21
1395 3885 1494 3934 ararim
1516 3885 1586 3939 Mor.

294 3970 317 4005 w
362 3994 369 4008 ⁸
424 3992 432 4018 ,
1516 3969 1518 3972 .

268 4083 471 4092 ..η-..ψ

335 4163 348 4211 1
368 4159 406 4212 De
422 4161 509 4212 ionico
529 4159 600 4225 quod
619 4177 634 4210 a
654 4161 751 4211 maiore
768 4159 870 4212 dicitur.
908 4160 1016 4213 Constat
1035 4159 1059 4211 A
1075 4159 1129 4216 tta
1210 4159 1378 4226 lamba-acha
1398 4161 1488 4217 ABe·
1572 4163 1587 4213 i

266 4225 358 4348 comap
372 4241 510 4286 commea
596 4229 770 4282 Sdimctrum
788 4229 939 4281 catalectum
961 4228 1054 4285 ΑΒς
1142 4232 1243 4294 iquae
1262 4231 1387 4298 pegasius
1405 4231 1532 4298 (pegasus
1552 4229 1588 4294 B)
1609 4266 1613 4272 ·

265 4297 325 4350 luas
357 4299 460 4362 ontibus
482 4302 506 4350 A
520 4298 546 4349 B
568 4296 623 4359 Que
645 4313 728 4366 opaco
753 4301 808 4350 suis
833 4297 948 4350 lontibus
968 4311 985 4356 ς
1007 4313 1074 4362 quae
1097 4314 1178 4365 opaca
1202 4303 1284 4351 sacris
1308 4299 1424 4350 lontibus
1443 4299 1589 4351 Putsclaiua.

266 4375 326 4420 aute
344 4369 477 4419 dimetrum
495 4372 665 4420 acatalectma
683 4371 825 4433 cecropiam
844 4370 947 4420 dimetri
968 4370 1124 4432 catalectici,
1147 4384 1214 4432 qarae
1227 4368 1343 4434 Pegaseo
1357 4369 1436 4431 loute,
1458 4370 1589 4420 excidisse

265 4439 368 4488 uidetur
445 4439 474 4488 11
494 4437 589 4490 idalioa
609 4439 647 4488 sic
667 4438 691 4488 A
704 4435 759 4492 Be
841 4441 871 4488 14
889 4439 959 4504 apud
978 4438 1135 4488 cicomacum
1157 4439 1180 4488 A
1200 4439 1270 4504 apud
1289 4438 1446 4488 cicomacum
1466 4435 1492 4486 B
1509 4441 1589 4502 apud.

267 4505 294 4560 C.
313 4505 422 4556 letantem
441 4519 458 4563 ς
476 4509 548 4573 apud
567 4507 739 4558 llaecenatem
760 4505 896 4558 Patacdiae
968 4507 998 4556 16
1017 4505 1154 4557 lrondibus
1174 4507 1277 4558 Mariua
1299 4506 1448 4557 Victorinum
1467 4523 1493 4570 p.
1512 4509 1552 4563 ar,
1573 4509 1588 4556 2

268 4573 396 4625 frontibus
416 4575 441 4626 A
455 4573 481 4625 B
499 4575 607 4626 lloribus
626 4589 643 4631 ς
718 4590 785 4625 enan
804 4577 829 4627 A
843 4575 868 4626 B
887 4577 986 4626 eundae
1004 4588 1021 4631 ς
1101 4578 1133 4628 18
1153 4588 1177 4625 et
1195 4575 1314 4642 spondeo
1333 4591 1379 4630 om.
1400 4577 1423 4625 A
1438 4575 1471 4636 B,
1491 4577 1553 4625 add.
1572 4588 1589 4631 ς

337 4645 369 4696 19
388 4639 427 4710 in]
447 4643 510 4694 mihi
528 4643 554 4695 B
627 4647 661 4696 20
680 4643 821 4711 impleres
899 4647 932 4695 21
952 4645 1019 4694 sicut
1037 4659 1117 4711 super
1134 4643 1225 4699 Aac
1303 4645 1336 4695 22
1357 4640 1490 4708 Horatius]
1510 4661 1589 4694 cmm.

245 4749 249 4754 -
268 4711 319 4763 111
339 4715 380 4772 12,
400 4717 415 4763 1
486 4715 520 4766 24
538 4715 679 4766 trimetrum
699 4713 849 4764 catalectum
871 4717 894 4765 A
910 4714 963 4770 Βς
1030 4716 1062 4764 26
1082 4723 1257 4764 tetrametrum
1277 4711 1427 4763 catalectum
1447 4713 1538 4768 ΑΒς

269 4783 300 4832 ‘di
320 4797 402 4845 equits
421 4782 480 4834 albo
499 4783 571 4834 uellit
589 4782 649 4836 AB
668 4783 735 4832 Eous
755 4783 813 4833 altro
834 4784 939 4840 aelate
1018 4784 1051 4834 22
1070 4797 1182 4849 propere
1201 4783 1256 4837 §A
1274 4784 1381 4849 proprie
1400 4782 1426 4833 B
1496 4782 1590 4834 celocis

271 4849 294 4900 A
313 4851 410 4902 elocis
430 4851 454 4904 B
473 4851 569 4904 colocis
588 4867 604 4909 ς

321 4953 472 4985 oummm
486 4954 570 4986 auam
583 4955 617 4988 ut.
1349 4939 1380 4990 19
