3874 5556
338 293 402 360 280
466 358 479 366 ..
794 293 912 346 A'l'ILIl
932 289 1206 344 Font'vttartaht
1601 353 1603 358 ,

366 396 541 452 wmaen
1480 391 1642 450 emen

342 495 373 550 ut
395 489 461 558 nix,
493 497 543 548 ont
567 487 597 548 in
621 489 772 564 sequenti.
797 496 830 548 ut
852 487 938 555 axis:
963 496 1015 548 out
1036 504 1105 547 cum
1129 493 1299 563 sequuntur
1322 485 1332 544 i
1355 481 1401 544 rel
1426 503 1442 544 r
1464 483 1531 548 loco
1554 501 1657 545 conso·

341 591 475 652 nantium
499 594 614 671 positae
637 583 838 670 praecedente
862 588 918 650 alia
943 597 1137 660 consonante,
1162 596 1195 649 ut

483 729 561 773 cunt
585 709 678 772 lono
702 719 895 773 aeternnm
931 729 1088 780 serrans
1111 708 1178 772 sub
1202 716 1361 790 pectore
1386 707 1520 770 vulnus

341 826 370 875 t¹l

578 920 790 989 onimium,
816 921 940 998 virgo,
967 919 1119 980 nimium
1145 913 1301 980 crudele
1325 917 1435 978 luisti
1674 937 1688 977 s

576 1022 821 1103 suppliciunt.

344 1141 444 1204 laevis
480 1142 592 1224 syllaba
629 1153 746 1227 tempus
780 1134 1151 1222 onurn·lrabet,'longa‚
1187 1144 1250 1204 sire
1285 1150 1391 1204 natura
1426 1141 1488 1202 'sire
1517 1140 1663 1222 positione

343 1245 536 1318 mmmm

888 1438 935 1500 hh
965 1437 1126 1500 ratttttvs

434 1574 528 1634 Pedes
551 1574 704 1655 simplices
733 1579 808 1638 littnt
839 1575 956 1638 duabus
987 1576 1030 1637 rel
1061 1574 1156 1636 tribas
1180 1574 1303 1654 syllabis
1326 1597 1341 1635 a
1366 1573 1534 1636 sublatione
1559 1576 1588 1634 in
1612 1573 1703 1632 dero

345 1679 526 1758 positionem
549 1681 641 1741 certis
666 1681 851 1759 temporibus
875 1681 1049 1748 terminatis,
1075 1680 1263 1760 paucissimis
1286 1677 1415 1748 rlrtobtts,
1440 1677 1578 1759 plurimis
1601 1695 1662 1738 sex.

344 1791 415 1843 sunt
448 1791 548 1843 autem
579 1785 711 1845 trnircrsi
738 1783 831 1864 pedes
859 1783 1027 1844 duodecim.
1074 1801 1109 1844 ex
1140 1783 1186 1844 his
1215 1779 1535 1862 disyllabi.tyrrattnor,
1565 1782 1663 1862 pyrri-

344 1884 432 1946 cbitts
464 1903 500 1946 ex
525 1884 640 1948 dttalms
665 1887 821 1952 lncribtts.
853 1886 1006 1966 spondeus
1030 1905 1065 1947 ex
1089 1885 1206 1947 dnabrts
1228 1885 1335 1964 longis,
1354 1883 1366 1968 ll
1383 1885 1500 1947 iantbns
1524 1903 1560 1945 ex
1584 1884 1664 1945 breti

346 1997 376 2050 et
400 1986 505 2068 longa,
537 1991 711 2060 trochaeus,
742 2009 831 2070 tptem
863 1989 982 2070 ‹paidam
1013 1989 1138 2051 chariori
1170 2001 1291 2057 rtet-tant,
1321 2009 1356 2050 ex
1388 1989 1475 2069 longa
1505 1999 1535 2048 et
1565 1988 1662 2056 breri;

346 2091 1700 2174 mfflffldmmdmfflmexwfflelwmmmemstmmfflmermae

347 2193 404 2257 bns
428 2195 569 2258 brevibus
592 2206 622 2258 et
646 2199 742 2277 longa,
768 2200 900 2260 creticus
924 2217 960 2258 ex
984 2196 1071 2276 longa
1096 2207 1125 2257 ct
1149 2197 1232 2258 breti
1257 2207 1286 2258 et
1309 2196 1406 2276 longa,
1431 2196 1664 2278 amphibrachus

347 2317 383 2360 ex
406 2297 490 2361 brevi
513 2311 542 2360 et
558 2299 645 2378 longa
671 2310 700 2361 et
723 2301 814 2371 brevi,
839 2301 981 2364 bacchias
999 2321 1033 2361 ex
1051 2301 1168 2361 duabus
1185 2298 1281 2379 longis
1298 2311 1327 2361 et
1343 2301 1437 2371 hreri,
1461 2299 1665 2362 arrtibacchitts

346 2420 381 2462 ex
408 2401 489 2463 brevi
514 2413 542 2463 et
564 2403 681 2465 dnobus
705 2404 813 2482 longis,
839 2404 986 2466 molossos
1009 2403 1161 2466 extribus
1183 2405 1292 2481 larrgis,
1318 2403 1489 2465 trilrrachns
1512 2423 1547 2464 ex
1572 2403 1665 2464 tribas

345 2503 498 2566 brevibus.
543 2508 635 2584 igitar
664 2506 816 2587 simplices
839 2506 980 2588 tbtplicoti
1012 2508 1125 2568 iaciunt
1148 2509 1330 2587 compositos
1355 2508 1447 2587 perles
1471 2527 1507 2569 ex
1531 2527 1579 2576 se,
1615 2509 1665 2588 tyni

264 2681 269 2688 ¹
345 2617 417 2670 sunt
440 2608 485 2678 bi,
516 2629 551 2670 ex
575 2611 710 2690 spondeo
734 2619 765 2673 et
787 2611 939 2692 pyrrichio
963 2612 1079 2672 ionicus
1103 2603 1170 2671 tt’rrd
1193 2609 1359 2691 μείζονος,
1391 2629 1426 2670 ea
1460 2613 1612 2693 pyrrichio
1635 2620 1704 2671 eta

346 2711 481 2791 spondeo
510 2715 627 2776 ionions
657 2706 718 2775 ἀπ’
749 2710 958 2787 ἐλάσσονος,
986 2733 1021 2774 ex
1056 2715 1161 2776 chorio
1191 2724 1220 2772 et
1250 2713 1350 2774 iambo
1386 2713 1595 2784 choriambus,
1629 2733 1664 2775 ex

347 2815 447 2877 iarnbo
471 2825 501 2876 et
524 2816 629 2878 chorio
653 2821 849 2899 antispastus,
874 2837 909 2879 ex
934 2816 1076 2878 trochaeo
1100 2826 1129 2877 et
1153 2815 1309 2896 pyrrichio
1332 2833 1428 2896 paeon
1453 2817 1600 2897 πρῶτος,
1631 2838 1665 2878 ex

350 2918 450 2980 iambo
479 2931 508 2981 et
538 2920 691 3000 pyrrichio
722 2939 817 3002 paeon
854 2917 1031 3001 δεύτερος,
1066 2939 1100 2981 ex
1131 2919 1284 3000 pyrrichio
1326 2930 1356 2980 et
1390 2920 1534 2982 trochaeo
1571 2939 1665 3001 paeon

348 3020 474 3101 τρίτος,
505 3043 539 3084 er
570 3024 724 3105 pyrrichio
747 3034 778 3086 et
801 3024 899 3086 iambo
922 3042 1018 3105 paeon
1043 3017 1213 3103 τέταρτος,
1243 3042 1278 3083 ex
1305 3022 1424 3085 duobus
1448 3022 1599 3086 trochaeis
1622 3022 1666 3084 di·

349 3123 520 3196 trochaeos,
546 3147 580 3189 ex
606 3127 724 3189 duobus
740 3126 850 3189 iambis
872 3122 1016 3199 διπλοῦς
1032 3125 1159 3195 iambus,
1185 3145 1220 3188 ex
1238 3127 1355 3189 dnobus
1370 3127 1512 3208 spondeis
1527 3125 1530 3207 i
1544 3127 1666 3208 dispon·
1682 3143 1708 3184 ao

349 3228 441 3306 dctis,
466 3249 501 3288 ea
525 3229 643 3292 dnobus
666 3229 829 3312 pyrrichiis
852 3230 1142 3309 proceleumaticus.
1172 3249 1208 3292 en
1232 3229 1332 3291 iambo
1356 3241 1384 3292 et
1407 3230 1542 3311 spondeo
1566 3233 1667 3311 epitri-

348 3341 395 3392 tos
423 3333 571 3412 πρῶτος,
603 3353 638 3396 ex
669 3334 812 3396 trochaeo
841 3343 872 3394 et
894 3331 1027 3414 spondeo
1050 3335 1188 3415 epitritos
1211 3328 1384 3412 δεύτερος,
1415 3353 1450 3394 ex
1480 3333 1614 3414 spondeo
1638 3342 1668 3394 et

262 3449 269 3468 ·
346 3434 445 3496 iambo
470 3439 611 3516 epitritos
635 3434 756 3517 τρίτος,
781 3456 817 3499 ex
841 3437 976 3518 spondeo
1000 3449 1030 3497 et
1053 3437 1195 3499 trochaeo
1218 3438 1356 3518 epitritos
1379 3434 1545 3516 τέταρτος.
1595 3455 1668 3516 ergo

347 3557 415 3600 oum
452 3558 530 3601 unus
568 3558 622 3622 pes
658 3539 784 3622 simplex
818 3539 864 3602 bis
894 3543 1008 3622 positus
1039 3545 1238 3622 compositum
1268 3539 1374 3621 pedem
1406 3541 1526 3610 lecerit,
1559 3558 1668 3620 graece

345 3701 552 3716 u*—

418 3773 496 3822 lnix
517 3774 613 3823 Anax
632 3771 688 3828 ςΒ
775 3787 920 3836 sequuntur
938 3775 945 3822 i
966 3771 1004 3822 ael
1025 3787 1039 3821 n
1059 3771 1115 3822 loeo
1133 3771 1332 3822 consonantium
1353 3773 1454 3838 positae
1474 3773 1499 3824 A
1525 3773 1701 3834 seqnitnri

348 3842 387 3890 nel
408 3857 422 3889 u
444 3838 900 3947 lococonsonantiumpositalsli
953 3845 1045 3893 3cum
1066 3837 1141 3909 leno]
1167 3841 1246 3904 Very.
1266 3844 1332 3892 Aen.
1354 3841 1371 3891 I
1389 3843 1424 3892 36
1481 3845 1530 3892 50
1551 3839 1670 3907 nimium]

833 3909 885 3948 uisll

350 3962 430 4028 l'.er9
451 3963 520 4012 Aen.
542 3961 584 4012 ,tr
602 3965 653 4012 811
736 3961 872 4027 inistilati
893 3962 917 4012 B
938 3963 973 4012 ati
994 3963 1048 4018 Ας
1131 3963 1163 4012 10
1182 3960 1246 4010 hum
1266 3961 1401 4013 Prrtacllms
1419 3960 1590 4018 strotABs

347 4034 378 4079 12
402 4043 487 4080 arttcm
513 4031 626 4080 aninersi
645 4031 732 4080 code-c
752 4032 937 4082 Ambrosianus
959 4044 1043 4080 antem
1068 4029 1093 4080 bi
1117 4032 1231 4080 uniuersi
1254 4029 1346 4086 Alte
1420 4029 1539 4094 disyllabi
1560 4031 1595 4081 illi
1615 4031 1670 4096 pir·

346 4099 442 4149 richius
463 4103 486 4150 A
505 4099 623 4164 disyllabi
644 4099 782 4165 pirricbina
801 4099 856 4157 ςΒ
928 4102 959 4151 14
978 4113 1073 4149 nocant
1092 4103 1114 4150 A
1135 4114 1187 4166 app
1190 4100 1266 4148 ollam
1285 4099 1340 4156 ςΒ
1406 4101 1437 4150 15
1455 4099 1580 4163 trisyllabi
1601 4101 1625 4150 A
1645 4111 1671 4149 et

345 4167 470 4235 trisyllabi
489 4169 544 4224 ςΒ
619 4168 737 4218 brevibus
756 4171 845 4235 priore
864 4173 920 4221 loco
939 4186 985 4223 orn.
1000 4171 1024 4219 A
1038 4168 1072 4227 B,
1090 4170 1153 4220 odd.
1168 4183 1184 4224 ς
1256 4171 1287 4219 16
1306 4168 1420 4218 Creticus
1440 4183 1471 4216 ex
1496 4167 1557 4232 loir.r
1541 4185 1572 4218 ιο
1597 4169 1669 4218 breui

345 4249 369 4286 et
389 4237 466 4302 longa
486 4237 696 4304 Ampbibrnchys
716 4254 748 4287 ex
768 4240 837 4288 hreni
858 4239 918 4303 long
902 4250 977 4288 “nel
996 4239 1066 4287 hreni
1089 4239 1258 4288 lrrtibachias
1278 4253 1308 4286 ex
1329 4239 1400 4286 hreni
1419 4251 1445 4286 et
1462 4221 1563 4288 rlttabds
1582 4235 1670 4302 longis

347 4305 457 4356 lloohins
481 4322 512 4356 cx
534 4307 635 4356 duabus
654 4306 724 4355 lon'
700 4321 739 4372 gis
760 4320 784 4356 et
801 4308 871 4386 brepi
893 4306 1023 4357 llolossns
1043 4321 1060 4362 ς
1138 4309 1167 4358 17
1187 4307 1354 4356 arttibncchns
1375 4308 1398 4355 A
1459 4309 1491 4356 19
1509 4321 1541 4356 cx
1560 4302 1600 4373 se]
1621 4321 1669 4356 sex

346 4378 369 4425 A
386 4375 447 4432 Βς.
464 4375 581 4437 sortasse
600 4377 712 4426 sedecim
783 4379 817 4427 20
835 4366 895 4426 dal
918 4375 1049 4442 μείζονος
1068 4383 1092 4426 et
1112 4365 1165 4427 ἄττ’
1186 4367 1370 4433 ἑλαοοονος
1361 4391 1387 4424 aa
1405 4377 1503 4425 loerrnr'o
1522 4387 1600 4431 σοις

344 4446 376 4494 22
396 4445 543 4510 antispatns
563 4447 586 4496 A
641 4459 673 4495 ex
693 4443 797 4494 trocheo
817 4461 841 4495 et
860 4445 990 4511 pyrrichio
1010 4461 1077 4512 peon
1096 4468 1110 4496 a
1128 4461 1160 4495 ex
1181 4446 1266 4495 lanrho
1287 4443 1417 4510 pyrrichio
1438 4457 1462 4492 et
1481 4443 1584 4494 trocheo
1604 4461 1617 4486 a
1636 4459 1668 4494 ex

344 4513 475 4578 pyrrichio
498 4531 512 4558 a
534 4514 618 4564 iambo
638 4529 669 4564 ex
688 4513 790 4565 dnobus
810 4516 921 4564 trocheis
940 4528 955 4563 r
972 4529 1005 4564 ex
1024 4513 1154 4581 pyrrichio
1174 4527 1198 4564 et
1216 4531 1230 4560 e
1251 4529 1283 4562 ex
1296 4513 1397 4562 duobos
1413 4513 1506 4563 locabis
1525 4531 1537 4559 e
1557 4529 1588 4563 ex
1602 4515 1670 4564 doo-

345 4583 392 4631 bos
411 4581 553 4648 spondaeis
573 4581 786 4662 ὓὶτροοοίιιος
832 4595 912 4650 poton
935 4581 1048 4647 πρῶτος
1071 4593 1096 4634 et
1115 4587 1141 4634 in
1158 4601 1238 4648 rrtcrp.
1259 4598 1341 4648 paeon
1361 4580 1405 4632 A'
1452 4597 1484 4632 ex
1503 4583 1588 4632 iambo
1608 4598 1670 4648 pyr-

345 4650 425 4701 richio
449 4663 474 4700 et
498 4651 601 4702 trocheo
626 4667 708 4719 paeon
732 4643 867 4734 δεύτερος
892 4669 923 4702 ex
949 4653 1079 4720 pyrrichio
1099 4669 1182 4732 paeon
1207 4650 1303 4716 τρίτος
1327 4649 1390 4702 AB
1478 4653 1512 4701 26
1536 4653 1670 4718 proceleu-

344 4721 452 4770 maticus
475 4735 507 4771 ex
526 4722 612 4771 iambo
632 4734 656 4771 et
674 4723 792 4788 spondeo
812 4723 929 4789 epitritos
949 4713 1085 4784 δεύτερος
1104 4714 1280 4788 (devcepoc‘
1270 4737 1295 4769 ta
1315 4721 1406 4769 lacuna
1425 4735 1471 4770 orn.
1485 4720 1513 4783 ς)
1533 4737 1565 4770 ert
1588 4738 1619 4788 sp
1622 4737 1669 4772 orr-

344 4791 393 4836 deo
416 4802 441 4838 et
463 4791 549 4839 iambo
573 4791 690 4871 epitritos
715 4791 803 4841 tertius
827 4807 859 4840 ex
882 4793 1001 4858 spondeo
1025 4807 1049 4841 et
1074 4792 1192 4842 trochaeo
1216 4790 1334 4856 epitritos
1358 4801 1466 4851 quartus
1493 4789 1583 4845 Alae

345 4858 377 4906 29
396 4871 488 4923 graece
505 4861 615 4925 sygyzia
633 4877 646 4906 a
664 4859 759 4910 latinae
777 4873 793 4915 ς
