3866 5562
660 389 749 444 aar.
766 393 875 443 onaan
893 385 969 461 ,tna
994 393 1021 442 ιι
1044 389 1147 442 so-ao
1504 371 1569 444 stu

248 497 270 536 p.
284 484 311 526 56
324 484 353 524 V.
816 515 821 522 .

243 573 344 648 iaciat,
370 570 418 633 laic
442 589 547 635 usurus
570 571 660 635 lrulus
682 571 778 644 muri;
802 557 930 634 alterum
947 569 1157 635 indifferenter
1181 569 1363 634 declinatum
1381 581 1412 636 ot
1431 573 1436 654 Ι
1457 551 1587 637 secam-¹

242 675 295 738 dac
320 673 530 738 declinationis
545 675 572 738 ri
590 674 703 737 iaciens
726 677 865 755 genetivo
889 681 919 737 ct
943 683 1066 755 quartae
1089 693 1152 745 rus,
1175 675 1251 737 baec
1264 675 1368 738 laurus
1384 675 1473 740 buius
1490 675 1563 740 lauri

241 777 287 842 vel
311 777 427 849 laurus:
457 775 549 842 altera
580 778 639 840 duo
662 770 869 860 monosyllaba
895 777 1000 839 tertiae
1024 775 1249 851 declinationis,
1279 778 1354 840 baec
1377 796 1449 859 grus
1471 782 1564 862 gruis,

241 881 297 944 ltoc
321 900 374 946 rus
397 884 485 944 ruris.
531 879 711 944 hoc'tante'n
735 887 907 950 teneamus.
939 881 1038 942 omnia
1064 878 1268 962 monosyllaba
1292 884 1400 944 tertiae
1424 900 1489 945 esse
1513 883 1565 946 de·
1716 910 1720 918 ·

213 984 410 1048 s'cllnationis
433 985 567 1067 exceptis
591 967 853 1066 duobus'quintae
877 981 1104 1055 declinationis,
1129 1003 1198 1065 spes
1222 1002 1281 1047 res.

332 1087 403 1151 Sas:
434 1087 490 1151 bac
517 1087 631 1169 syllaba
661 1085 743 1152 nulla
767 1087 887 1150 nomina
903 1085 1038 1169 ‘repperi
1061 1088 1233 1150 terminata.
1279 1106 1342 1151 scs:
1372 1089 1428 1152 bac
1451 1088 1562 1171 syllaba

240 1194 363 1254 rtomlna
386 1191 468 1254 llnita
491 1209 601 1273 graeca
617 1199 703 1254 sunt:
728 1190 939 1253 indlllercnter
953 1208 1074 1272 quoque
1091 1179 1291 1262 declinantur,
1318 1200 1348 1254 et
1363 1193 1478 1274 primae
1493 1203 1564 1256 sunt
1619 1194 1622 1202 ’
1668 1273 1671 1278 ¹

239 1293 460 1358 declinationis·
477 1311 529 1358 saa
547 1293 703 1369 facientia
723 1297 863 1373 panetiuo
886 1303 915 1358 et
938 1295 1046 1356 tertiae
1069 1297 1127 1366 sis,
1157 1304 1191 1356 ut
1214 1294 1376 1378 Cambyses
1399 1293 1568 1378 Cambysae

240 1394 284 1460 rel
301 1397 471 1480 cambysis,
495 1397 604 1461 Perses
616 1397 727 1460 Persae
744 1394 788 1459 eal
805 1395 915 1460 Persis.
963 1415 1031 1459 narn
1055 1396 1135 1479 quod
1151 1395 1311 1460 Sallustius
1327 1402 1372 1461 ait
1395 1397 1456 1460 ‘ad
1481 1399 1561 1461 bel-

199 1521 224 1561 ro
239 1501 310 1566 lum
329 1501 433 1566 Persi
456 1499 766 1572 blaoedonicum’,
792 1517 851 1562 non
868 1497 1101 1564 declinationem
1118 1499 1257 1571 mutavit,
1282 1501 1333 1562 sed
1351 1503 1471 1584 antiqua
1489 1520 1562 1564 usus

238 1590 549 1675 est'consuetudiue,
580 1602 712 1666 dativum
742 1607 842 1685 posuit
870 1621 927 1686 pro
955 1605 1111 1684 gerrettm,
1142 1613 1175 1666 ut
1202 1604 1307 1666 Cicero
1338 1602 1561 1686 ‘liliumque

238 1708 367 1771 Verri'
391 1725 446 1790 pro
463 1692 581 1780 Verris,
607 1717 637 1770 et
651 1706 802 1788 tergtttns
825 1707 993 1770 ‘inmitis
1009 1705 1161 1772 tentttt’
1186 1725 1241 1789 pro
1259 1706 1391 1771 ttcbtttts.
1438 1711 1480 1770 sis
1496 1728 1560 1771 om·

238 1813 287 1873 aria
319 1813 438 1874 uomina
469 1814 578 1875 tertiae
602 1819 672 1875 sunt
694 1809 922 1882 declinationis,
951 1813 978 1873 is
1000 1810 1114 1873 iaciunt
1137 1813 1291 1890 genetivo,
1319 1813 1420 1873 latina
1442 1813 1561 1889 quietam

237 1917 293 1987 sis,
318 1915 366 1977 bic
390 1915 470 1978 ansis
492 1913 586 1977 buius
609 1915 705 1983 ensis:
731 1904 956 1994 peregrinante
978 1911 1023 1974 val
1047 1913 1107 1986 dis,
1132 1913 1188 1978 lsis
1211 1915 1297 1979 lsidis
1319 1916 1365 1977 vel
1388 1915 1456 1984 lsis,
1481 1913 1561 1978 basis

196 2037 223 2078 rs
238 2016 326 2080 buius
350 2016 430 2080 basis
453 2017 498 2079 vul
514 2015 642 2087 basldls.
668 2017 742 2080 baec
765 2017 858 2080 cassis
881 2015 971 2078 buius
994 2019 1088 2080 cassis
1113 2017 1155 2078 rel
1172 2017 1312 2089 cassidis,
1336 2017 1471 2100 quamvis
1487 2019 1560 2080 vor-

236 2120 324 2201 gilius
348 2119 422 2184 baec
446 2120 563 2184 cassida
579 2119 787 2208 declinaverit.
834 2135 901 2183 sos:
926 2117 982 2181 bac
1005 2117 1118 2200 syllaba
1142 2139 1218 2201 pura
1242 2119 1492 2182 nullum-nomen
1516 2119 1559 2182 la·

200 2255 203 2260 ·
237 2225 340 2286 tinum·
355 2227 478 2306 repperi
502 2226 712 2294 terminatum,
744 2240 838 2287 uuum
862 2241 1005 2303 graecum
1029 2220 1090 2302 legi
1113 2223 1144 2284 in
1169 2221 1309 2286 Sallustio
1332 2224 1485 2293 secundae
1509 2223 1560 2286 da·

236 2324 422 2398 clinationis,
447 2327 522 2390 liaeo
544 2329 661 2390 Amisos
685 2325 775 2390 buius
790 2327 894 2389 ttnn‘si.
940 2335 1040 2388 cetera
1062 2349 1081 2388 a
1103 2327 1208 2388 insons
1230 2327 1372 2390 insontis:
1398 2329 1440 2388 sio
1464 2327 1559 2390 Hora·
1609 2332 1613 2342 '

237 2421 303 2493 tius.
350 2449 422 2493 sotis
441 2419 515 2494 ‘ro'ro
532 2449 592 2494 nou
610 2429 679 2512 legi.
725 2428 884 2494 Sallustius
900 2447 1029 2492 numero
1047 2426 1154 2511 plurali
1170 2437 1347 2512 utrumque,
1373 2430 1559 2492 ‘insontis

195 2535 338 2597 aosicut
360 2536 510 2598 sontis’.
557 2534 595 2597 de
617 2553 635 2597 n
659 2543 718 2613 ets¹
742 2535 911 2597 terminatis
935 2521 1022 2594 docui
1048 2533 1300 2614 trequentisslme.
1347 2551 1413 2596 susc
1438 2535 1559 2596 uomina

237 2635 291 2698 bac
318 2635 430 2719 syllaba
456 2639 617 2700 terminata
647 2637 771 2720 propria
801 2633 903 2719 [sunt]
934 2634 979 2696 rel
1003 2632 1083 2698 aliud
1114 2654 1209 2716 genus
1232 2655 1269 2698 ex
1292 2654 1325 2699 se
1348 2635 1487 2698 laniantia
1510 2655 1556 2700 se·
1616 2619 1619 2626 ⁴

235 2739 350 2804 candae
379 2749 452 2804 sunt
479 2739 706 2816 declinationis,
738 2741 762 2802 sl
792 2739 907 2802 iaciunt
936 2738 1213 2819 genetivo,‘Nisus
1236 2738 1318 2813 Nisi,
1347 2742 1505 2823 proprium
1529 2749 1559 2804 et
1649 2801 1652 2808 .

236 2845 439 2926 participium.
485 2843 666 2927 appellativa
691 2863 778 2914 vero,
808 2844 834 2907 sl
858 2861 917 2905 non
941 2843 1056 2905 iaciunt
1079 2841 1158 2905 aliud
1183 2861 1220 2904 ex
1243 2861 1275 2904 sc
1299 2861 1409 2923 genua,
1434 2852 1557 2925 quartae
1661 2885 1664 2888 -

234 2955 305 3010 sunt
327 2945 556 3020 declinationis,
586 2966 638 3010 sus
662 2948 948 3028 intemperante,
975 2947 1023 3008 bic
1047 2963 1172 3008 occasus
1195 2946 1284 3008 buius
1308 2963 1442 3010 occasus.
1489 2967 1557 3010 nam

194 3047 376 3131 esplausus,
406 3051 432 3110 si
455 3051 493 3112 sit
515 3052 722 3132 participium,
752 3049 841 3113 buius
864 3048 976 3132 plausi,
1005 3051 1031 3112 si
1053 3065 1164 3112 atomon
1188 3047 1402 3133 appellativum
1432 3067 1492 3113 trou
1514 3051 1556 3113 la·

235 3155 317 3216 ciens
340 3151 420 3215 aliud
446 3173 480 3216 aa
505 3171 537 3216 sc
561 3171 670 3234 genus,
700 3153 952 3238 lanius.plausus;
980 3154 1059 3215 sicut
1081 3153 1166 3214 nisus
1188 3154 1383 3234 participium
1407 3153 1480 3223 uisi,
1505 3170 1556 3232 ap·

236 3253 406 3337 pellativum
438 3259 527 3319 unius
556 3257 677 3340 gestaris
707 3258 799 3320 nlsus.
845 3257 995 3338 excipitur
1009 3273 1112 3318 ‚unum
1137 3254 1375 3340 monosyllabum
1397 3257 1422 3317 is
1445 3256 1558 3319 iaciens

302 3461 381 3514 Prab.
399 3463 494 3515 eatbal.
515 3465 557 3526 28,
577 3463 671 3526 7-29,
692 3465 707 3511 1
777 3463 794 3514 9
812 3461 904 3513 Perses
924 3461 1004 3514 Prob.
1026 3463 1070 3525 24,
1089 3463 1124 3512 28

302 3633 401 3686 liliaco
420 3649 484 3701 grus
502 3635 576 3701 gruis
595 3649 641 3684 sua
661 3635 717 3686 suis
736 3649 782 3685 rus
801 3636 881 3694 ruris,
900 3636 949 3686 sed
966 3635 1059 3686 deletis
1076 3649 1122 3686 sus
1135 3635 1191 3685 sois
1205 3631 1231 3684 B
1335 3635 1351 3685 8
1371 3633 1491 3686 inicientis
1510 3651 1556 3702 ge·
1581 3673 1582 3676 ,

234 3721 320 3772 uutivo
338 3737 386 3773 orn.
405 3719 431 3770 B
521 3722 537 3771 9
557 3735 616 3770 uana
636 3721 707 3784 quod
726 3718 865 3772 Sallustius
884 3721 920 3770 uit
939 3718 1042 3772 hobus
1061 3718 1101 3770 uel
1119 3720 1189 3783 qrtod
1209 3717 1349 3770 Sallustius
1370 3721 1403 3772 B.
1441 3721 1559 3774 Sattasttt

234 3806 312 3860 uerba
329 3822 410 3873 saepe
433 3823 450 3857 a
466 3807 640 3871 prantmattcis
663 3807 744 3856 citato
762 3805 845 3871 prino
864 3805 1029 3858 ilistoriarum
1053 3805 1118 3857 libro
1136 3805 1281 3857 tribuerunt
1298 3809 1357 3869 atti,
1376 3825 1441 3874 prena
1459 3809 1557 3858 indica·

159 3934 161 3938 .
233 3900 323 3945 oerum
335 3891 467 3945 hinIrerus
480 3891 544 3943 Sall.
557 3891 616 3943 ties.
631 3906 747 3958 prooem.
761 3907 788 3957 p.
799 3892 834 3943 85
852 3899 879 3942 et
890 3889 1008 3943 Kritziras
1021 3891 1085 3942 Sall.
1099 3891 1159 3946 bist.
1175 3891 1271 3958 [rapae.
1284 3897 1341 3959 μδ
1412 3895 1442 3943 11
1464 3891 1555 3942 fllium-

234 3995 284 4044 qaae
302 3979 376 4031 Verri
401 3979 428 4030 in
449 3977 580 4030 Ciceronis
604 3976 794 4028 Verrtntsnoo
811 3978 921 4044 lepitur:
943 3976 980 4042 cf.
1001 3975 1122 4027 liitscbel.
1141 3979 1265 4043 supplem.
1284 3978 1443 4045 quaestionis
1461 3979 1493 4030 de
1512 3979 1556 4029 cle·
1610 3967 1614 3972 ’

233 4066 371 4118 clinatione
390 4065 500 4132 quadam
518 4065 600 4114 latina
618 4063 794 4114 reconditione
812 4079 839 4128 p.
859 4061 909 4112 IV
977 4061 1008 4112 12
1027 4058 1136 4128 inmitis]
1160 4062 1240 4128 Verp.
1260 4065 1328 4116 Aen.
1350 4064 1419 4115 [30
1469 4066 1500 4114 13
1519 4065 1555 4112 ln-

231 4151 284 4201 tina
302 4151 404 4214 «puidam
423 4151 461 4202 sis
480 4165 527 4202 orn.
546 4147 580 4212 B,
600 4149 662 4203 add.
683 4147 783 4200 Probus
875 4150 908 4198 ll
926 4147 1063 4215 peregriua
1083 4150 1105 4197 is
1125 4146 1165 4196 ucl
1183 4148 1224 4198 dis
1245 4147 1269 4198 B
1360 4152 1392 4201 lb
1411 4143 1555 4215 Vergilius]

234 4239 302 4290 Aen.
323 4237 367 4289 xt
385 4234 460 4288 775'
507 4237 539 4288 18
557 4234 621 4286 ltaec
640 4233 758 4285 Camicus
777 4233 854 4284 liuius
874 4234 970 4285 b'anrisi
990 4251 1003 4285 u
1021 4235 1108 4285 codex
1128 4233 1221 4285 Probi:
1240 4236 1274 4296 rt'.
1296 4235 1378 4286 Prisc.
1399 4239 1415 4286 t.
1433 4233 1512 4286 VIII
1528 4252 1555 4300 p.

233 4326 297 4388 135,
322 4325 357 4375 13
372 4301 522 4372 'Sattuntuo
546 4321 574 4371 ln
597 4319 642 4369 llll
667 4319 834 4370 historiarum
858 4321 1044 4384 ‘inlisumque
1067 4318 1180 4370 adsideri
1209 4320 1271 4370 siue
1294 4319 1399 4386 proeliis
1422 4319 1554 4370 audiebat'

180 4451 184 4456 .
283 4421 368 4460 cetero
386 4411 478 4460 insons
497 4406 610 4458 insoutls
630 4405 652 4458 Β
671 4417 754 4456 cetera
773 4405 799 4455 iu
818 4419 882 4456 sons
901 4407 933 4456 tls
953 4405 1055 4466 lacient,
1074 4405 1166 4470 insons
1186 4405 1297 4457 insontis
1316 4425 1330 4458 o
1349 4421 1412 4457 sons
1436 4421 1566 4474 corrupta¹

233 4495 261 4556 lt.
280 4507 398 4563 correpta
416 4494 443 4558 o)
464 4493 489 4543 in
509 4491 595 4543 medio
616 4491 713 4542 liabens
733 4505 748 4540 n
768 4493 800 4541 tis
820 4489 904 4550 laoiet,
923 4493 1014 4543 insons
1034 4491 1146 4543 insontis
1159 4491 1276 4545 Probare
1293 4493 1327 4556 cs.
1341 4493 1420 4546 Prob.
1434 4511 1462 4560 p.
1476 4495 1499 4552 6,
1514 4497 1556 4544 11.

233 4581 333 4643 irrsone,
354 4597 404 4632 non
423 4581 496 4632 irtsos
516 4581 650 4631 dicendam
669 4592 726 4629 esse
738 4579 906 4642 praecepisse
924 4577 1025 4629 atdeber
1041 4579 1222 4644 gramaticam
1327 4573 1458 4644 Horatius]
1478 4593 1555 4631 carm.

197 4694 201 4700 ·
234 4667 267 4719 II
286 4671 326 4726 19,
346 4671 381 4719 29
399 4667 491 4718 insons
510 4664 650 4728 Cerberus,
669 4669 719 4715 sat.
735 4661 785 4721 to,
800 4664 834 4714 69
852 4678 933 4730 purus
953 4675 978 4714 et
995 4663 1087 4714 insons
1160 4663 1192 4714 19
1210 4661 1361 4732 Sallustius]
1381 4663 1457 4717 Cutil.
1477 4667 1518 4725 ta,
1530 4666 1555 4714 3.

233 4752 371 4806 Sallustius
391 4779 423 4790 -
443 4751 526 4814 sontis
543 4753 670 4818 glossema
688 4763 744 4802 esse
757 4749 867 4800 coniecit
885 4748 1007 4814 Steuplus
1025 4749 1056 4800 de
1075 4749 1155 4805 Prob.
1172 4765 1277 4814 proram.
1295 4765 1321 4815 p.
1341 4752 1392 4799 aaa
1472 4750 1505 4800 20
1524 4749 1555 4798 de

234 4855 250 4888 ιι
268 4850 292 4888 cr
311 4855 324 4888 s
342 4837 420 4889 docui
439 4837 649 4901 lrequeutissime
669 4834 809 4887 terminatis
832 4833 856 4884 B
936 4835 970 4886 26
989 4835 1056 4884 sicut
1076 4835 1149 4888 uisus
1168 4832 1194 4886 B
1264 4836 1296 4885 at
1317 4835 1388 4885 triens
1406 4837 1555 4904 posteriore

231 4929 289 4978 loco
307 4939 378 4976 carr.
398 4923 472 4976 uisus
491 4922 517 4973 B
594 4990 598 4998 ,
