3858 5560
369 346 433 409 262
733 341 855 394 carsit
874 340 976 394 Bassi
996 336 1104 410 [ATLL.
1123 339 1340 409 FORTVNAT]

397 461 418 502 μ.
433 447 485 489 ecu
500 445 522 490 r.

849 551 915 594 mea
939 531 1062 594 Vatiena
1087 530 1208 601 amabo,

373 649 405 706 ut
428 641 517 702 iaciat

679 759 744 805 mea
769 741 891 804 vatieno
915 738 1036 811 amabo,
1061 758 1127 802 mea
1149 737 1273 802 Vatieua
1297 758 1378 809 sora,

373 856 402 909 et
424 847 498 910 illuri
521 844 659 909 similiter

627 948 761 1031 lepidam
785 967 895 1012 uorum
918 946 1064 1018 libellum,
1089 945 1206 1029 lepidus
1230 966 1324 1011 nurus
1348 948 1436 1011 liber.

373 1056 442 1118 buin
466 1075 555 1138 pares
578 1061 648 1117 sunt
670 1054 748 1134 apud
774 1053 977 1116 Maecenatem

528 1175 631 1246 acles,
657 1176 801 1257 inquit,
827 1195 844 1236 ο
868 1171 1032 1254 Cybebe,
1057 1173 1137 1234 iera
1161 1175 1343 1236 montium
1367 1174 1449 1244 elea,

528 1279 615 1342 acles
639 1288 674 1342 et
697 1285 856 1341 sonante
881 1288 1017 1360 typauo
1041 1286 1157 1358 quate
1181 1277 1357 1340 flexibile
1382 1277 1531 1360 eaputl
1614 1319 1621 1334 .

374 1400 509 1482 seuque
534 1385 628 1480 magis
651 1399 701 1462 hic
725 1417 835 1469 versus,
865 1397 945 1479 qnod
970 1401 1059 1460 matri
1086 1417 1173 1460 sacer
1197 1408 1242 1460 est
1264 1398 1379 1470 Idaeae,
1404 1398 1522 1462 vibrare
1548 1400 1691 1472 rideatur,

374 1508 544 1587 proximum
569 1504 606 1565 ab
630 1503 735 1566 ultimo
758 1503 865 1585 perlem
890 1500 1140 1582 braclrysyllabon
1163 1501 1302 1564 lecerunt
1324 1513 1354 1565 et
1370 1505 1479 1567 Graeci
1503 1514 1532 1566 et
1556 1504 1606 1566 lric
1629 1502 1692 1585 ipse
1706 1527 1731 1565 m

375 1611 533 1672 Maecenas
557 1609 593 1668 iis
615 1627 691 1688 quos
715 1605 803 1668 niodo
827 1606 931 1668 rettuli
954 1607 1125 1687 proximum
1148 1606 1205 1677 sie,

531 1730 632 1791 latus
655 1729 811 1790 horreat
834 1726 1005 1807 flagello,
1030 1727 1207 1788 corstitum
1232 1727 1371 1788 chorus
1395 1727 1531 1800 ululet,

375 1844 405 1896 et
428 1830 563 1896 Catullus
1546 1829 1550 1838 ’

283 1911 287 1927 ⁸
560 1935 766 2017 Phrygium
792 1953 920 1997 nemus
942 1935 1061 1996 citato
1084 1934 1223 2014 cupide
1241 1937 1339 2013 pede
1364 1935 1507 2014 tetigit,

371 2051 405 2104 et
426 2040 478 2104 ille
502 2039 625 2103 alterius
648 2041 795 2108 auctoris,
1089 2117 1094 2130 ,

587 2143 690 2225 oqrri
714 2141 850 2223 chelyn
875 2161 1049 2204 canoram
1074 2141 1224 2224 plectro
1249 2145 1347 2223 regit
1370 2141 1482 2204 italo:

375 2277 407 2327 ut
430 2269 454 2328 si
480 2266 570 2327 laelas
593 2262 666 2327 illud
691 2283 726 2326 ex
751 2263 898 2326 Laeriauo
922 2272 1019 2326 metro
1042 2262 1078 2324 acl
1102 2261 1180 2324 ltauc
1203 2261 1317 2343 legem,

645 2404 711 2447 mea
735 2385 857 2446 Vatieua
882 2382 999 2453 amabo,
1023 2402 1089 2445 mea
1114 2402 1197 2454 cura,
1223 2403 1288 2447 ntea
1313 2385 1421 2447 Venus.

372 2507 508 2572 Catullus
529 2509 560 2568 in
584 2515 785 2568 anacreonteo
801 2528 819 2566 a
834 2503 924 2565 ‘acles
947 2505 1045 2585 inquit
1068 2523 1086 2565 o
1109 2503 1257 2584 Cybebe'.
1303 2514 1402 2585 potest
1425 2506 1610 2570 albuciani
1636 2511 1695 2571 cri-

374 2615 465 2694 spior,
489 2612 514 2673 si
537 2629 676 2699 prauae
700 2607 801 2672 iambo
826 2591 1073 2689 brachpsyllabon
1099 2611 1292 2688 posuerimus
1316 2610 1345 2670 ia
1370 2609 1451 2670 littae
1475 2611 1607 2682 morluur,
1710 2633 1735 2669 ar

616 2749 683 2793 urea
707 2731 774 2800 vita,
800 2748 866 2792 mea
890 2726 1034 2810 voluptas,
1060 2747 1125 2790 mea
1148 2747 1231 2799 cura,
1256 2747 1341 2792 meus
1363 2750 1456 2793 antor.

373 2857 422 2917 iric
451 2871 558 2915 versus
588 2851 678 2913 babet
706 2851 837 2933 primum
868 2849 976 2929 perlem
1004 2860 1209 2929 anapaestum,
1240 2849 1406 2936 secundum
1436 2873 1526 2935 saepe
1552 2853 1695 2925 iambum,

375 2979 433 3022 uon
465 2975 627 3036 numquam
652 2953 849 3023 tribrachum,
882 2956 1005 3016 tertium
1029 2952 1171 3023 iambum,
1201 2955 1398 3036 semipedem·
1414 2957 1524 3038 accipit
1554 2959 1695 3026 rrreclium,

374 3065 443 3142 (pria
473 3079 509 3122 ex
533 3057 651 3121 duobus
674 3055 873 3122 commatibus
901 3063 1034 3128 conslat;
1064 3049 1193 3137 sequens
1216 3076 1332 3120 comma
1362 3060 1472 3139 accipit
1495 3060 1694 3141 pariambum,

375 3165 562 3232 trochaeum,
595 3159 866 3243 brachyspllabum,
897 3159 1050 3238 semipede
1079 3158 1221 3222 clrrdltur.
1269 3161 1362 3243 siquis
1392 3172 1490 3225 autem
1520 3165 1736 3244 quaesieritrs

375 3268 444 3351 apud
470 3269 517 3337 ita,
549 3284 617 3328 curn
646 3267 685 3328 sit
712 3262 920 3344 galliambieus
949 3282 1062 3333 versus,
1092 3261 1214 3326 iambici
1243 3282 1363 3346 (petoque
1393 3283 1503 3328 nomen
1533 3271 1694 3348 acceperit,

375 3373 432 3432 lroc
450 3389 547 3442 versu,
572 3371 626 3448 qui.
644 3376 688 3430 est
704 3367 783 3450 apud
799 3367 1012 3457 blaecenatem,
1036 3366 1114 3430 lecto
1138 3365 1293 3446 intelleget
1315 3387 1384 3431 eum
1408 3388 1443 3430 ex
1467 3369 1599 3432 iambico
1622 3391 1696 3452 ‹pno-

375 3495 433 3557 que
456 3475 593 3536 trimetro
619 3473 715 3542 nasci,

449 3737 460 3783 t
481 3749 536 3782 mea
555 3733 665 3782 Vaticna
683 3731 775 3781 aarabo
796 3741 822 3780 nt
841 3729 917 3781 lacirct
935 3744 1012 3786 orrr.;
1083 3732 1098 3780 5
1117 3729 1229 3792 libellum
1248 3743 1325 3787 onae
1389 3733 1404 3782 6
1423 3732 1493 3799 apud
1514 3731 1697 3798 Maecenatem]

386 3801 409 3866 s.
431 3805 514 3854 Diem.
532 3819 559 3868 p.
578 3803 688 3857 514.Ιέ
759 3802 774 3851 7
798 3799 886 3866 cybele
905 3797 969 3850 AB
992 3799 1130 3864 Cybelles
1199 3799 1350 3856 sereonas·
1420 3803 1436 3852 8
1460 3815 1556 3868 rppauo
1576 3803 1608 3853 L.
1629 3805 1696 3853 ,liett-

374 3876 458 3928 olerur
476 3873 509 3923 de
527 3887 556 3922 re
574 3877 647 3921 areta.
666 3878 737 3935 poet.
755 3871 800 3923 lut.
817 3886 844 3934 p.
863 3873 913 3919 15⁹
931 3880 1055 3934 tympano
1075 3867 1166 3928 Alte
1222 3872 1238 3920 9
1257 3869 1302 3920 sed
1321 3885 1374 3933 que
1393 3868 1489 3936 magis]
1508 3871 1555 3922 seu
1573 3873 1695 3936 qnoniam

378 3941 483 3997 eills:
506 3940 609 3991 Terent.
631 3939 718 3992 allaur.
739 3941 810 3990 2893
834 3953 909 4003 mage
934 3953 986 4001 quo
1010 3952 1091 3988 sontis
1114 3937 1236 3998 vibretur,
1261 3940 1382 3989 studeant
1399 3939 1461 3988 clare
1479 3939 1626 4005 uibrncltyn

377 4011 417 4060 lric
437 4027 529 4061 ueraurs
548 4011 616 4074 quod
637 4009 727 4058 matris
746 4023 804 4057 aser
822 4019 860 4056 est
878 4007 943 4056 deae
962 4005 1020 4070 (dee
1039 4005 1076 4070 B)
1096 4006 1196 4056 uibrare
1216 4011 1239 4058 A
1253 4007 1280 4058 B
1302 4007 1343 4057 bie
1363 4023 1455 4058 uersus
1474 4012 1548 4059 matri
1566 4025 1639 4060 sacer
1658 4023 1695 4060 eet

376 4081 451 4131 leleae
470 4090 498 4129 ut
517 4079 653 4132 atta-aree
725 4081 757 4128 to
776 4076 867 4142 peclem
886 4075 941 4130 en
960 4076 1026 4142 pecie
1044 4077 1068 4126 ei
1140 4085 1165 4126 et
1186 4079 1272 4142 graeci
1292 4080 1316 4127 Α
1331 4091 1347 4133 ς
1367 4088 1393 4126 ut
1411 4079 1497 4142 graeei
1516 4077 1541 4128 B
1614 4083 1643 4129 11
1663 4080 1694 4128 iis

376 4149 430 4203 ςΒ
450 4149 491 4198 his
513 4149 535 4199 A
607 4144 801 4212 l-l'plrrygium
827 4159 916 4206 neurus
940 4146 991 4194 cito
1016 4144 1109 4209 cnplcle
1128 4146 1213 4208 tetigit
1231 4145 1339 4202 ABe:
1361 4147 1453 4199 vatur.
1473 4150 1549 4200 63.2
1622 4149 1652 4198 15
1671 4161 1696 4198 et

376 4218 416 4268 ille
436 4219 461 4269 Α
476 4217 501 4267 Β
520 4229 544 4266 et
561 4215 623 4266 illud
643 4227 660 4270 ς
722 4217 754 4264 16
771 4213 863 4278 chelyn
883 4225 900 4268 ς
918 4213 1018 4278 chelym
1038 4215 1062 4264 A
1078 4213 1102 4262 B
1159 4217 1190 4265 ll
1210 4230 1242 4266 ex
1261 4215 1362 4266 leuiano
1384 4215 1447 4265 AB
1465 4231 1496 4265 ex
1517 4214 1659 4282 Leptutaoo
1678 4231 1695 4273 ς

447 4288 479 4338 ts
498 4289 614 4337 lacunam
631 4285 751 4346 indicavi,
770 4300 821 4350 pua
833 4285 976 4349 exemplum
990 4285 1167 4342 anacreontei,
1186 4285 1211 4338 b.
1230 4300 1253 4336 e.
1272 4285 1371 4350 prioris
1389 4286 1518 4336 commatis
1536 4302 1625 4336 aereae
1641 4289 1695 4352 pal·

375 4355 494 4418 temneret,
520 4359 544 4406 in
564 4371 613 4422 quo
632 4371 683 4404 urea
702 4356 777 4418 loapa
795 4351 895 4417 syllaba
914 4354 939 4402 io
958 4353 1023 4403 etuas
1041 4352 1131 4403 breues
1149 4369 1166 4404 a
1186 4353 1284 4405 Catullo
1302 4356 1388 4404 soluta
1406 4361 1473 4412 eret,
1490 4355 1605 4406 excidit.
1639 4372 1695 4406 raam

376 4424 539 4476 Maecenatis
560 4440 650 4477 versata
670 4439 753 4488 supra
776 4423 868 4472 citatus
892 4437 973 4488 neque
995 4438 1088 4474 errore
1111 4421 1197 4473 Caeria'
1219 4423 1319 4474 Catulle
1337 4422 1415 4472 tribea
1431 4425 1516 4487 potuit
1535 4431 1694 4490 aeque-apte

376 4495 423 4554 boe
441 4497 497 4546 leco
508 4498 565 4558 'pro
584 4495 701 4558 exeraplo
718 4493 833 4558 ponitur.
866 4492 946 4542 iustus
964 4499 1046 4542 autern
1065 4491 1198 4544 uerborum
1216 4495 1282 4544 ordo
1305 4495 1342 4542 ita
1360 4493 1534 4543 restituendae
1553 4500 1599 4551 est,
1623 4499 1695 4544 ‘mea

378 4563 487 4612 Votieno
505 4563 597 4613 amabo
617 4577 752 4612 meamne
772 4574 829 4610 men
847 4561 962 4610 Verurs’.
997 4571 1085 4627 potest
1107 4561 1191 4611 adlrue
1210 4562 1264 4611 tieri
1283 4561 1402 4625 crispior,
1427 4562 1449 4609 si
1469 4575 1516 4626 pre
1539 4577 1590 4612 uno
1610 4563 1695 4612 iambo

377 4631 592 4697 braclryspllebou
618 4632 782 4699 posuerimus
805 4631 831 4679 in
855 4629 922 4679 laum
941 4629 1057 4689 modurn,
1083 4635 1156 4680 ‘mea
1175 4633 1225 4680 vira
1245 4646 1301 4680 area
1321 4629 1440 4695 voluptas
1464 4644 1520 4679 mea
1542 4645 1604 4680 eum
1622 4647 1695 4683 meus

275 4740 279 4746 .
377 4705 476 4750 amor’:
500 4701 614 4752 Catullus
633 4703 659 4750 iu
678 4712 850 4750 anacreonteo
870 4697 927 4762 (63,
942 4699 986 4766 91)
1006 4700 1065 4750 ‘cleu
1084 4701 1245 4766 magnetica
1265 4699 1388 4763 Cybebe’,
1415 4698 1486 4759 quod
1506 4714 1553 4765 par
1570 4715 1611 4750 est
1628 4699 1695 4762 lauis,

377 4769 450 4818 ‘ades
474 4769 560 4835 iuquit
579 4785 593 4819 a
614 4769 722 4832 Cybebe.
756 4769 797 4818 hie
816 4783 906 4818 versus
928 4784 986 4834 app.
1068 4769 1190 4833 ocylrele
1210 4769 1272 4820 AB
1293 4783 1306 4817 o
1327 4763 1466 4832 Cybelles
1544 4769 1578 4820 20
1596 4769 1696 4820 brechi.

378 4836 494 4900 spllabon
515 4841 678 4903 posuerimus
698 4840 723 4887 iu
743 4837 810 4888 bunc
831 4839 854 4887 ,l
874 4837 1099 4902 braelrpsyllnburn
1120 4839 1284 4904 posuerimus
1304 4837 1329 4886 in
1349 4837 1417 4887 huuc
1436 4835 1460 4886 B
1479 4837 1695 4903 braclrlspllabum

378 4906 557 4962 *lullanae
639 4909 671 4957 26
690 4903 761 4971 cum]
782 4921 857 4969 quem
877 4919 901 4960 ς.
926 4907 1044 4970 sortasse
1062 4908 1181 4970 utrumvis
1264 4909 1297 4958 ‘28
1316 4909 1429 4958 trimetro
1449 4907 1574 4968 ont.;B,
1593 4911 1694 4961 adela(
