3866 5562
558 401 563 413 ·
672 391 752 440 aaa.
777 349 888 441 canna.
911 392 981 446 aaa.
1005 349 1033 442 rr
1057 355 1167 460 ιον-’,ιι
1514 380 1578 446 tto

252 479 401 532 amum

252 567 460 634 Anienem’.
507 587 575 631 cum
600 568 698 650 aliqtaa
722 587 794 630 vero
818 573 995 632 consonanti
1018 571 1190 653 praeposita
1213 581 1245 634 ct
1266 572 1366 652 iuncta
1395 581 1427 635 et
1448 573 1576 656 corripi·

254 680 346 734 rantur
377 679 407 734 et
433 665 659 753 producuntur,
691 671 817 754 ideoque
848 691 902 752 per
930 670 1064 753 singulas
1087 672 1203 736 litteras
1226 674 1389 750 doceamus
1418 679 1536 740 iunctas
1560 685 1589 737 o·

213 775 215 780 '
253 774 381 836 litterae.
428 775 467 838 bo
490 776 649 838 terminata
673 773 885 857 producuntur
907 778 1059 856 genetivo,
1082 775 1160 839 Libo
1183 775 1320 848 Libonis,
1344 777 1442 842 Carbo
1456 780 1576 856 ¹(larbu-

254 881 311 942 nis.
357 879 414 941 boc
441 889 540 940 tamen
565 879 645 948 scire
668 877 830 948 debemus,
861 879 939 958 quod
962 879 1062 942 omnis
1086 882 1289 944 nominativus
1313 901 1330 944 ο
1352 881 1452 945 littera
1476 884 1578 946 linitus

229 982 318 1044 asiae
348 1000 424 1062 pura
448 983 510 1044 sire
534 980 634 1063 aliqua
659 982 836 1043 consonanti
861 983 1031 1063 praeposita
1056 992 1086 1046 ct
1108 984 1208 1046 intacta
1233 986 1413 1067 corripitur,
1444 989 1578 1066 exceptis

221 1157 223 1160 ¹
254 1085 370 1166 graccis
394 1083 583 1156 nominibus,
606 1103 684 1166 qrrae
708 1085 934 1166 producuntur,
959 1094 991 1146 ut
1014 1085 1089 1148 Dido
1113 1086 1227 1159 blatto,
1253 1087 1381 1170 ideoque
1404 1087 1577 1150 indilierea·

254 1197 301 1250 tcr
328 1186 520 1250 declinantur
550 1196 581 1249 et
608 1205 717 1266 graece
750 1195 780 1250 et
804 1187 910 1258 iatine,
941 1197 974 1250 ut
1003 1189 1206 1254 ‘fatidicae
1237 1191 1413 1256 bianius'.
1460 1209 1496 1253 co
1519 1190 1578 1274 syl·
1636 1185 1640 1194 '

257 1289 322 1352 laba
346 1291 509 1376 stromata
534 1291 662 1361 suerint,
687 1286 895 1371 producentur
919 1302 950 1354 et
973 1294 1079 1356 tertiae
1102 1304 1173 1356 suat
1197 1293 1424 1358 declinationiss
1448 1293 1577 1357 barbara

204 1421 209 1426 ·
255 1394 401 1476 qtaaedam
425 1394 536 1464 aardiri,
561 1395 649 1455 Sicco
666 1393 820 1464 Sicconis,
845 1393 961 1456 Franco
979 1393 1153 1459 Frontonis.
1200 1397 1238 1460 do
1262 1399 1361 1462 arnaria
1386 1399 1415 1460 in
1438 1401 1579 1478 genetivo

217 1473 327 1560 rdo'ia
351 1501 360 1560 i
383 1507 516 1570 mutant,
541 1497 614 1560 ardo
636 1497 769 1568 ordinis,
794 1496 926 1560 biruada
947 1497 1134 1572 hirundinis,
1158 1499 1249 1564 cardo
1274 1499 1420 1572 cardinis,
1444 1501 1580 1582 exceptis

256 1600 390 1670 alaaobus,
423 1619 499 1682 quae
529 1608 558 1663 et
585 1601 615 1664 in
639 1604 780 1684 genetivo
809 1619 826 1661 o
851 1599 963 1663 babent
985 1601 1177 1683 productam,
1207 1604 1285 1684 pedo
1314 1603 1457 1686 pedoois,
1486 1604 1580 1666 cerda

256 1703 411 1766 cerdonis:
443 1723 513 1767 nam
536 1703 611 1766 Dido
634 1721 776 1786 graecum
801 1714 855 1766 est.
883 1701 938 1784 ilo
963 1706 1120 1770 terminata
1144 1705 1354 1789 producuntur
1376 1707 1407 1770 io
1430 1707 1580 1787 genetivo,

257 1807 328 1869 bulo
352 1806 488 1878 bolonis,
513 1806 606 1882 Gorio
630 1808 785 1881 Goriools,
810 1818 839 1870 ct
861 1807 946 1887 siqua
971 1806 1050 1870 talia.
1095 1826 1133 1889 go
1156 1809 1238 1872 finita
1262 1811 1360 1874 omnia
1384 1831 1403 1872 o
1426 1812 1456 1872 in
1480 1811 1489 1872 i
1513 1829 1578 1873 mu-

257 1919 320 1972 tent
349 1913 381 1974 in
404 1911 543 1991 genetivo
566 1928 636 1972 casu
661 1929 785 1974 neccsse
809 1918 854 1973 est
877 1917 906 1972 et
928 1911 1051 1991 generis
1074 1911 1132 1974 sint
1156 1914 1311 1985 iemiuini,
1341 1893 1424 1993 virgo
1448 1913 1579 1994 virginis,

217 2033 242 2072 aa
257 2013 406 2094 carthago
430 2014 635 2094 Carthaginis,
665 2014 746 2093 uligo
774 2012 907 2094 uliginis.
954 2016 1104 2096 excipitur
1133 2033 1244 2088 unum,
1274 2016 1354 2099 quod
1383 2017 1413 2078 ia
1443 2017 1580 2102 genetivo

258 2129 328 2196 ante
352 2121 400 2178 nis
425 2113 570 2200 syllabam
594 2135 612 2176 o
636 2117 783 2198 producta
808 2119 993 2192 terminatur
1013 2126 1043 2178 et
1065 2119 1186 2196 generis
1203 2127 1248 2180 est
1264 2117 1439 2189 masculini,
1465 2128 1497 2180 ut
1520 2119 1581 2199 ligo

257 2219 398 2307 ligonis..
422 2237 532 2300 mango
561 2219 686 2284 latinum
716 2238 776 2282 noo
801 2229 863 2296 est,
893 2223 974 2282 sicut
997 2220 1140 2283 arbitror.
1187 2241 1255 2284 uam
1279 2203 1422 2302 ambages
1445 2230 1475 2284 et
1499 2240 1580 2284 com·

258 2341 350 2404 pagcs
381 2317 568 2384 nominativo
597 2325 754 2404 utriusque
784 2325 906 2386 numeri
935 2322 1141 2396 declinantur,
1173 2327 1251 2388 siout
1278 2334 1409 2406 strages:
1440 2324 1581 2388 Lucanus

258 2427 453 2509 ‘compage
483 2425 639 2496 soluta’,
669 2445 728 2488 non
759 2429 952 2508 compagine,
982 2446 998 2491 a
1022 2430 1207 2490 nominativo
1231 2424 1380 2509 singulari
1403 2409 1477 2492 baec
1500 2446 1582 2490 cont·

218 2546 365 2612 aopagcs,
390 2547 450 2591 non
473 2527 548 2592 baec
564 2547 726 2610 compago;
751 2549 819 2593 nam
844 2532 1032 2612 compaginis
1056 2539 1086 2594 et
1107 2533 1286 2613 compagine
1303 2530 1463 2595 diceretur.
1510 2533 1582 2594 Ver·

258 2632 346 2713 gilius
374 2631 497 2696 {laxis
525 2633 685 2696 laterum
710 2631 992 2716 compagibus’,
1025 2652 1086 2698 raon
1109 2633 1353 2716 compaginibus,
1379 2643 1409 2695 et
1432 2632 1584 2698 ‘multae

259 2721 436 2818 ambages
446 2741 468 2808 ⁹,
491 2753 552 2798 non
569 2735 756 2817 ambagiaes.
802 2738 902 2799 omnia
920 2745 1034 2806 tamen,
1059 2731 1139 2800 sicut
1155 2737 1327 2810 docuimus,
1350 2738 1473 2801 nomina
1489 2757 1506 2800 o
1522 2747 1598 2801 tcr-¹

260 2841 370 2902 rainata
395 2842 557 2921 sire'pura
581 2843 643 2901 sire
667 2837 765 2922 aliqua
789 2838 889 2904 littera
914 2841 1084 2922 anteposita
1113 2847 1143 2902 ct
1165 2842 1265 2902 iuncta
1296 2843 1402 2902 tertiae
1426 2839 1583 2904 declinati-

260 2945 435 3011 naissum:
460 2946 594 3025 exceptis
617 2946 750 3023 graccis,
774 2962 850 3026 quae
875 2952 905 3006 et
927 2962 963 3006 us
986 2943 1102 3006 iaciunt
1125 2951 1155 3004 et
1178 2945 1239 3015 nis,
1265 2943 1339 3006 Dido
1363 2941 1457 3006 Didus
1480 2953 1510 3006 et
1533 2944 1581 3007 Ili·

219 3067 246 3106 aa
261 3045 357 3108 donis.
402 3044 442 3106 bo
466 3047 547 3108 linita
564 3045 775 3128 producuntur
792 3049 822 3109 in
839 3048 993 3128 genetivo,
1018 3045 1124 3109 lurcbo
1146 3045 1319 3118 lurchonis,
1344 3045 1456 3109 lectum
1474 3066 1583 3110 nonrcn

261 3151 290 3209 in
314 3148 434 3222 Plauto,
458 3150 633 3228 significans
655 3166 836 3230 ganeonem.
880 3149 938 3211 boc
961 3157 1062 3212 tamen
1086 3150 1165 3213 scire
1188 3149 1373 3214 debemus*

676 3259 694 3296 tlt
916 3258 933 3296 atr
1155 3259 1172 3297 ‘lt

262 3339 464 3350 --m

331 3375 520 3447 Proajeaaot.
539 3393 565 3457 a,
583 3392 697 3454 ra-ao,
715 3393 750 3441 aa
820 3451 822 3454 ,
921 3461 925 3468 Ι

331 3528 505 3594 beorripitur
524 3527 626 3579 Probum
643 3526 821 3593 corripiuntur
839 3527 865 3578 B
946 3528 963 3577 6
981 3527 1112 3593 iadeoque
1130 3526 1155 3578 B
1225 3529 1240 3578 i
1260 3524 1391 3596 fatidicae]
1416 3527 1495 3595 Vera.
1516 3529 1584 3580 Aea.

264 3613 289 3665 Χ
307 3616 358 3666 192
429 3614 459 3664 to
477 3611 577 3679 syllaba
596 3612 621 3663 B
693 3627 720 3662 ιιι
737 3611 790 3680 ligo
810 3611 921 3679 ligonis,
940 3627 1045 3679 mango.
1081 3613 1309 3676 ambapalatinum
1329 3629 1381 3666 nou
1401 3626 1467 3666 estu
1484 3615 1585 3674 addito,

262 3708 288 3750 nt
312 3708 437 3765 apparet,
457 3699 534 3760 aerbo
552 3697 678 3764 ambago,
703 3715 853 3766 quamquam
872 3701 900 3750 id
922 3701 1013 3750 deesse
1031 3699 1057 3749 ia
1083 3701 1172 3750 cadiae
1190 3699 1223 3752 ab
1242 3702 1344 3752 editore
1367 3716 1419 3752 aaa
1437 3701 1586 3762 iudicatum,

262 3787 311 3837 aed
327 3786 376 3844 sie,
402 3787 477 3852 quasi
493 3799 598 3836 caesura
622 3792 647 3836 et
669 3785 819 3836 coniectura
836 3789 979 3851 suppletam
998 3793 1079 3847 earet,
1103 3786 1231 3836 inclinatis
1253 3789 1348 3838 litteris
1367 3801 1520 3852 expressum
1537 3794 1585 3836 eat.

263 3863 307 3924 ‘td
325 3887 416 3938 mango
435 3872 476 3922 llic
494 3879 519 3922 et
538 3871 612 3937 apud
627 3869 739 3923 Probum
756 3870 921 3923 librariorum
936 3874 1064 3936 glossema
1083 3877 1135 3929 est,
1156 3873 1241 3922 techel
1258 3875 1322 3923 male
1345 3873 1480 3923 lanaeum’
1501 3874 1587 3923 editor

268 3957 487 4020 Viadabaaeaeia,
511 3972 583 4024 ᾳιιειιι
601 3959 659 4008 alim
677 3956 758 4008 Prob.
777 3973 803 4022 p.
824 3959 864 4021 10,
882 3959 900 4008 8
917 3963 1019 4008 secatus
1036 3973 1100 4007 strat.
1136 3959 1216 4016 immo,
1234 3961 1258 4018 ai
1276 3961 1383 4025 antiqua
1400 3974 1417 4007 a
1435 3947 1588 4009 recentiori·
1633 3983 1634 3988 =

263 4044 310 4095 bue
326 4059 465 4095 secernere
479 4045 604 4099 sammua,
624 4043 712 4107 potitae
729 4041 808 4093 verba
826 4057 924 4109 mango
945 4043 1053 4092 latinum
1074 4055 1125 4092 noa
1144 4055 1197 4103 est,
1216 4043 1285 4093 sicut
1303 4043 1413 4094 arbitror
1432 4044 1589 4094 secludenda

263 4128 331 4184 mat,
366 4146 425 4180 aaut
442 4129 506 4180 daec
524 4145 541 4178 a
556 4130 732 4192 grammatico,
750 4129 821 4180 cuias
833 4131 1030 4179 commentarius
1046 4135 1073 4179 et
1090 4129 1116 4178 ia
1134 4127 1182 4179 boc
1200 4127 1353 4191 Sacerdotis
1372 4129 1437 4179 libro
1456 4133 1482 4178 et
1500 4130 1526 4178 in
1544 4143 1588 4178 ra·

264 4217 365 4267 idolicis
378 4215 616 4280 Probieapreeeue
633 4219 680 4270 eet,
700 4213 793 4264 addita
810 4221 894 4274 erant,
914 4230 968 4266 cura
984 4216 1007 4266 ie
1026 4228 1122 4281 mango
1140 4214 1245 4265 latinum
1266 4229 1354 4266 namen
1367 4229 1417 4264 aaa
1436 4215 1588 4264 erseuellet.
1677 4233 1680 4239 ·
1707 4270 1713 4280 ³

265 4303 361 4353 deinde
379 4317 411 4352 ea
424 4315 490 4368 puae
509 4300 542 4350 ale
554 4316 576 4350 a.
590 4299 701 4365 ambago
720 4305 746 4349 ei
763 4313 892 4366 compago
910 4304 1011 4368 scripta
1029 4303 1161 4352 invenerat
1181 4299 1226 4364 (cs.
1246 4301 1349 4352 dedali.
1369 4315 1434 4350 aona.
1450 4315 1477 4365 p.
1491 4301 1551 4358 att,
1566 4303 1591 4356 5,

264 4392 326 4451 m,
346 4385 390 4454 to)
414 4389 580 4454 neglegenter
603 4392 785 4452 eaecerpeerat.
821 4387 893 4454 Argo
916 4385 1024 4438 latinum
1049 4400 1099 4438 non
1125 4397 1166 4437 est
1182 4387 1292 4438 coniecit
1317 4385 1439 4451 Steupt'ua
1458 4386 1491 4435 de
1510 4383 1588 4434 Prob.

263 4457 369 4542 maram.
388 4490 415 4540 p.
435 4475 502 4524 151-
614 4471 646 4523 18
664 4467 797 4538 Lucanus]
816 4471 938 4543 Pharsal.
958 4471 976 4523 Ι
994 4477 1026 4522 72
1153 4473 1186 4523 21
1206 4467 1285 4538 laxis]
1311 4471 1391 4537 Verg.
1411 4472 1478 4524 Aea,
1498 4469 1515 4520 1
1535 4471 1587 4520 122

316 4557 422 4625 maritae]
445 4559 525 4625 Verg.
548 4558 617 4612 Aea,
638 4556 653 4607 i
673 4558 727 4609 341
813 4559 846 4608 23
866 4543 955 4608 tertiae
974 4569 1035 4609 sunt
1052 4557 1246 4615 declinationis,
1265 4557 1291 4617 id
1310 4567 1349 4608 cst
1367 4558 1515 4624 genetivum
1535 4557 1588 4606 siu-

264 4647 381 4715 gulatcm
404 4647 427 4696 'ts
452 4643 552 4712 syllaba
575 4643 728 4708 terminant,
753 4644 868 4711 exceptis
888 4645 998 4711 graecis,
1019 4657 1087 4709 quae
1105 4654 1130 4694 et
1148 4657 1242 4710 graeca
1261 4643 1360 4692 ratione
1378 4657 1409 4692 us
1429 4641 1526 4700 iaciant
1543 4656 1587 4706 ge·

203 4741 205 4746 ’
266 4735 351 4784 aretino
371 4743 396 4783 et
414 4731 493 4782 latina
512 4732 534 4780 is
554 4729 675 4781 Paobae'
751 4727 1351 4794 ldinPlautolPers.1113,1d(4211l)
1447 4742 1496 4777 aaa
1516 4741 1590 4776 mem·

264 4819 404 4870 braamt
417 4819 588 4884 quaternione
599 4817 626 4867 ia
638 4817 728 4868 codice
741 4816 834 4866 antiano
848 4832 879 4866 ea
898 4831 964 4882 quae
982 4815 1054 4881 apati
1067 4813 1178 4865 Probum
1195 4830 1225 4897 p.
1246 4815 1283 4870 10,
1304 4815 1417 4874 20-25,
1438 4815 1471 4863 12
1488 4814 1590 4878 scripta

264 4912 324 4955 auat
341 4905 477 4969 perierunt

1330 4965 1381 5020 31*
1432 4999 1434 5004 ,
