3874 5556
684 1619 922 1706 [onusti
945 1619 1148 1706 BASSI]
1220 1750 1224 1758 .

545 1831 548 1838 -
652 1793 717 1869 nn
756 1794 935 1870 omnnia
976 1794 1179 1900 nounrn

840 2021 885 2028 ...-
912 2021 993 2028 ---

280 2223 486 2282 emunat-
583 2211 780 2274 Maecenas
803 2212 926 2272 atavis
949 2211 1052 2274 edite
1076 2209 1242 2291 regibus.
1374 2225 1550 2278 otta-³⁰³&

254 2331 469 2416 Asclepiadeon
504 2329 785 2414 duodecasyllabom
821 2333 906 2395 cuius
939 2333 1046 2396 divisio
1082 2333 1172 2394 varia.
1228 2331 1351 2413 quidam
1385 2333 1437 2404 sic,
1473 2334 1574 2396 Maece

227 2437 415 2518 repondens,
447 2456 500 2500 nas
516 2437 609 2501 atavis
625 2434 824 2507 choriambus,
854 2435 933 2498 etlite
949 2456 983 2499 re
999 2436 1088 2506 idem,
1108 2435 1196 2516 gibus
1212 2435 1379 2517 pyrrichius
1398 2437 1441 2498 rel
1458 2435 1576 2500 iambus

254 2549 378 2624 propter
400 2539 636 2602 irulillerentiam
659 2539 799 2621 syllabae.
845 2540 895 2603 alii
919 2559 974 2620 per
997 2539 1135 2622 dipotlias
1157 2541 1211 2601 ita:
1240 2539 1397 2602 Maecenas
1420 2557 1446 2608 a,
1470 2539 1575 2602 debuit

254 2645 447 2726 antispastica
472 2643 591 2726 dipodia
616 2663 692 2715 esse.
717 2644 770 2706 sed
794 2643 937 2725 produxit
959 2641 1101 2724 syllabam
1121 2643 1249 2722 primam
1272 2652 1303 2704 et
1326 2643 1397 2705 lecit
1420 2644 1573 2724 epitritum

255 2757 394 2826 quartum
419 2765 455 2808 ex
480 2747 577 2810 tribus
599 2745 696 2826 longia
719 2757 749 2810 et
771 2746 871 2810 brevi:
896 2747 971 2810 turis
994 2745 1041 2808 edi
1065 2749 1247 2829 antispastus
1269 2754 1315 2807 est
1337 2765 1372 2808 ex
1398 2745 1479 2809 brevi
1503 2747 1574 2808 clua-

255 2849 310 2913 bus
337 2849 436 2931 longis
466 2859 495 2913 et
526 2849 624 2912 brevi:
649 2849 653 2931 1
679 2859 708 2912 te
730 2850 862 2932 regibus,
893 2869 989 2932 paeon
1013 2849 1165 2912 secundus
1195 2869 1230 2911 ex
1261 2848 1345 2911 brevi
1374 2857 1403 2911 et
1433 2847 1520 2930 longa
1546 2859 1575 2913 et

215 2973 240 3012 ro
254 2953 372 3017 duabus
400 2952 556 3025 brevibus,
589 2956 634 3018 rel
664 2955 691 3018 si
719 2953 807 3034 longa
838 2955 1076 3024 ineritnltlma,
1111 2955 1169 3015 erit
1197 2952 1324 3016 iambus.
1379 2955 1405 3014 si
1435 2973 1507 3016 vero
1537 2954 1574 3016 ad

253 3057 467 3138 paenultimam
485 3069 600 3139 partem
623 3059 744 3121 ultimae
768 3058 907 3139 dipodiae
934 3058 1031 3119 brevis
1054 3055 1166 3138 syllaba
1190 3055 1326 3126 addatur,
1351 3055 1403 3118 liet
1425 3055 1574 3137 elegiacos

137 3213 143 3224 .
254 3179 357 3222 versus
380 3169 569 3242 pentameter
592 3164 647 3231 sic,

623 3266 779 3328 Maecenas
802 3265 894 3326 atavis
918 3265 997 3326 erlite
1022 3263 1195 3344 remigibus.
1236 3348 1240 3354 Ι

254 3368 395 3429 tliritlitur
425 3367 578 3449 primibus
606 3375 657 3430 aul
680 3366 797 3449 clactylo
821 3377 851 3430 et
872 3369 1007 3448 spondeo
1030 3377 1081 3429 aut
1104 3367 1241 3447 spondeo
1264 3377 1294 3430 et
1317 3367 1442 3450 dactylo,
1474 3379 1572 3430 tannen

214 3470 372 3533 remedius
396 3471 548 3552 spondens
572 3471 663 3534 «lebet
685 3490 806 3553 semper
830 3489 895 3533 esse
919 3471 1116 3551 sequentibus
1139 3473 1317 3551 anapaestic

546 3697 617 3759 lam
640 3698 736 3760 satis
760 3699 876 3759 terris
900 3697 998 3758 nivis
1022 3705 1133 3775 atque
1156 3697 1272 3763 dirae.

254 3815 419 3896 sapplricon
442 3815 723 3899 lremlecaspllabon,
752 3818 832 3899 quor]
857 3828 903 3880 est
925 3820 1083 3880 trimetron
1113 3817 1340 3880 clmriambicnn
1368 3817 1571 3889 catalecticum

254 3922 338 3981 cuius
361 3917 366 4002 1
390 3919 535 4002 syllabam
552 3924 669 3983 tertiam
686 3921 830 4002 procinxit
852 3925 882 3983 in
902 3899 1002 4002 ¹prima
1027 3920 1156 4002 bipedia,
1181 3939 1269 4002 quam
1287 3923 1442 4002 corripere
1459 3921 1569 3983 debuit

254 4027 388 4104 oportuit
410 4025 491 4086 enim
515 4027 554 4088 ita
578 4043 652 4095 esse,
677 4027 735 4086 iam
759 4026 831 4086 satis
855 4033 908 4095 est,
933 4025 1037 4106 posuit
1053 4033 1154 4086 autern
1181 4025 1237 4086 iam
1254 4027 1325 4086 satis
1348 4033 1403 4093 ter,
1429 4044 1484 4106 pro
1500 4024 1571 4087 cbo·

214 4125 369 4190 acriambu
399 4123 551 4208 epitritum
579 4129 755 4200 secundum,
787 4129 816 4190 iri
841 4137 885 4192 est
907 4127 919 4211 l
943 4148 978 4190 ex
1002 4127 1089 4208 lortga
1115 4137 1144 4188 et
1168 4125 1250 4190 brevi
1274 4138 1303 4189 et
1326 4128 1442 4190 ‹luabus
1467 4102 1570 4208 longia.

254 4229 384 4293 secunda
414 4230 532 4313 dipodia
562 4231 766 4294 choriambico
792 4241 846 4304 est,
876 4235 918 4296 ris
946 4234 1021 4295 nivis
1052 4231 1090 4293 at.
1137 4233 1236 4302 tertio.
1262 4251 1319 4312 que
1343 4231 1436 4308 dirae,
1461 4235 1571 4312 positus

358 4477 382 4526 Α
400 4477 488 4526 coclea
510 4475 652 4525 Vaticanus
672 4475 743 4526 3102

356 4557 373 4601 ς
391 4546 471 4596 editio
488 4546 613 4610 princepe
631 4543 693 4594 Iuni
711 4543 849 4592 Parrhasii
866 4542 1011 4592 illedioloni
1028 4557 1053 4591 u.
1075 4545 1142 4591 1501

325 4632 337 4680 1
358 4633 408 4680 Ara
428 4629 511 4681 caesii
531 4631 609 4681 Bassi
633 4629 666 4679 tle
683 4629 772 4678 ruetris
793 4630 843 4682 Ας
931 4631 947 4678 3
965 4623 1113 4691 ilaecenus]
1136 4627 1203 4676 Hor.
1222 4642 1302 4678 carm.
1324 4627 1340 4677 1
1362 4629 1374 4676 1
1464 4627 1572 4676 lontio

256 4697 357 4760 quidem
377 4699 450 4755 sies
529 4698 682 4765 baponolen
702 4698 755 4752 Ας
828 4695 978 4746 clroriambo
999 4697 1050 4749 Ας
1121 4695 1253 4760 pyrrichio
1272 4695 1311 4746 rel
1331 4697 1415 4745 iambo
1436 4697 1459 4745 A
1470 4710 1486 4751 ς
1557 4697 1571 4746 1

256 4769 409 4832 nrrttpnsttrn
428 4768 507 4834 porlin
527 4770 579 4824 Ας
661 4761 721 4832 nott}
742 4777 766 4814 et
786 4767 836 4821 Ας
918 4765 1100 4830 Sonuipnsme
1120 4777 1158 4813 est
1178 4767 1199 4815 A
1221 4768 1368 4830 ,ttrnpestns
1388 4777 1426 4814 est
1444 4778 1460 4819 ς
1540 4769 1572 4817 13

258 4838 317 4884 remi
340 4839 397 4887 ilum
415 4850 432 4893 ς
451 4839 556 4902 regibus
578 4840 616 4886 A:
639 4837 675 4899 cf.
700 4835 802 4885 Terent.
822 4834 910 4884 alluur.
932 4836 1001 4883 2657
1089 4835 1121 4884 15
1140 4836 1314 4900 arrnpnesticis
1335 4838 1386 4890 Ας
1469 4835 1501 4884 16
1520 4835 1572 4884 lam

257 4855 336 4970 >atiel
355 4907 422 4954 Hor.
441 4923 519 4954 rmrn.
543 4905 557 4956 Ι
577 4910 592 4956 2
666 4908 696 4957 19
715 4907 778 4954 sotis
798 4901 849 4969 est]
870 4905 933 4953 antis
954 4915 990 4954 ter
1011 4903 1061 4959 Ας

309 5005 458 5037 autumer
472 5007 554 5036 urrici
568 5006 599 5038 vr.
1334 4993 1367 5040 ‘20
1436 4998 1442 5009 ⁶
