3874 5556
337 311 401 379 336
889 319 1110 370 rnnnnrmm

334 429 360 470 p.
374 418 425 458 teet
439 417 464 461 Ρ.
752 420 754 426 '

493 500 667 585 mespilabis
689 499 936 582 perscriptitare,
960 517 1020 560 non
1044 497 1147 580 iiguris
1170 489 1314 577 singuiis:

520 619 523 630 ·
544 607 651 689 nequis
674 603 732 666 iroc
754 601 869 686 culpet,
894 600 986 665 totino
1009 603 1035 666 si
1060 609 1161 664 notato
1184 617 1245 662 non
1270 609 1372 662 erunt.

433 899 436 904 .
545 811 687 917 Artium
711 863 823 927 parcns
845 851 876 906 et
899 842 987 906 altrix
1010 862 1119 925 graeco
1142 831 1297 924 diligentie
1322 850 1382 903 est:

547 950 717 1014 iitterarum
741 966 833 1030 porro
858 966 963 1010 curem
988 945 1067 1010 nulia
1092 965 1166 1027 gens
1189 946 1335 1008 attentius

547 1055 697 1136 repperit,
723 1050 827 1134 polivit
849 1069 944 1133 usqne
967 1052 1057 1113 finem
1081 1049 1118 1112 od
1141 1051 1254 1131 unguis
1277 1050 1433 1112 extimum.

495 1175 534 1217 ors
548 1157 627 1240 quod
651 1157 774 1220 Latinus
797 1153 976 1218 aemulando
1000 1171 1056 1216 nec
1079 1155 1151 1215 setis
1174 1151 1269 1215 iidens
1292 1153 1356 1215 suis

316 1251 318 1258 ’
430 1305 436 1316 ,
548 1261 656 1342 (exitus
680 1278 747 1322 nam
772 1268 874 1322 nostro
898 1256 1000 1338 lingua
1024 1275 1085 1319 non
1107 1257 1189 1336 capit
1211 1265 1271 1319 tem
1294 1255 1464 1339 plurimos),

548 1372 679 1426 attamen
704 1361 787 1426 tondi
812 1362 927 1442 pararit
951 1380 1011 1423 non
1037 1359 1201 1424 secondom
1225 1360 1352 1442 copiam.

464 1503 467 1508 ·
548 1464 857 1546 congruensirlcirco
881 1465 954 1526 duxi
976 1465 1007 1526 in
1031 1463 1089 1526 iroc
1112 1483 1202 1544 opns.
1227 1461 1411 1545 desplanis
1508 1541 1510 1552 Ι

548 1569 626 1652 quod
651 1569 754 1650 recepi
778 1585 859 1630 nunc
884 1566 1083 1650 loquendum,
1108 1567 1278 1630 litterarum
1302 1567 1435 1646 origines

495 1673 620 1735 oscinde
644 1671 790 1734 deductos
814 1670 930 1742 iocore,
954 1688 1014 1751 quo
1037 1669 1201 1750 probarem
1224 1670 1353 1750 pionius,

548 1784 579 1838 et
601 1775 692 1838 simui
714 1793 803 1858 quem
829 1774 920 1835 muita
944 1775 1063 1853 graecis
1086 1781 1188 1836 nostra
1212 1790 1272 1834 non
1296 1771 1510 1856 respondeant,

548 1897 685 1962 quaeque
709 1877 910 1956 respondent,
935 1876 972 1937 ab
997 1877 1069 1958 ipsis
1092 1895 1157 1939 esse
1181 1875 1269 1938 nobis
1292 1875 1410 1938 tradito.

500 2053 503 2060 ¹
549 1985 622 2046 ortis
645 1982 716 2044 moe
739 1982 826 2061 origo
849 1989 966 2051 manet,
992 1979 1093 2063 lingna
1117 1998 1177 2042 oon
1201 1988 1319 2043 tontum
1341 1986 1434 2062 patet.

593 2084 672 2166 Ergo
695 2086 816 2166 graecis
839 2101 905 2146 esso
927 2090 1042 2162 septem
1065 2083 1177 2145 scimus
1200 2101 1216 2145 e
1241 2080 1396 2146 vocalibus

497 2208 570 2271 emp
595 2197 625 2251 ot
647 2209 673 2250 or
698 2204 774 2266 (puae
799 2169 879 2249 bine*
892 2184 1024 2266 pedibus
1046 2185 1280 2249 subministrent
1302 2195 1451 2269 tempore,

550 2312 566 2354 ε
589 2301 619 2354 et
642 2309 660 2352 o
683 2290 790 2353 breves
814 2290 912 2351 vocari
936 2286 1099 2369 singularis
1121 2292 1277 2370 temporis.
1323 2331 1326 2336 -

550 2403 667 2457 ceteras
691 2403 768 2464 tres,
793 2410 868 2473 quoe
891 2399 1070 2472 supersunt,
1094 2389 1278 2475 διχρόνους
1299 2393 1524 2472 cognominant,

549 2498 661 2578 corripi
685 2495 765 2578 qood
790 2513 881 2576 saepe
905 2493 1045 2566 eaedem,
1069 2513 1160 2576 saepe
1183 2495 1310 2577 produci
1334 2493 1446 2558 volent:
1535 2493 1537 2498 '

550 2593 646 2681 ἄλφα
668 2601 801 2681 primum
825 2606 885 2668 est,
909 2597 978 2660 inde
1003 2595 1097 2668 ἰῶτα,
1121 2599 1245 2661 tertium
1268 2597 1348 2680 quod
1372 2617 1395 2661 v
1417 2607 1534 2660 vocent.

497 2726 537 2768 oso
551 2721 644 2787 porro
667 2708 792 2764 cunctas
815 2709 918 2763 nostra
941 2699 1044 2780 lingna
1065 2701 1197 2785 quinque
1221 2699 1338 2764 roceies
1360 2721 1429 2765 snos
1523 2689 1530 2700 ’

520 2839 524 2850 ·
551 2805 678 2888 corripit
701 2802 779 2887 qnod
803 2822 884 2867 nnnc
907 2804 1043 2875 easdem.
1070 2823 1149 2868 nunc
1173 2804 1293 2868 eosdem
1317 2803 1477 2886 protrahit,

554 2912 647 2990 utitur
670 2906 769 2988 longis
792 2916 821 2968 et
844 2907 939 2969 isdem
964 2905 1106 2970 brevibus
1130 2926 1224 2990 aeque
1248 2910 1394 2988 iungitur,

551 3030 608 3074 nec
631 3009 756 3073 brevem
779 3027 900 3092 semper
923 3013 1066 3092 requirit,
1090 3029 1212 3093 semper
1235 3022 1286 3073 eut
1308 3029 1386 3094 quoe
1410 3010 1498 3090 longo
1522 3013 1571 3079 sit,

551 3113 691 3178 omnibns
714 3113 766 3176 sed
791 3115 926 3196 quinque
949 3131 1071 3194 semper
1094 3114 1191 3176 utitur
1214 3133 1270 3177 ceu
1294 3113 1459 3176 dicirronis.

498 3243 537 3286 sos
551 3217 620 3282 inde
644 3217 737 3281 motta
761 3216 945 3299 syliabarum
969 3220 1103 3280 nescitur
1126 3217 1294 3288 diversitos,

551 3324 621 3404 quio
645 3338 700 3384 nec
723 3320 793 3384 iliae
816 3319 970 3404 δίχρονοι
993 3328 1064 3392 tres,
1089 3339 1197 3400 graeco
1221 3339 1296 3402 qnos
1319 3339 1374 3382 vox
1399 3329 1562 3402 nuncupat,

550 3422 661 3488 litteris
683 3425 795 3487 nostris
819 3426 939 3486 eosdem
964 3443 1084 3504 semper
1107 3422 1250 3487 exhibent
1273 3441 1373 3486 sonos.

552 3521 647 3610 ἄλφα
670 3546 726 3590 nos
748 3540 772 3589 Α
796 3529 1002 3600 nominamus,
1027 3525 1111 3591 loire
1134 3530 1177 3590 sic
1199 3541 1213 3590 1
1236 3527 1377 3591 dicimos:

551 3633 672 3693 tertiam
697 3631 830 3692 Romano
854 3627 971 3709 tingue,
996 3651 1084 3713 quom
1108 3643 1277 3714 meanto,
1301 3651 1361 3695 non
1385 3630 1486 3694 hebet.

500 3759 539 3800 oro
552 3733 642 3796 huius
665 3735 696 3794 in
719 3731 820 3794 iocum
843 3733 961 3795 vitietur
983 3749 1005 3796 U
1029 3734 1121 3797 letina
1144 3736 1270 3806 subdite,

552 3853 629 3917 quae
652 3837 745 3898 vicem
770 3835 859 3898 nohis
882 3837 1024 3918 rependit
1045 3840 1167 3902 interim
1192 3841 1325 3902 vacantis
1349 3859 1382 3918 o,

553 3937 673 4018 quando
697 3957 889 4002 communem
914 3939 1019 4003 Latino
1043 3941 1143 4004 reddit
1166 3951 1195 4004 et
1218 3943 1334 4005 Graeco
1357 3959 1474 4004 sonum.

552 4043 673 4104 interlm
699 4033 800 4104 vocate
824 4054 853 4106 et
875 4045 990 4124 ipsum,
1014 4055 1132 4127 sumpta
1156 4054 1280 4129 propter
1304 4045 1384 4127 quod
1404 4043 1481 4120 suit,

552 4163 615 4208 non
639 4145 752 4208 tuendo
777 4144 958 4226 syliabarum
982 4165 1072 4227 saepe
1097 4158 1192 4211 motet
1215 4149 1360 4230 reguiam.

501 4273 540 4318 ors
554 4247 670 4312 scilicet
693 4267 754 4311 non
778 4258 992 4312 consonantem
1017 4252 1138 4331 quando
1162 4251 1272 4316 vocalis
1295 4254 1377 4332 liget,

353 4404 552 4417 ’.ί-.-

415 4474 553 4526 sot-sss
570 4465 593 4528 ὴ.
613 4475 943 4541 1308-1313Pomper.
962 4443 1021 4538 roe,
1040 4481 1055 4526 ⁷
1124 4478 1262 4531 sse-ere
1280 4495 1302 4531 o.
1321 4477 1462 4528 rer-rm

348 4597 554 4609 ——m

416 4690 476 4734 onte
499 4699 521 4736 v.
542 4684 596 4734 m
618 4683 700 4734 moine
726 4684 837 4747 epatium
860 4683 974 4733 relictum
998 4689 1037 4733 eet
1060 4685 1086 4734 in
1109 4683 1142 4734 M
1208 4685 1258 4736 eto
1285 4683 1341 4734 sois
1365 4682 1544 4732 &emunire
1570 4683 1613 4733 sni
1637 4683 1666 4734 M

398 4769 431 4835 62
450 4779 475 4818 ec
493 4767 592 4818 eisdem
611 4768 645 4819 M
663 4768 799 4827 hocloco,
819 4767 867 4818 sed
887 4767 971 4819 isdem
989 4787 1012 4820 e.
1032 4771 1103 4820 1310
1173 4771 1223 4823 373
1242 4768 1333 4821 nocete
1351 4769 1531 4820 bacinnum
1551 4769 1665 4824 nocerem

449 4851 498 4904 init
515 4869 563 4906 orn.
581 4854 620 4914 nt·
638 4855 699 4912 add.
718 4853 872 4906 Petrect'nns
