3888 5550
691 391 773 442 sur.
800 391 909 440 esau.
935 391 1003 440 nm.
1028 392 1039 438 r
1063 384 1175 436 ss-sr
1539 371 1603 438 433

274 485 400 537 pust.

277 573 415 638 sentibus
438 570 628 654 temporibus
644 570 794 634 venientis
819 571 850 632 in
874 569 1038 652 praeterito
1055 567 1191 648 perlecto
1213 567 1326 630 similia
1350 574 1429 638 sunt,
1454 576 1488 628 ut
1510 583 1603 628 cerno

275 696 381 742 cresco
404 677 493 742 crevi.
538 681 610 738 sunt
626 675 812 737 econtrario
836 691 912 751 quae
928 673 1019 736 simili
1043 683 1181 752 temporo
1205 673 1358 752 praesenti
1383 677 1448 732 orta
1472 671 1503 732 in
1526 679 1602 733 tem·

225 807 229 812 ·
275 771 521 866 pore'perlecto
549 785 745 859 separantur,
778 787 811 840 ut
838 779 931 859 parco
959 780 1086 856 ignosco
1117 784 1148 836 et
1176 793 1279 837 servo:
1308 776 1431 854 ignosco
1455 776 1527 838 iacit
1549 795 1602 858 pe-

277 887 373 969 perci.
398 892 431 946 ut
459 886 546 945 ‘nec
570 884 651 943 roci
675 883 834 962 iraeque
857 882 1066 963 pepercit';
1091 897 1183 960 parco
1208 895 1279 939 vero
1302 896 1391 940 servo
1412 879 1486 940 iacit
1509 883 1601 959 parsi.
1697 875 1698 878 ’

214 989 218 996 ’
252 999 312 1053 sut
334 987 496 1052 Terentius
519 990 550 1048 in
576 984 691 1066 Hecyra
720 983 900 1048 ‘lraucine
930 1002 997 1064 ego
1028 984 1137 1044 vitam
1162 983 1266 1063 parsi
1290 982 1483 1060 perdere'.
1529 991 1601 1044 sont

279 1093 370 1157 verba
387 1111 464 1172 quoe
481 1101 511 1154 et
535 1091 631 1153 modis
654 1099 684 1152 et
702 1088 708 1172 Ι
728 1087 870 1152 omuibus
887 1086 1077 1168 temporibus
1099 1094 1129 1147 et
1153 1086 1289 1166 personis
1312 1085 1453 1148 deiciant
1477 1094 1505 1147 et
1527 1085 1602 1148 baec

277 1206 392 1261 tantum
422 1196 513 1260 modo
543 1194 691 1264 babeant,
721 1193 801 1257 salve
831 1191 943 1256 salvete
966 1191 1098 1261 salvere:
1123 1192 1260 1274 quamvis
1283 1189 1407 1252 Plautus
1431 1191 1462 1250 in
1486 1189 1602 1252 Trucu-

277 1301 361 1366 lento
377 1302 515 1384 posuerit
531 1303 624 1362 ‘non
641 1297 803 1369 saiveo’‚
829 1297 880 1360 scd
902 1297 1086 1360 inridenter:
1110 1313 1179 1358 uam
1198 1295 1380 1377 depersona
1397 1295 1499 1355 rustici
1517 1293 1603 1356 dixit.

747 1527 796 1576 DE
820 1523 1148 1577 coutvosmoumvs

239 1689 265 1728 1⁰
339 1708 343 1718 ν
368 1646 610 1753 coniugationes
624 1671 786 1734 verborum
804 1679 875 1733 suut
891 1679 960 1736 tres.
1007 1669 1102 1752 prima
1119 1675 1165 1730 est
1181 1685 1256 1748 quae
1281 1665 1373 1727 verbo
1390 1669 1489 1729 activo
1514 1665 1605 1730 modo

279 1777 516 1856 pronuntiative,
555 1792 644 1854 quem
677 1775 799 1856 quitiam
831 1775 1024 1839 indicativum
1056 1774 1102 1838 vel
1134 1762 1277 1838 linitivum
1308 1785 1428 1852 vorant,
1459 1777 1605 1859 temporis

278 1881 449 1962 praesentis
477 1881 595 1942 numeri
626 1877 795 1959 singularis
821 1879 954 1942 secunda
984 1899 1115 1961 persona
1144 1899 1176 1942 as
1208 1879 1321 1960 syllaba
1351 1884 1540 1949 terminatur,
1572 1890 1605 1943 ut

280 2001 350 2044 arno
374 2001 474 2053 amos;
498 1984 584 2046 cuius
599 2002 614 2044 s
629 1981 730 2046 littera
755 1985 888 2046 detracta
914 1993 944 2045 et
967 1983 1005 2046 bo
1030 1984 1146 2046 adiecto
1171 1983 1202 2044 iit
1227 1985 1362 2047 luterum
1381 1993 1500 2062 tempus
1524 1985 1603 2046 eius·

280 2085 347 2148 dem
378 2087 476 2159 modi,
503 2087 587 2176 ¹quod
622 2087 746 2170 quidam
777 2087 900 2150 modum
931 2089 1142 2170 promissivum
1173 2095 1294 2168 piuant,
1325 2097 1358 2150 ut
1387 2087 1506 2150 amabo.
1552 2085 1604 2148 de-

240 2203 264 2246 u
279 2197 373 2252 tracta
397 2189 511 2272 syllaba
535 2189 573 2252 bo
590 2191 622 2254 lrt
645 2191 727 2254 modi
744 2193 914 2274 imperativi
940 2195 1085 2274 temporis
1108 2191 1278 2273 proesentis
1301 2188 1606 2272 numeri'singularis

279 2293 409 2356 secunda
440 2311 585 2372 persona,
619 2303 651 2357 ut
682 2313 757 2358 ama.
804 2295 876 2358 huic
904 2313 1052 2378 personae
1083 2315 1115 2356 re
1139 2293 1251 2377 syllaba
1282 2294 1396 2358 adiecta
1427 2295 1498 2356 lacit
1526 2295 1604 2355 modi

279 2397 389 2460 induiti
414 2399 558 2479 temporis
583 2400 753 2478 praesentis
776 2400 825 2462 vel
849 2401 947 2462 omnis
964 2399 1212 2470 declinationem,
1237 2409 1271 2461 ot
1294 2417 1407 2461 amare.
1454 2397 1605 2460 secundae

280 2503 505 2582 coniugationis
529 2501 610 2564 modi
628 2502 781 2565 indicativi
805 2507 952 2584 temporis
976 2505 1145 2584 praesentis
1169 2502 1300 2565 secunda
1325 2520 1453 2583 persona
1480 2521 1511 2563 es
1535 2520 1605 2582 pro·
1658 2561 1662 2566 .

281 2603 369 2667 ducto
393 2603 504 2686 syllaba
522 2607 719 2676 terminatur,
743 2615 776 2668 ut
799 2605 894 2668 doceo
912 2605 1020 2678 dorcs;
1034 2614 1076 2672 ret
1098 2605 1228 2669 slittera
1253 2608 1282 2668 in
1307 2605 1346 2668 bo
1369 2604 1514 2688 syllabam
1539 2625 1603 2666 mu·

241 2716 340 2771 utcu
371 2708 403 2770 llt
433 2707 567 2771 eiusdem
599 2709 680 2772 modi
708 2719 827 2792 tempos
851 2710 999 2776 iutnrmn.
1031 2709 1122 2791 quod,
1147 2709 1235 2771 sicuti
1259 2708 1364 2779 docnt,
1389 2709 1510 2791 quidam
1535 2728 1607 2790 pro·

282 2813 436 2874 missivum
460 2820 580 2894 potant,
607 2822 639 2876 ut
663 2811 793 2877 docebo.¹
836 2833 893 2895 qua
918 2811 1031 2895 syllaba
1057 2812 1095 2874 bo
1117 2813 1252 2877 detracta
1276 2814 1308 2875 stt
1332 2813 1411 2876 modi
1437 2813 1608 2893 imperativi

282 2919 429 2996 temporis
451 2917 620 2998 praesentis
642 2916 773 2980 secunda
798 2899 925 2997 pelsoua
950 2937 965 2979 e
991 2916 1153 2998 producta,
1178 2925 1213 3000 ut
1234 2915 1319 2978 doce.
1365 2915 1435 2979 huic
1458 2935 1608 2998 personae

207 3075 211 3086 .
283 3018 449 3101 to'syllaba
466 3021 581 3082 adiecta
605 3023 638 3084 sit
661 3021 796 3084 eiusdem
822 3021 903 3084 modi
929 3022 1074 3102 temporis
1098 3019 1191 3083 inituri
1217 3020 1348 3084 secunda
1374 3029 1403 3082 et
1428 3020 1515 3082 tertia
1538 3039 1606 3102 per·

282 3142 370 3195 sona,
396 3131 428 3184 ot
452 3123 571 3195 doceto:
596 3143 653 3207 qua
677 3123 789 3206 syllaba
814 3135 844 3187 to
867 3127 896 3188 in
921 3143 954 3186 ro
978 3133 1150 3205 correptam
1176 3133 1288 3186 niutata
1320 3124 1352 3186 itt
1376 3123 1483 3186 modus
1506 3123 1606 3186 inlini·

242 3235 347 3298 evum,
379 3236 413 3291 ut
442 3226 563 3290 docere.
609 3229 696 3290 tertia
721 3229 893 3308 coniugatio
916 3239 1055 3309 correpta
1078 3226 1242 3290 secundam
1267 3245 1428 3307 personam
1453 3228 1534 3290 modi
1560 3231 1606 3291 in·

282 3329 400 3395 dicativi
424 3332 569 3413 temporis
592 3333 760 3414 proesentis
784 3333 902 3394 numeri
926 3329 1084 3411 singularis
1108 3333 1132 3392 is
1154 3329 1268 3412 syllaba
1288 3335 1480 3395 terminatam
1504 3331 1606 3402 babet,

282 3443 315 3496 ut
337 3433 439 3496 scribo
469 3434 587 3498 scribis.
634 3453 691 3515 qua
721 3434 834 3518 syllaba
857 3437 888 3498 'is
913 3438 943 3496 in
968 3454 1014 3496 aur
1047 3442 1159 3498 mutata
1184 3435 1242 3496 erit
1265 3433 1400 3498 eiusdem
1427 3435 1507 3497 modi
1532 3445 1606 3497 tem·

282 3557 340 3619 pus
364 3523 573 3610 futurumne
595 3539 745 3610 scribam,
770 3539 814 3601 rel
838 3548 983 3601 stantum
1008 3539 1097 3601 modo
1120 3539 1151 3600 in
1175 3557 1221 3600 aur
1247 3545 1374 3609 niutata,
1399 3548 1431 3601 ut
1453 3541 1537 3618 sapio
1560 3556 1607 3600 sa·

221 3651 225 3658 ’
283 3644 328 3722 pis
351 3645 474 3723 sapiam.
520 3639 691 3724 imperativi
707 3662 827 3724 quoqvvo
851 3643 932 3705 modi
956 3644 1103 3724 temporis
1127 3644 1297 3722 praesentis
1320 3643 1451 3704 secundo
1475 3661 1605 3723 persona

244 3745 317 3806 sctit
345 3763 359 3805 s
383 3743 515 3807 ‹letracta
545 3745 582 3807 de
606 3746 739 3809 secunda
764 3765 891 3826 persona
922 3747 1039 3809 numeri
1063 3744 1225 3826 singularis
1247 3745 1328 3807 modi
1352 3747 1506 3808 indicativi
1530 3755 1604 3808 tern-

283 3849 365 3929 poris
389 3851 558 3928 praesentis
575 3852 630 3912 eti
653 3854 684 3913 in
709 3869 724 3912 e
748 3860 919 3932 correptam
943 3857 1064 3920 mutata,
1090 3856 1122 3911 ut
1145 3849 1247 3911 scribo
1271 3848 1380 3911 scribis
1403 3848 1514 3912 scribe.
1560 3852 1604 3912 sic

248 4023 251 4029 ¹
283 3951 381 4014 omnia
406 3953 540 4034 exceptis
564 3952 662 4014 verbis
677 3953 792 4025 tribus,
817 3953 865 4015 dic
888 3953 946 4016 duc
972 3953 1032 4023 iac,
1057 3969 1118 4014 non
1143 3952 1218 4022 dice,
1244 3971 1303 4014 non
1328 3953 1420 4020 duce.
1445 3972 1506 4016 non
1523 3955 1605 4022 lace:

237 4057 247 4066 '
283 4055 362 4136 quod
394 4057 420 4118 si
452 4057 675 4127 invenerimus,
705 4059 819 4119 comice
850 4057 962 4119 dictum
985 4054 1221 4136 intellegendum
1247 4064 1301 4118 est.
1348 4055 1428 4118 modi
1454 4073 1526 4136 ergo
1550 4058 1607 4120 im·

282 4159 408 4239 perativi
425 4161 571 4240 temporis
588 4162 757 4240 praesentis
772 4159 922 4222 secundae
940 4177 1087 4241 personae
1112 4177 1144 4221 re
1168 4157 1279 4240 syllaba
1303 4159 1419 4222 adiecta
1445 4162 1475 4222 ut
1499 4161 1607 4222 modus

244 4273 271 4316 ³⁵
286 4263 422 4324 inlicitus
438 4264 528 4325 etiam
546 4281 651 4325 eorum
669 4263 845 4335 verborum,
870 4283 946 4344 utrae
966 4261 972 4345 Ι
992 4263 1082 4326 modo
1099 4264 1279 4345 imperativo
1296 4280 1321 4333 c,
1347 4281 1406 4326 uon
1425 4285 1442 4326 e
1458 4271 1606 4356 correpta,

359 4485 374 4535 'l
393 4484 465 4536 solve
483 4511 518 4524 -··
536 4488 552 4539 8
571 4487 603 4538 de
622 4502 734 4555 persone
753 4487 841 4538 rustici
861 4487 928 4537 dixit
944 4505 973 4554 p.
994 4491 1027 4540 68
1045 4489 1086 4540 ed.
1110 4487 1221 4540 Vindod.
1242 4487 1320 4539 Proh.
1338 4487 1431 4541 cathol.
1453 4491 1497 4546 38,
1518 4491 1550 4538 17

352 4678 369 4726 2
388 4687 448 4726 sunt
466 4691 508 4742 eq.
527 4679 657 4728 courmrio
677 4693 747 4730 corr.
767 4689 828 4727 eum
847 4693 860 4726 e
879 4678 1009 4726 contrario
1030 4675 1055 4727 B
1126 4679 1141 4728 3
1160 4677 1270 4743 ignosco
1284 4671 1354 4742 iacit]
1376 4675 1436 4727 lacit
1455 4677 1564 4743 ignosco
1584 4677 1609 4729 B

318 4764 401 4813 dnec
426 4761 493 4827 rocil
525 4763 820 4830 Verg.Aen.1153«i
873 4764 933 4815 bin
954 4763 1064 4829 baecyrn
1084 4762 1123 4814 B:
1151 4763 1252 4818 Terent.
1277 4763 1344 4818 Hec.
1365 4761 1495 4822 1111‚2
1549 4763 1608 4814 iin

283 4845 450 4916 Truculento]
474 4849 509 4900 11
528 4853 552 4908 2,
573 4853 590 4902 4
608 4847 693 4902 Salve.
730 4848 777 4900 Sat
798 4848 887 4899 mihist
906 4862 964 4900 tuoe
987 4849 1090 4908 saluus,
1111 4848 1173 4899 nihil
1194 4863 1294 4913 moror,
1315 4862 1364 4897 uon
1385 4847 1473 4898 salreo
1543 4850 1611 4901 ‘dle

283 4932 411 5000 producto
430 4932 455 4983 B
526 4937 559 4988 30
577 4935 718 4986 sdetrocm
736 4953 750 4988 c
769 4937 791 4986 is
811 4934 926 4986 detracta
944 4935 970 4986 B
1041 4937 1073 4988 et
1094 4946 1192 4986 mutata
1210 4945 1238 4986 ut
1255 4953 1269 4987 v
1287 4945 1385 4986 morteto
1403 4932 1432 4984 iit
1451 4945 1479 4984 ut
1497 4933 1522 4984 B
