3874 5556
467 1490 646 1563 Terentiani
668 1496 762 1561 libros
785 1516 812 1560 a.
839 1492 923 1560 1493
947 1495 1035 1559 Bohii
1058 1496 1197 1561 inventos
1221 1501 1417 1577 etquattuor
1440 1495 1526 1558 annis
1554 1503 1625 1576 post
1645 1495 1703 1558 lle·

380 1603 494 1664 diolani
517 1603 682 1682 aGeorgio
698 1599 837 1664 Galbiato
861 1599 956 1662 editos
980 1619 1046 1664 esse
1068 1617 1160 1682 supra
1184 1617 1213 1679 p.
1230 1594 1296 1662 245
1318 1597 1431 1662 dictum
1456 1607 1510 1660 est.
1556 1600 1622 1661 eins
1645 1597 1704 1660 edi-

380 1706 469 1768 tionis
500 1704 604 1768 titulus
633 1705 682 1767 hio
705 1713 766 1776 est,
796 1702 1066 1768 TEREN'lthVS
1089 1702 1139 1766 DE
1161 1701 1340 1766 LITTERIS
1363 1699 1543 1765 Sl'LLABlS
1567 1699 1705 1764 1111111-

379 1805 467 1870 ’11118
491 1807 658 1871 1101111111.
704 1817 874 1889 sequuntur
890 1807 968 1870 duae
991 1807 1156 1890 epistulae,
1181 1803 1273 1868 altera
1298 1803 1417 1887 publica
1436 1804 1579 1868 Ludorici
1595 1804 1705 1868 hiariae

379 1909 509 1973 Siortiae
539 1911 625 1974 ducis
648 1908 897 1982 hlediolaoensis.
927 1909 1020 1974 altera
1044 1909 1170 1973 editoris
1199 1908 1235 1972 ad
1260 1907 1401 1972 iacobum
1424 1907 1576 1970 Andream
1599 1907 1704 1972 Ferra-

379 2017 513 2078 riensem
530 2015 615 2088 data,
639 2033 715 2097 quas
730 2023 855 2095 propter
879 2015 1057 2076 memoriam
1081 2012 1217 2076 codicum
1234 2011 1429 2075 Bobiensium
1453 2011 1503 2074 hic
1526 2011 1705 2094 repetendas

378 2135 562 2182 curavimus.

464 2220 635 2284 Ludovicus
651 2221 743 2286 hieria
760 2222 870 2285 Siortia
886 2218 1017 2300 lugius,
1041 2221 1101 2283 dux
1125 2218 1285 2282 Mediolani
1309 2225 1376 2290 etc..
1400 2219 1513 2312 Papiae
1534 2217 1705 2300 anglarias·

378 2341 438 2406 que
462 2315 581 2398 comes,
607 2343 642 2387 ac
657 2325 768 2390 landae
793 2335 823 2388 et
840 2324 1006 2388 Cremonae
1022 2323 1172 2386 dominus.
1218 2322 1253 2385 ln
1276 2324 1359 2384 omni
1381 2339 1495 2402 genere
1518 2324 1706 2404 negotiorum

380 2445 417 2489 eo
447 2429 543 2508 magis
572 2429 695 2510 ingenia
726 2431 794 2491 acui
824 2438 854 2491 et
877 2430 965 2508 operi
987 2427 1127 2490 homines
1156 2427 1286 2490 alacrius
1309 2425 1489 2490 incumbere
1525 2425 1641 2490 certum
1665 2435 1709 2488 est

380 2549 440 2611 quo
470 2530 704 2595 fructuosiorem
733 2551 817 2596 suam
847 2531 905 2594 sibi
929 2533 1058 2613 quisque
1082 2549 1205 2610 operam
1230 2539 1260 2592 et
1282 2529 1463 2596 industriam
1486 2533 1587 2593 sentit
1633 2531 1705 2594 liaeo

315 2666 319 2672 ·
379 2653 470 2697 causa
495 2653 550 2698 nos
574 2644 676 2698 mouet
698 2643 731 2698 ut
747 2651 815 2698 cunr
831 2637 983 2718 superiori
1006 2651 1101 2708 anno,
1126 2643 1251 2697 auctore
1266 2633 1443 2698 doctissimo
1458 2634 1610 2717 quondam
1628 2636 1703 2702 uiro.
1807 2655 1809 2660 ¹
1910 2691 1911 2714 ¹

357 2735 504 2830 ¹domino
528 2737 660 2818 Georgio
683 2737 798 2802 Merula
821 2738 1038 2810 Alexandrino,
1069 2737 1219 2818 Georgius
1243 2733 1399 2800 Galbiatns
1429 2738 1494 2800 eina
1517 2739 1706 2802 amanuensis

379 2843 533 2904 inuenerit
561 2850 651 2923 atque
680 2861 715 2903 ex
739 2843 879 2924 squalore
902 2851 932 2904 et
955 2843 1013 2905 situ
1038 2843 1154 2904 eruerit
1176 2859 1228 2903 sex
1251 2847 1409 2904 annotatos
1431 2839 1510 2904 inira
1533 2842 1707 2922 grammati·
1775 2830 1779 2836 ’
1892 2823 1911 2892 ’Ῐ

352 2961 446 3020 ω,
478 2955 569 3026 atque
598 2963 651 3006 eos
673 2946 704 3008 in
734 2948 870 3026 presenti
899 2947 929 3008 in
954 2963 1147 3008 communem
1169 2943 1374 3008 studiosorum
1403 2943 1562 3008 utilitatem
1588 2943 1705 3007 tradere

381 3047 584 3130 impressuras
601 3050 742 3111 statuerit
757 3067 793 3110 ex
809 3046 918 3112 litteris
934 3047 1144 3128 Longobardis
1166 3048 1196 3110 in
1213 3047 1339 3111 usitatos
1362 3057 1531 3112 caracteres
1546 3067 1600 3110 sua
1617 3065 1704 3112 manu

381 3161 409 3212 et
438 3149 551 3232 uigiliis
581 3153 794 3234 transcriptos,
831 3151 867 3214 ad
892 3153 1026 3215 cilicium
1056 3161 1194 3214 nostrum
1217 3153 1370 3234 pertinere
1399 3152 1573 3215 censuimus
1595 3153 1705 3214 cauere

381 3273 418 3316 ne
448 3273 526 3318 noua
556 3252 682 3318 alterius
710 3257 895 3337 impressura
924 3265 953 3318 et
982 3253 1163 3318 emulatione
1193 3255 1386 3318 meritissimo
1409 3237 1517 3318 locello
1540 3254 1704 3318 fraudetur.

380 3358 480 3439 itaque
510 3377 565 3439 per
595 3357 648 3421 laos
679 3369 797 3422 nostras
819 3357 955 3440 publicas
979 3358 1095 3422 litteras
1117 3357 1312 3422 decernimus
1335 3355 1524 3422 declaramus
1547 3362 1706 3422 statuimus

358 3541 361 3548 Ι
380 3468 416 3547 et·
433 3459 577 3523 edicimus
601 3480 638 3525 nc
655 3464 722 3541 quis
739 3453 769 3524 i'n
787 3462 920 3526 dominio
944 3472 1048 3525 nostro
1069 3461 1218 3524 eirrsmodi
1241 3461 1396 3525 uolumina
1411 3471 1548 3544 separata
1572 3471 1623 3525 aot
1638 3479 1705 3525 cum

381 3562 447 3626 aliis
470 3563 614 3646 operibus
631 3568 786 3628 commista
809 3568 964 3648 imprimat
987 3565 1034 3628 uel
1052 3563 1122 3628 alihi
1139 3566 1286 3648 impressa
1304 3568 1334 3628 iri
1352 3565 1486 3628 dominio
1502 3574 1607 3628 nostro
1633 3584 1705 3628 uen-

380 3650 504 3730 dotant
528 3669 650 3730 uenales
673 3669 797 3732 inducat
819 3679 869 3732 aut
893 3669 950 3732 suh
972 3687 1155 3750 quocunque
1179 3666 1237 3731 alio
1260 3667 1347 3731 titulo
1371 3671 1526 3750 importet,
1549 3669 1606 3732 suh
1628 3687 1705 3751 peno

381 3771 486 3850 uiginti
510 3771 643 3852 qtrinque
666 3791 827 3835 aureorum
851 3791 990 3836 camerae
1014 3783 1134 3835 nostrae
1150 3771 1399 3854 applicandorum
1423 3792 1480 3855 pro
1502 3773 1630 3852 singulis
1653 3791 1702 3834 no·

381 3872 549 3937 luminibus
573 3893 650 3956 quae
674 3875 717 3936 sic
740 3883 844 3938 contra
874 3875 952 3938 hauc
976 3885 1110 3938 nostram
1135 3876 1369 3938 declarationem
1393 3877 1539 3957 impressa
1564 3878 1705 3958 importa-

381 3984 450 4039 taue
478 3979 690 4050 inuenientur,
726 3979 940 4058 praesentibus
967 3999 1063 4043 annos
1092 3980 1227 4061 quinque
1254 3981 1391 4060 proxime
1420 3979 1537 4043 inituros
1560 3979 1703 4045 nalitoris

382 4079 474 4143 llatae
492 4080 646 4159 Viglenani
663 4079 720 4144 sub
744 4081 802 4145 lide
826 4065 915 4163 sigilli
939 4085 1051 4154 nostri.
1076 4083 1124 4144 die
1147 4085 1251 4164 quinto
1267 4081 1469 4163 septembris,
1493 4100 1573 4146 anno
1589 4083 1703 4145 ll.ccc.

380 4181 599 4248 lxxxxserto.

381 4287 598 4352 Terentianum
622 4289 659 4352 cle
683 4291 786 4353 metris
810 4297 840 4351 et
862 4288 984 4370 syllabis
1008 4289 1124 4352 lloratii

382 4389 629 4456 l'ortunatianum
654 4393 691 4456 de
715 4393 900 4458 carminibus
923 4393 1037 4456 Horatii

323 4527 324 4534 .
382 4493 497 4558 Velium
521 4495 660 4576 Longum
684 4497 721 4560 de
744 4496 960 4577 orthographia

278 4594 282 4604 “
382 4601 592 4664 Adamantium
617 4601 654 4663 de
677 4599 906 4681 orthographia.

382 4704 650 4768 mmmm&

382 4807 516 4871 Cornelii
540 4809 701 4872 Frontonis
724 4807 908 4890 elegantiae.-

1255 4947 1260 4952 -
1381 4895 1413 4964 h.
1438 4897 1618 4962 catellis,

1474 5017 1546 5072 w·
