3858 5560
369 293 434 362 232
572 325 577 334 ·
719 295 724 304 ·
808 279 995 362 'tuentur
1016 289 1222 360 rrcronnu]

377 397 561 455 pussant·¹
836 392 837 396 ’
939 383 942 388 “
1352 437 1355 444 ,
1505 393 1628 446 pascae
1645 391 1667 434 r.

371 495 496 570 extrepto
532 505 592 550 uno
626 493 744 548 etrusco
781 486 902 548 nomine
938 481 1096 566 Tanaquil.
1146 481 1175 544 ol
1210 485 1389 546 terminatus
1423 477 1530 563 long'us
1564 491 1624 554 eet.
1659 491 1692 545 ιιι
1789 523 1800 529 -

370 589 424 654 sol.
471 589 501 654 ul
525 591 626 654 linitus
648 589 821 671 corripitur.
846 598 878 650 ut
900 584 1017 650 consul.
1056 605 1086 649 nr
1110 588 1289 651 terminatus
1312 585 1411 650 brevis
1434 589 1496 658 est'
1511 597 1545 650 ut
1567 595 1690 656 tectum.

372 696 443 759 licet
471 694 609 776 arduum,
627 693 667 756 sit
694 691 783 756 buius
812 694 855 782 pei
886 688 1019 772 exempla
1049 692 1200 774 reperire,
1232 709 1267 754 eo
1291 689 1370 772 quod
1394 689 1469 753 baec
1490 689 1590 753 littera
1613 707 1690 766 sem7

292 786 293 792 '
372 817 427 879 pet·
450 799 528 861 iuter
550 793 668 886 vocales
691 795 879 878 deprehensa
902 794 1097 876 mpotacismo
1120 794 1315 858 subtrabitur.
1362 811 1400 858 an
1427 795 1529 858 dolius
1551 793 1691 877 produci·

308 933 310 938 ·
372 911 439 972 tnr;
464 897 527 982 lut
548 891 647 962 Titan.
686 918 723 963 en
746 901 925 963 terminatos
947 898 977 958 in
1003 899 1118 961 neutris
1140 895 1313 962 nominibus
1338 895 1398 983 [rel
1421 895 1597 979 generibus]
1622 896 1718 958 bre-e
1751 885 1754 888 ’

373 1006 416 1069 ιιι
441 995 511 1075 test,
550 1012 582 1066 ot
613 1021 750 1076 tument
788 1003 860 1066 item
889 1002 919 1063 in
949 999 1073 1065 alterius
1102 1003 1239 1082 generis,
1262 1003 1307 1065 'ut
1329 1010 1437 1085 pecten
1460 998 1585 1083 tibicen,
1617 1017 1694 1078 quoe
1856 988 1860 996 ’

371 1113 451 1173 sieut
471 1116 583 1171 neutra
606 1108 807 1171 declinentur.
852 1108 883 1167 r'n
906 1106 955 1168 ltt's
976 1121 1047 1175 vero
1069 1124 1145 1189 quae
1173 1123 1234 1168 non
1262 1107 1339 1169 sicut
1370 1109 1477 1168 neuim
1505 1103 1694 1168 declinantur
1803 1103 1806 1108 “

373 1221 402 1276 et
425 1213 455 1275 ln
474 1212 596 1292 graecis
619 1209 726 1292 longus
749 1219 801 1281 est
825 1217 858 1271 ιιι
879 1207 939 1271 lien
963 1209 1064 1272 Siren.
1102 1226 1141 1271 on
1162 1207 1263 1272 finitus
1283 1207 1393 1291 longus
1409 1215 1463 1278 est.
1488 1215 1522 1270 ut
1542 1206 1692 1270 Memnon.

364 1306 406 1380 'ar
429 1317 608 1378 terminatus
634 1316 664 1376 iu
696 1307 910 1394 monosyllabis
939 1321 1053 1374 tantum
1081 1311 1272 1395 producitur,
1296 1321 1328 1374 ut
1349 1309 1412 1374 Nar
1433 1310 1488 1382 iar,
1517 1309 1643 1382 licet‚et
1664 1312 1693 1372 iu

373 1419 420 1482 iris
450 1418 682 1499 longusaceipi
717 1415 837 1488 debeat,
870 1433 946 1495 quae
974 1433 990 1478 a
1019 1413 1031 1498 l
1057 1415 1088 1478 in
1112 1419 1251 1496 genetivo
1285 1423 1358 1478 ante
1388 1413 1522 1478 nltimam
1551 1411 1693 1496 syllabam
1708 1439 1734 1481 ro

375 1521 559 1606 producunt,
592 1519 650 1583 ‘sed
681 1529 780 1582 tamen
814 1521 992 1582 auctoritate
1026 1519 1190 1600 corripitur
1213 1528 1247 1582 ut
1267 1518 1418 1600 subligar:
1442 1521 1483 1582 ait
1505 1519 1587 1581 enim
1609 1517 1719 1582 lure,

375 1625 451 1691 nelis
472 1629 504 1690 in
529 1623 559 1688 ll·
575 1626 754 1712 satirarum
1347 1628 1353 1640 ·

533 1761 730 1828 personam
754 1703 1004 1822 thyrsumque
1027 1751 1159 1806 tenent
1183 1751 1219 1807 et
1241 1743 1418 1824 subligar
1439 1744 1541 1810 acet.
1573 1749 1600 1803 “,

375 1887 408 1931 er
435 1867 538 1929 linitus
568 1867 598 1929 lu
627 1863 727 1926 latinis
755 1865 933 1945 corripitur.
964 1872 997 1928 ut
1024 1851 1116 1946 ptrcr,
1147 1877 1274 1949 excepto
1302 1884 1369 1950 uno·
1391 1862 1598 1956 monosyllabo
1628 1882 1695 1934 rer;
1733 1872 1738 1884 '

345 1975 405 2034 ‘in
438 1971 554 2064 graecis
591 1967 697 2048 longus
730 1967 789 2040 est,
825 1976 858 2030 ut
891 1980 963 2029 aer:
1004 1967 1246 2066 interminatus
1276 1969 1455 2050 corripitur,
1490 1975 1524 2031 ut
1554 1967 1609 2032 ur.
1660 1985 1733 2031 eru

376 2125 582 2138 -—--=-

444 2214 458 2263 1
477 2222 579 2263 etrusco
598 2205 715 2274 nomine]
734 2209 795 2272 qnia
813 2209 950 2277 proprium
967 2220 1016 2264 est.
1043 2209 1193 2276 producitur
1210 2210 1226 2261 b
1278 2212 1295 2262 2
1315 2211 1339 2261 ul
1359 2209 1448 2262 linitus
1466 2205 1619 2278 corripitur]
1643 2219 1694 2260 tem

374 2283 399 2332 in
419 2283 534 2349 propriis
552 2295 630 2344 quam
649 2280 675 2329 in
693 2276 874 2344 appellativis,
899 2293 926 2328 ιιι
949 2278 1039 2330 consul
1063 2279 1122 2330 exul
1141 2279 1246 2347 praesul
1265 2278 1363 2330 Muthul
1382 2277 1509 2332 Sutlrnlb
1596 2279 1736 2330 ilnter-
1821 2285 1823 2296 ⁴

376 2346 490 2428 uocales]
512 2350 598 2416 posite
616 2345 729 2466 deiiciqt,
749 2358 777 2395 ιιι
794 2348 943 2397 ‘multum
962 2345 1018 2463 illp
1036 2361 1065 2398 et
1084 2349 1182 2430 terris¹
1200 2350 1341 2400 iactatus
1360 2348 1491 2430 etflaltof
1510 2347 1607 2428 (Ver-p.
1627 2349 1694 2399 Aen.

374 2417 695 2552 itiiitttt‘niitb
711 2415 930 2550 liliabant
952 2426 981 2466 ¹¹‘
999 2413 1376 2553 intimitatis?
1393 2417 1695 2551 delibutus

375 2555 472 2622 (Verp.
492 2557 559 2607 Aen.
581 2552 640 2605 Vll
658 2551 722 2617 ott)
740 2569 757 2604 n
845 2555 875 2605 ll
896 2550 1057 2674 producuntp
1080 2565 1108 2606 ut
1125 2554 1231 2606 lacunar
1254 2555 1374 2623 pnlrinar
1396 2555 1461 2606 alter
1484 2554 1594 2691 lupanar
1611 2553 1696 2620 hyper

376 2623 541 2692 (ppareod.)
559 2623 660 2676 lasarb
744 2633 772 2672 ot
788 2618 917 2689 subligar]
938 2634 965 2673 ut
983 2625 1036 2674 ‘su
1064 2623 1147 2691 li‘ger
1166 2621 1253 2676 ricci’
1272 2642 1289 2677 a
1335 2631 1339 2640 ’
1370 2626 1401 2677 lb
1420 2637 1448 2675 nt
1466 2625 1504 2673 uir
1535 2635 1560 2676 et
1578 2638 1645 2688 quae
1663 2638 1696 2674 ex

376 2709 407 2746 en
425 2707 626 2761 componuntur,
647 2701 675 2742 nt
692 2692 806 2753 semivir,
827 2706 935 2759 excepto
956 2705 1006 2743 uno
1025 2693 1056 2758 ir,
1074 2693 1146 2757 quod
1164 2693 1343 2746 indeclinabile
1361 2705 1401 2744 est
1418 2709 1436 2744 u

446 2936 460 2986 t
480 2949 533 2985 nno
552 2925 778 2985 etrusco'nomine
796 2933 909 2998 tanaquil
928 2933 953 2985 B
973 2949 1023 2986 nno
1042 2946 1145 2986 etrusco
1163 2931 1288 2985 feminino
1308 2943 1335 2984 ut
1347 2933 1461 2998 tanaquil
1481 2933 1507 2986 P
1528 2947 1579 2984 uuo
1598 2946 1696 2986 mettrrrn

376 3003 490 3070 tanaquil
509 3005 535 3056 A
617 3005 675 3054 tm
695 3004 845 3054 terminatus
863 3001 927 3054 BP
945 3019 986 3054 utn
1006 3005 1156 3055 terminatus
1175 3005 1202 3056 A
1281 3013 1308 3054 ιιι
1326 3013 1421 3054 tectum
1439 3001 1541 3054 ΑΒΡ
1557 3015 1585 3054 ut
1603 3015 1695 3054 tectum
1724 3055 1726 3059 ,

376 3073 534 3141 templumb
621 3073 638 3124 3
661 3070 781 3138 exempla
799 3072 932 3138 repperire
951 3076 975 3124 A
1004 3071 1136 3140 exemplar
1156 3073 1286 3140 repperire
1307 3071 1329 3122 P
1354 3071 1503 3139 exemplum
1521 3073 1653 3139 repperire
1671 3071 1697 3122 Β

399 3157 408 3176 ·
462 3157 566 3210 semper
588 3138 670 3206 (corr.
689 3155 770 3207 saepe
787 3140 816 3206 b)
838 3141 904 3192 inter
926 3141 1028 3194 trocales
1050 3141 1213 3209 deprehensa
1229 3141 1386 3207 mptacismc
1407 3139 1492 3205 (corr.
1509 3137 1695 3207 mpotacismn)

376 3211 536 3264 subtrabitur
554 3209 580 3260 B
607 3224 687 3277 saepe
709 3211 775 3260 inter
798 3208 900 3261 nucales
924 3214 1011 3276 posita
1034 3209 1121 3261 delicit
1143 3208 1248 3276 (deiecit
1266 3209 1303 3275 A)
1323 3209 1387 3263 ΑΡ
1404 3223 1484 3276 saepe
1506 3207 1572 3260 inter
1591 3209 1694 3262 uocales

376 3281 479 3349 possita
497 3291 604 3347 propter
621 3279 817 3330 moetacismnm
834 3277 929 3330 deiecit
946 3279 1011 3336 Len.
1054 3295 1057 3300 ·
1081 3282 1145 3331 den
1164 3279 1319 3338 terminares
1333 3280 1359 3330 in
1378 3279 1479 3346 maenia
1498 3278 1651 3346 producitur
1669 3289 1697 3330 nt

377 3352 440 3401 titan
460 3363 512 3417 pan
528 3347 636 3400 latinum
655 3363 718 3399 uero
738 3362 830 3398 nomen
849 3349 960 3400 inueniri
980 3365 1031 3401 non
1050 3360 1137 3416 potest
1153 3350 1179 3399 in
1198 3347 1265 3398 hunc
1283 3346 1383 3414 syllaba
1399 3348 1503 3399 desines
1522 3347 1638 3416 Serpsit

377 3423 440 3472 but
458 3419 520 3470 titan
540 3417 602 3469 AB
625 3429 653 3468 ut
674 3417 736 3468 titan
755 3416 856 3484 peanb
879 3428 907 3468 nt
925 3418 988 3468 titan
1011 3419 1118 3468 latinum
1142 3431 1204 3468 uero
1227 3431 1321 3468 nomen
1345 3417 1461 3468 inuenire
1484 3431 1540 3468 non·
1560 3431 1647 3484 potest
1670 3421 1696 3470 in

289 3499 290 3502 ’
373 3489 444 3556 banc
462 3485 589 3552 syllabam
610 3486 633 3537 P
714 3500 745 3535 en
764 3486 915 3538 terminatus
932 3485 996 3538 BP
1013 3501 1044 3537 en
1063 3485 1151 3536 flnitns
1171 3487 1206 3538 A.
1229 3501 1262 3536 en
1280 3484 1369 3536 bnitns
1388 3487 1414 3536 iu
1434 3487 1532 3538 neutris
1551 3485 1637 3538 breuis
1656 3502 1697 3538 est

379 3571 405 3609 ut
423 3569 525 3608 mrmen
544 3553 694 3606 incitatius
715 3567 777 3605 uero
797 3556 900 3620 generis
919 3555 1066 3607 nominibus
1085 3569 1152 3620 quae
1169 3557 1237 3606 sicut
1260 3565 1349 3605 neena
1373 3569 1424 3606 non
1450 3555 1610 3606 declinantur
1627 3568 1653 3606 et
1670 3558 1695 3606 iu
1747 3561 1750 3566 '

377 3625 477 3692 maenis
497 3625 648 3690 producitur
666 3635 694 3673 ut
716 3623 765 3673 lien
785 3637 862 3688 syren
885 3626 1000 3691 exeeptis
1020 3623 1111 3675 damen
1136 3633 1227 3690 pecten
1246 3623 1331 3690 pollen
1351 3621 1466 3690 Sunpnil.
1553 3625 1578 3674 ln
1599 3627 1696 3690 neutris

377 3695 525 3746 nominibus
550 3693 574 3744 A
591 3691 638 3742 Pb
661 3692 686 3742 in
710 3693 808 3742 neutris
832 3693 980 3744 nominibus
1005 3693 1044 3742 uel
1067 3693 1207 3759 generibus
1226 3691 1252 3744 B
1338 3693 1354 3744 b
1377 3705 1406 3744 ut
1427 3706 1531 3744 carmen
1549 3694 1575 3745 A
1587 3692 1613 3744 Β
1625 3693 1650 3744 Ρ
1670 3708 1698 3745 ut

377 3777 478 3814 carmen
499 3775 593 3831 parmen
612 3759 627 3812 b
713 3761 774 3810 item
796 3762 821 3810 in
841 3761 946 3811 alterius
969 3763 1072 3828 generis
1090 3771 1119 3812 ut
1137 3772 1227 3828 pecten
1251 3761 1345 3812 tibicen
1363 3776 1430 3826 quae
1448 3775 1500 3812 non
1519 3762 1587 3812 sicut
1605 3773 1696 3815 neutra

376 3832 538 3883 declinantur
561 3832 628 3881 sicut
649 3826 732 3891 (corr.
751 3831 787 3892 et)
811 3831 837 3879 iu
860 3830 960 3896 graecis
984 3832 1078 3898 longua
1103 3841 1142 3882 est
1165 3843 1193 3881 ut
1216 3829 1268 3882 lien
1292 3831 1363 3882 siren
1381 3828 1451 3894 ern
1469 3830 1574 3882 alterins
1592 3833 1696 3898 generis

376 3900 522 3967 (superate.
541 3898 566 3950 h.
585 3915 599 3950 e
618 3897 779 3961 masculinis)
803 3899 844 3948 uel
867 3898 968 3965 graecis
990 3899 1143 3966 producitur
1166 3901 1282 3967 exceptis
1296 3890 1400 3950 -llnmdn
1422 3910 1511 3967 pecten
1536 3898 1621 3966 pollen
1644 3900 1695 3951 lien
1760 3938 1763 3945 .

377 3973 431 4022 rien
450 3971 519 4022 siren
539 3968 554 4020 b
577 3969 604 4019 ln
623 3966 728 4018 alterius
746 3967 850 4034 generis
868 3969 935 4031 quae
953 3969 1020 4020 sicut
1042 3979 1133 4020 uentre
1151 3968 1312 4020 declinantur
1335 3970 1403 4019 etin
1424 3969 1526 4036 graecis
1544 3971 1697 4036 producitur

376 4051 406 4090 ut
422 4038 473 4090 lien
493 4041 562 4090 siren
581 4035 674 4087 fidicen
692 4037 762 4086 etin
780 4051 860 4101 uturp.
884 4038 938 4087 rien
957 4037 1048 4088 tibicen
1068 4039 1188 4090 cornicen
1205 4037 1292 4089 liticen
1310 4037 1403 4089 ildicen
1423 4037 1523 4088 tubicen
1542 4038 1568 4089 A
1592 4039 1615 4088 si
1633 4038 1696 4089 alte-

377 4110 431 4160 rins
450 4109 553 4175 generis
571 4105 666 4172 longus
685 4114 725 4156 est
742 4106 804 4169 quia
822 4118 875 4155 non
893 4107 961 4156 sieut
973 4107 1087 4157 neutrale
1100 4107 1242 4158 declinatur
1259 4117 1288 4158 ut
1305 4121 1336 4158 en
1355 4118 1380 4157 et
1397 4107 1423 4155 iu
1442 4106 1526 4172 grecis
1545 4106 1697 4172 producitur

377 4189 406 4229 nt
422 4177 492 4244 siren
511 4177 611 4227 sirenes
630 4175 746 4241 exceptis
765 4173 858 4225 ilamen
877 4187 902 4225 et
920 4187 1009 4242 pecten
1029 4188 1053 4227 et
1071 4177 1096 4225 in
1117 4175 1166 4228 lroc
1183 4176 1292 4228 latinum
1311 4189 1404 4226 nomen
1423 4189 1475 4224 nou
1495 4174 1598 4226 inuenio
1617 4177 1641 4226 P

377 4249 393 4299 8
412 4256 440 4296 nt
458 4259 580 4297 memnon
599 4241 663 4294 BP
683 4253 711 4293 ut
733 4241 823 4294 chiron
842 4257 963 4294 memnon
982 4245 1007 4296 A
1077 4247 1093 4297 9
1111 4257 1139 4296 ut
1156 4261 1204 4296 nar
1226 4243 1368 4312 (crepet-aer.
1387 4257 1444 4292 mar
1460 4240 1488 4307 b)
1506 4241 1546 4293 iar
1564 4244 1589 4296 B
1613 4256 1641 4294 ut
1657 4243 1698 4294 iar

377 4331 424 4366 ner
443 4316 468 4367 A
487 4326 516 4366 ut
534 4329 580 4364 ner
597 4312 623 4364 P
673 4311 732 4362 lieet
749 4313 776 4362 in
795 4311 835 4362 lr'ts
854 4313 948 4382 longus
966 4315 1020 4364 acci
1041 4314 1049 4362 i
1067 4313 1160 4364 debeat
1177 4330 1244 4379 quae
1262 4330 1277 4364 a
1295 4315 1321 4364 in
1340 4312 1483 4380 qenltluum
1502 4324 1562 4362 ante
1580 4311 1696 4363 ultimant

378 4383 503 4451 syllabam
522 4382 669 4452 producunt
687 4380 733 4433 sed
752 4393 836 4432 umen
857 4381 881 4433 P
905 4383 963 4433 licet
981 4384 1007 4432 in
1020 4329 1067 4433 do
1087 4382 1181 4450 longus
1199 4385 1233 4435 sit
1256 4383 1326 4448 (licet
1344 4383 1411 4432 etin
1434 4380 1476 4432 bis
1495 4381 1589 4448 longus
1613 4383 1696 4433 nomi·

378 4454 482 4504 narinus
500 4467 577 4506 casus
595 4451 679 4519 accipi
695 4450 820 4502 debuerat
837 4449 864 4515 b)
887 4468 954 4514 quae
972 4467 988 4502 e
1006 4453 1032 4502 in
1051 4454 1170 4518 genetiuo
1190 4467 1249 4503 tute
1271 4451 1384 4502 ultimam
1404 4449 1529 4516 spllnbem'
1551 4451 1697 4518 producunt

377 4519 438 4590 (sed
456 4523 518 4574 edd.
537 4521 564 4588 b)
589 4533 673 4572 tamen
693 4519 718 4572 B
741 4520 800 4572 iicet
823 4519 848 4570 in
873 4521 912 4572 itis
931 4537 1035 4587 qnoque
1058 4521 1153 4587 longus
1175 4531 1301 4588 appareat
1323 4521 1349 4569 in
1373 4519 1467 4582 quibus
1491 4521 1613 4586 genetiuo
1634 4530 1697 4572 ante

378 4591 494 4643 ultimam
513 4591 639 4657 syllabam
657 4589 836 4658 producuntur
853 4601 937 4642 tamen
959 4594 982 4642 A
1050 4593 1081 4642 11
1099 4585 1251 4658 corripitur]
1272 4587 1423 4656 producitur
1441 4588 1466 4638 P
1528 4600 1555 4638 ut
1573 4587 1696 4656 sublegar

299 4667 303 4678 '
378 4661 523 4728 sublegeris
535 4661 573 4712 ait
584 4661 652 4711 enim
666 4659 793 4711 iuuenalis
812 4661 838 4709 in
856 4659 922 4711 libro
934 4659 1075 4712 secundum
1089 4658 1252 4724 sntlrprarum
1266 4671 1403 4725 personam
1422 4657 1592 4722 thyrsumque
1610 4671 1697 4710 teuent

379 4743 404 4780 et
421 4729 544 4798 sublepar
561 4729 614 4780 occi
634 4727 749 4796 Scopuli.
827 4729 864 4780 ait
881 4731 948 4781 enlm
966 4757 1000 4768 -
1019 4731 1080 4780 Acci
1098 4743 1147 4781 ora.
1161 4730 1186 4780 A
1201 4729 1234 4790 B,
1254 4727 1316 4780 edd.
1329 4725 1379 4776 Pb
1459 4727 1491 4776 12
1510 4727 1534 4776 in
1553 4725 1577 4777 ΙΙ
1594 4737 1697 4793 satyra-

378 4811 436 4848 rum
454 4799 469 4850 b
486 4800 514 4850 in
532 4799 646 4851 secunda
663 4808 808 4864 satyrarum
829 4799 854 4849 P
943 4801 975 4850 14
994 4814 1021 4849 er
1040 4797 1126 4850 linitus
1147 4797 1211 4851 AB
1229 4813 1256 4848 er
1275 4795 1425 4846 terminatus
1445 4793 1471 4846 P
1543 4811 1606 4863 puer
1624 4813 1695 4851 corr.

380 4881 444 4938 puer
461 4865 487 4917 Β
514 4865 518 4874 ’
555 4871 590 4920 ib
607 4869 634 4919 in
653 4870 753 4936 graccis
772 4882 835 4919 uero
854 4868 947 4936 longus
967 4881 1007 4918 est
1027 4869 1046 4920 A
