3866 5562
522 390 634 440 cumn.
659 393 707 441 na:
731 394 838 453 arara.
863 395 949 469 con.
972 395 1021 462 ¹aar
1046 397 1093 445 oe
1116 397 1204 447 nura.
1219 363 1362 448 'onan
1529 386 1592 453 551
1639 419 1641 424 -

267 565 373 630 eodem
398 550 616 662 commentario
640 570 719 633 inter
743 570 881 636 rhetores
904 551 1014 636 latinos
1037 591 1067 654 p.
1084 571 1149 637 575
1164 593 1272 658 sqq.,a
1295 595 1327 638 se
1352 576 1432 641 edito
1455 576 1592 641 codicem

148 707 180 722 -.
267 668 598 749 tegernseensem
621 669 711 743 375,
744 693 824 738 nunc
853 667 1065 738 hionacensem
1095 674 1214 752 18375,
1251 677 1402 742 adhibuit:
1433 682 1471 742 cl.
1496 683 1591 764 prael.

268 791 298 854 p.
320 770 399 863 xlv.
422 775 453 835 iu
478 793 513 837 eo
536 783 636 838 autem
659 784 790 858 uterque
809 777 912 841 Rufini
942 781 1177 843 commentarius
1205 789 1274 863 post
1297 782 1442 845 Prisciani
1472 785 1592 854 institu-

267 876 369 962 tiones·
391 885 422 939 et
450 895 573 940 carmen
602 876 638 939 de
672 878 861 960 ponderibus
890 890 921 942 et
948 884 1100 944 mensuris
1129 891 1159 944 et
1188 883 1284 948 libros
1312 885 1347 946 ad
1377 885 1591 971 Symmachum

266 980 397 1060 scriptus
420 989 467 1043 est
488 981 611 1044 saeculo
642 979 770 1048 decimo.
822 981 953 1064 denique
982 1003 1088 1047 versus
1117 984 1216 1048 noane
1246 985 1283 1047 de
1311 991 1531 1069 compositione
1560 1007 1591 1052 ea

265 1084 371 1172 metris
402 1089 555 1147 oratorum
581 1101 597 1144 e
625 1082 728 1147 codice
753 1083 1042 1148 vindobonensi
1064 1083 1172 1150 2521.
1196 1107 1276 1152 saca.
1297 1089 1350 1152 Xll
1373 1090 1446 1153 editi
1468 1069 1538 1156 su'nt
1560 1095 1591 1156 in

225 1213 228 1218 ·
265 1184 411 1248 analectis
426 1187 637 1267 'grammaticis
660 1187 945 1252 vindobonensibos
969 1209 997 1271 p.
1020 1185 1086 1252 252
1108 1207 1186 1272 sqq„
1224 1193 1337 1264 Versus
1358 1195 1466 1268 Batiai
1491 1200 1590 1260 maus-

265 1289 336 1350 dam
359 1290 538 1352 scholastici
557 1292 597 1351 de
612 1291 746 1368 pedibas
774 1293 883 1370 qulbus
911 1299 1041 1356 utantur
1068 1301 1216 1357 oratores.
1263 1297 1353 1358 llaec
1381 1314 1438 1374 ego
1461 1299 1591 1372 Rufinus

264 1394 375 1468 calleat
395 1402 492 1455 mente
519 1394 653 1469 benigna
680 1394 900 1472 discipulisque
923 1397 997 1458 decli
1024 1413 1152 1459 munera
1179 1399 1315 1476 pulchra
1337 1401 1442 1462 libeas.
1490 1401 1590 1464 lilasi·

177 1481 197 1554 '⁴
239 1477 364 1572 ¹pernae
390 1527 425 1544 ·-
449 1497 532 1557 hanc
554 1497 644 1558 docet
664 1495 817 1575 eloquiam
839 1502 950 1562 summi
970 1499 1179 1563 Demosthenis
1200 1509 1308 1564 artem.
1355 1504 1406 1584 qui
1431 1521 1535 1566 versus
1559 1505 1589 1566 in

265 1618 301 1661 eo
324 1597 429 1660 codice
453 1597 558 1662 eadem
583 1590 782 1682 inscriptione
806 1601 905 1664 addita
936 1605 1016 1664 inter
1045 1601 1101 1666 alia
1132 1607 1268 1666 carmina
1300 1607 1407 1692 scripti
1431 1613 1518 1670 sunt:
1551 1607 1589 1671 ci.

263 1701 428 1764 Endlioher
450 1700 518 1762 cod.
542 1701 686 1783 philolog.
711 1701 760 1767 iat.
785 1703 858 1766 bibl.
885 1704 976 1768 natat.
1001 1705 1170 1772 Vindobon.
1194 1727 1224 1789 p.
1250 1703 1322 1770 1t9.

351 1803 462 1868 Verum
489 1803 528 1866 de
556 1804 602 1866 his
631 1804 732 1878 libris,
763 1809 841 1870 sicot
869 1806 905 1870 de
935 1806 1002 1871 aliis
1032 1809 1230 1892 quibusdam.
1263 1830 1341 1893 quos
1369 1831 1449 1874 nunc
1473 1816 1588 1888 omitto,

263 1908 444 1971 accuratius
460 1907 667 1988 quaerendum
692 1927 757 1972 esse
791 1927 851 1972 non
876 1913 1070 1984 existimaui,¹
1089 1920 1251 1996 postquam
1275 1933 1309 1974 ea
1334 1933 1395 1978 uno
1420 1915 1588 1996 eodemque

190 2033 194 2039 ’
262 2010 345 2073 fonte
368 2028 475 2073 omnes
497 2010 646 2075 derivatos
664 2031 729 2075 esse
752 2011 896 2075 intellexi.
938 2023 1035 2096 neque
1060 2015 1168 2078 diversi
1185 2015 1222 2079 ab
1246 2018 1281 2078 iis
1305 1999 1399 2088 libris,
1424 2019 1588 2102 dequibus

263 2111 351 2175 modo
383 2113 459 2186 dixi,
489 2115 607 2194 origine
637 2117 762 2179 luerunt
790 2116 847 2187 iili,
872 2116 984 2197 quibus
1013 2119 1119 2197 quinto
1148 2119 1267 2182 decimo
1296 2120 1417 2183 saecuto
1448 2121 1515 2185 ltali
1539 2127 1586 2186 usi

146 2247 149 2251 ·
263 2225 343 2278 sunt
381 2235 411 2278 ··e
441 2216 551 2300 quibus
585 2218 615 2278 in
650 2223 868 2282 commentario
902 2220 939 2282 de
970 2223 1074 2284 meinis
1107 2222 1292 2284 comicorum
1320 2235 1480 2304 poetarum
1511 2226 1587 2289 aluos

263 2319 486 2383 laurentianos
515 2321 590 2401 plut.
615 2317 667 2392 38,
690 2319 729 2384 21
757 2332 786 2385 et
808 2320 861 2395 47.
888 2323 903 2386 1
929 2345 945 2386 a
969 2323 1118 2387 Bandinio
1142 2325 1228 2389 catal.
1253 2326 1318 2390 cod.
1348 2326 1396 2388 iat
1420 2322 1492 2390 bibl.
1509 2329 1586 2392 Med.
1639 2359 1651 2368 ·

261 2422 405 2486 Laurent.
428 2443 454 2484 r.
479 2424 492 2487 l
515 2444 545 2506 p.
561 2420 625 2486 269
650 2433 679 2486 et
701 2421 764 2488 387
789 2427 959 2508 descriptos
983 2431 1154 2491 accuratius
1178 2429 1356 2502 examinari,
1382 2429 1456 2493 alios
1479 2433 1509 2494 in
1532 2433 1587 2495 Va·

262 2527 358 2590 tisana
381 2524 564 2592 bibliotheca
588 2528 661 2600 vidi,
685 2529 750 2608 Vat.
777 2526 870 2601 1482,
897 2527 988 2600 1493,
1004 2527 1100 2601 2725.
1116 2528 1212 2602 3027,
1236 2521 1440 2596 urbinatis.
1480 2533 1532 2598 sed
1556 2535 1586 2597 hi
1671 2531 1672 2534 ’

173 2705 176 2710 y
233 2613 237 2619 ¹
261 2640 298 2692 et.
316 2630 506 2712 neglegentia
530 2631 725 2724 librariorum
750 2642 780 2698 et
802 2635 903 2717 pravis
926 2633 1084 2704 doctorum
1102 2635 1237 2696 virorum
1261 2635 1478 2698 mutationibus
1501 2636 1585 2700 valde

260 2737 413 2816 cormpti,
437 2727 546 2815 graeca
577 2745 677 2799 autem
702 2735 845 2800 vocabula
869 2737 916 2798 rel
939 2739 969 2798 in
993 2736 1135 2799 omnibus
1163 2734 1207 2798 rei
1238 2739 1268 2799 in
1298 2726 1438 2819 pluribus
1461 2736 1586 2802 omnino

260 2838 370 2900 omissa
394 2838 508 2918 suntl')
555 2845 690 2902 ceterum
715 2840 745 2902 in
769 2841 806 2902 iis
822 2839 916 2910 iocis.
948 2843 978 2904 iu
1009 2840 1121 2923 quibus
1149 2849 1268 2904 veteres
1297 2841 1419 2903 codices
1449 2843 1530 2904 inter
1552 2862 1585 2905 se

260 2940 444 3026 discrepant,
467 2941 499 3004 hi
524 2933 711 3005 recentiores
727 2944 910 3026 scripturam
934 2944 1046 3008 codicis
1064 2943 1192 3006 Parisini
1217 2944 1248 3014 B,
1273 2962 1351 3025 quae
1374 2945 1438 3023 ipsa
1462 2963 1584 3027 quoquc

259 3043 296 3106 ab
320 3047 492 3126 antiquiore
516 3049 661 3108 memoria
685 3046 804 3128 saepius
828 3047 944 3110 deflexa
967 3057 1023 3117 est,
1047 3053 1226 3126 sequuntur.
1346 3115 1351 3124 ,

339 3147 390 3216 Ex
414 3149 471 3212 boe
494 3169 608 3230 genere
632 3149 770 3214 codicum
788 3151 894 3231 quinto
917 3148 1035 3212 decimo
1053 3148 1174 3212 saeculo
1197 3152 1380 3232 scriptorum
1396 3150 1496 3214 liudni
1516 3151 1584 3215 libri

260 3270 319 3314 arua
343 3270 411 3314 cum
437 3251 590 3316 Prisciano
613 3255 744 3334 primum
770 3249 843 3315 editi
868 3262 937 3315 suot
960 3272 986 3316 a.
1013 3250 1096 3316 1470
1119 3253 1262 3333 (Venatiis
1291 3253 1369 3336 apud
1394 3253 1583 3318 Vindelinum

260 3355 456 3437 spirensem).
503 3373 579 3438 quae
604 3356 698 3420 editio
721 3355 832 3418 deinde
855 3357 886 3418 in
909 3356 1037 3438 reliquis
1061 3357 1220 3427 omuibus,
1249 3358 1279 3419 in
1303 3357 1411 3440 quibus
1439 3358 1584 3436 proximis

259 3460 347 3520 annis
370 3467 438 3540 post
460 3458 552 3520 iidem
578 3443 648 3520 iibri
672 3461 762 3522 simul
786 3460 859 3522 aditi
882 3470 961 3530 sunt,
992 3470 1132 3523 accurato
1161 3478 1304 3541 expressa
1328 3469 1382 3522 est.
1403 3465 1410 3472 “
1430 3459 1582 3522 meliorem
1635 3457 1638 3464 “

259 3561 397 3625 codicem
432 3562 548 3643 primus
581 3561 722 3625 adhibuit
756 3565 781 3625 is
812 3565 864 3644 qui
899 3563 1062 3626 editionem
1095 3564 1263 3650 Parisinam
1299 3583 1313 3626 a
1343 3561 1455 3625 lodoco
1489 3564 1584 3626 Radia

198 3655 201 3660 ’
258 3665 402 3728 Ascensio
426 3684 453 3728 a.
472 3661 555 3728 1516
571 3668 681 3754 iactam
698 3669 824 3730 curavit.
863 3668 894 3728 in
911 3685 945 3728 ea
962 3665 1096 3729 editione
1113 3669 1193 3728 enim
1211 3665 1343 3746 piurima
1365 3667 1446 3736 vitia,
1470 3665 1582 3748 quibus

258 3769 377 3850 priores
401 3769 549 3832 editiones
573 3768 752 3853 depravatae
778 3779 873 3842 erant,
907 3767 1039 3839 sublata,
1070 3787 1180 3850 graeca
1205 3767 1363 3839 vocabula,
1393 3787 1470 3850 quae
1494 3777 1582 3831 antea

259 3873 369 3936 omissa
393 3881 489 3944 erant,
515 3874 675 3935 maximam
697 3883 814 3954 partem
838 3874 994 3944 restituta,
1025 3873 1124 3934 omnia
1155 3871 1284 3960 denique
1316 3873 1353 3934 ita
1379 3871 1414 3932 ad
1444 3881 1580 3935 veterum

258 3973 397 4040 codicum
423 3977 605 4056 scripturam
630 3984 769 4039 revocata
792 3985 870 4044 sunt.
894 3986 927 4038 ut
950 3993 985 4037 er
1002 3975 1143 4037 omnibus
1166 3973 1359 4042 editionibus,
1383 3993 1460 4055 quae
1483 3974 1582 4036 athius

259 4079 354 4142 iactae
378 4088 460 4151 sunt,
484 4079 560 4142 haec
584 4097 642 4142 una
659 4081 788 4142 inarime
812 4079 848 4141 ad
873 4079 961 4142 tidem
979 4088 1114 4146 ueterum
1139 4080 1278 4143 codicum
1304 4088 1406 4141 exacta
1424 4079 1472 4140 sit.
1512 4097 1580 4141 nam
1627 4090 1637 4172 j

327 4317 353 4387 Ι1)
373 4320 584 4389 loterpaiatioois
603 4321 723 4390 exempta
745 4321 772 4373 in
790 4320 971 4374 Laut-erationis
996 4321 1130 4373 codicibus
1152 4323 1179 4372 in
1203 4321 1295 4388 primis
1320 4320 1497 4372 mensurabilia
1520 4333 1582 4371 snm

257 4407 328 4471 iraec,
347 4423 414 4472 quae
431 4418 571 4475 propterea
588 4408 639 4459 boo
657 4409 715 4461 ioco
727 4409 859 4470 adnotavi,
879 4409 950 4473 quod
970 4423 1000 4459 ea
1019 4419 1108 4475 postea
1127 4410 1151 4459 in
1174 4409 1242 4458 edita
1256 4408 1415 4474 exemplaria
1435 4419 1581 4473 propagare

257 4507 325 4552 surra,
345 4509 371 4562 p.
383 4495 452 4546 etos
470 4496 520 4544 etsi
538 4492 600 4560 ipra]
620 4497 669 4546 etsi
687 4497 728 4547 oet
745 4497 809 4561 ipsi:
829 4511 854 4562 p..
868 4497 935 4546 aios
954 4497 984 4546 r'd
999 4495 1048 4546 sibi
1066 4497 1153 4562 nepoti
1169 4494 1283 4546 credidit
1300 4495 1380 4546 saltem
1393 4495 1460 4555 dari,
1480 4497 1580 4558 phineae

255 4596 366 4638 scaenae
384 4582 486 4638 slmiles,
505 4594 550 4630 aas
568 4577 662 4646 istaec]
680 4582 708 4632 ht
718 4581 768 4632 sibi
785 4582 881 4647 negotii
898 4583 1013 4633 credidit
1024 4583 1104 4632 solean
1117 4582 1185 4642 dari,
1203 4583 1301 4646 popula
1315 4586 1343 4630 ut
1359 4582 1496 4644 placerent
1514 4595 1580 4645 quas

254 4667 360 4728 ferisset
376 4665 495 4730 fabulas,
521 4681 565 4738 aas
583 4669 672 4724 istaec,
697 4664 730 4717 cl.
749 4665 830 4716 Prisc.
850 4665 882 4715 de
905 4676 978 4720 metr.
997 4665 1060 4716 Ter:
1075 4682 1101 4732 p.
1121 4667 1179 4726 4⁶22,
1200 4667 1246 4716 ¹25:
1272 4666 1306 4717 ib.
1330 4667 1455 4715 maximas
1474 4659 1577 4730 auctor]

255 4755 360 4818 saepius
378 4760 483 4803 auctor:
504 4767 531 4818 p.
551 4751 618 4802 llll
637 4748 769 4820 extendit]
790 4753 890 4803 extrita
908 4749 985 4802 Laur.
1006 4753 1047 4810 d'l,
1067 4755 1088 4808 1,
1108 4759 1214 4802 ecc-tems
1233 4748 1309 4800 Laur.
1329 4747 1370 4813 38,
1391 4751 1423 4799 21
1443 4764 1501 4798 cnm
1520 4749 1580 4798 reli-

257 4839 315 4900 quis
334 4839 421 4888 libris:
440 4839 474 4893 ib.
492 4831 607 4902 concisa]
628 4853 767 4890 conamur
792 4853 818 4904 p.
837 4839 905 4889 tata
924 4838 965 4889 Fl.
988 4833 1085 4902 Caper]
1105 4837 1248 4888 Flauianus
1267 4835 1367 4902 Caper:
1392 4835 1427 4884 ib.
1447 4833 1580 4887 Sacerdos

257 4925 301 4990 qni
318 4930 344 4974 et
364 4918 492 4992 Donatus]
513 4922 645 4976 Sacerdos
664 4925 827 4991 quodetiam
845 4925 932 4977 docuit
951 4923 1076 4975 Donatus.
