3904 5556
343 371 385 436 44
847 375 953 428 hl.lllll
973 375 1162 428 VICTOlilNl

369 476 504 530 permen
523 475 545 521 r.
1480 493 1492 534 p
1517 482 1548 523 ιι,
1568 479 1633 523 arc.

344 565 425 636 loeo,
456 585 532 647 quae
561 567 599 628 sit
622 565 710 628 tursius
735 568 894 646 temporis,
925 577 1054 649 ponatur
1076 567 1115 638 Β,
1144 565 1252 648 longae
1282 577 1380 630 nortem
1410 569 1490 641 loco,
1521 590 1596 654 quac
1622 572 1660 633 sit

344 678 515 750 temporum
540 671 646 740 duum,
673 669 726 731 M:
751 669 808 730 hoc
828 669 911 740 ideo,
936 679 969 732 ut
990 691 1045 754 per
1069 671 1185 734 litteras
1207 671 1312 753 regula
1335 672 1444 753 pedum
1462 674 1548 736 lacile
1571 674 1659 737 intel·

342 773 471 854 legatur.
517 793 571 855 pos
594 781 693 836 autem
708 773 804 836 dictus
828 783 888 846 est,
912 775 973 837 sive
996 778 1064 857 quia
1089 793 1159 856 pars
1182 793 1343 839 mensurae
1366 785 1396 839 et
1417 778 1524 841 modus
1539 779 1659 860 quidam

342 875 480 942 similiter
504 895 557 960 pes
572 886 710 947 vocatur,
734 879 796 940 sive
813 879 880 961 qttia
897 881 928 940 in
951 881 1146 960 percussione
1170 882 1294 943 metrica
1310 879 1398 962 pedis
1419 880 1523 963 pulsus
1538 883 1660 964 ponitur

342 980 532 1065 tolliturque,
555 999 609 1043 seu
625 983 709 1063 quia,
733 989 766 1044 ut
788 1001 844 1045 nos
859 982 988 1064 pedibus
1004 986 1114 1048 nostris
1129 983 1317 1066 ingredimur
1333 985 1686 1068 atque.progro‹timur,s

341 1087 383 1148 ita
414 1095 444 1148 et
465 1103 570 1148 versus
599 1104 654 1168 per
676 1085 731 1149 hos
760 1087 853 1167 pedes
876 1089 1018 1150 metricos
1047 1087 1185 1170 procedit
1213 1097 1243 1150 et
1269 1087 1397 1172 scandit
1441 1091 1521 1152 inter
1551 1091 1659 1172 pedem

342 1198 441 1252 autem
467 1197 496 1251 et
519 1188 693 1271 rhythmum
716 1189 774 1252 hoc
789 1191 929 1262 interest,
954 1189 1033 1274 quod
1057 1211 1111 1274 pes
1134 1193 1199 1256 sine
1215 1191 1355 1276 rhythmo
1379 1211 1445 1256 esse
1468 1210 1528 1255 non
1552 1201 1658 1276 potest,

341 1293 501 1375 rhythmus
524 1301 623 1356 autem
655 1295 720 1356 siue
742 1293 820 1375 pede
843 1294 989 1361 decurrit.
1035 1313 1095 1358 non
1125 1297 1203 1358 enim
1233 1295 1413 1378 gradiuntur
1441 1296 1518 1359 mele
1548 1297 1658 1378 pedum

343 1396 563 1468 mersionibus,
587 1395 639 1460 sed
663 1397 811 1479 rhythmis
833 1397 919 1460 liunt.

429 1499 524 1564 Pedes
548 1502 641 1581 igitur
669 1500 821 1581 simplices
850 1509 921 1564 sunt
943 1502 1116 1576 duodecim,
1147 1505 1198 1585 cyui
1220 1503 1391 1586 procedunt
1419 1505 1658 1592 adcrescuntque
1674 1528 1698 1568 ιο

341 1621 357 1666 a
381 1602 497 1667 duabus
520 1602 640 1686 syllabis
664 1605 700 1666 ad
724 1613 801 1678 tres,
830 1607 901 1668 item
925 1623 944 1667 a
968 1605 1086 1668 duobus
1110 1607 1296 1690 temporibus
1319 1607 1356 1670 ad
1379 1626 1443 1671 sex.
1485 1628 1520 1671 ex
1550 1607 1658 1692 quihus

319 1759 322 1766 .
341 1704 479 1789 disyllabi
503 1707 621 1788 quidem
645 1717 788 1791 quattuor
810 1711 903 1772 dietim
926 1713 973 1772 oct
986 1714 1077 1774 trium
1099 1717 1146 1774 vet
1164 1721 1308 1790 pernduor
1330 1721 1501 1794 temporum
1519 1715 1657 1776 existunt.

341 1829 470 1891 quorum
494 1815 634 1894 princeps
658 1823 686 1875 et
709 1821 815 1876 auctor
837 1814 1023 1897 pyrrichius,
1048 1818 1099 1897 qui
1124 1825 1153 1879 ot
1175 1815 1348 1897 pariamhus
1371 1826 1401 1879 et
1423 1803 1584 1901 dihrachys
1606 1836 1658 1898 ap·

341 1913 482 1996 pellatur:
507 1914 560 1978 scd
582 1915 755 1996 pariambus
778 1916 861 1989 idco,
886 1916 964 2001 quod
988 1921 1087 1980 minus
1108 1917 1217 1983 habeat
1240 1938 1332 1982 unnim
1356 1931 1476 2002 tempus
1499 1920 1536 1983 ab
1558 1920 1658 1982 iambo

342 2016 447 2099 (nepai
469 2019 550 2082 enim
573 2019 679 2108 Graeci
703 2022 800 2084 minus
823 2021 1137 2106 dieunt),·subsistens
1161 2043 1176 2086 e
1196 2022 1314 2086 duabus
1337 2021 1341 2104 Ι
1368 2023 1520 2097 breuibus,
1545 2032 1577 2086 ut
1592 2023 1657 2095 dea,
1673 2045 1699 2086 ιι

342 2132 512 2203 temporum
542 2123 645 2186 duum.
691 2125 729 2185 ita
761 2128 841 2187 enim
872 2129 948 2189 ratio
972 2128 1125 2208 exposcit,
1155 2133 1187 2188 ut
1216 2147 1232 2190 a
1262 2126 1344 2190 brevi
1373 2131 1459 2209 origo
1489 2135 1658 2210 temporum

341 2229 491 2309 eoeperit,
517 2229 627 2309 quippe
644 2247 712 2291 cum
730 2230 864 2293 eiusdem
880 2232 1044 2310 geminatio
1059 2229 1181 2310 longum
1198 2231 1304 2315 iecerit
1320 2240 1451 2315 tempus,
1476 2230 1556 2294 haud
1572 2230 1659 2294 aliter

341 2348 430 2412 quam
455 2333 486 2394 in
510 2315 660 2394 numeris:
686 2333 796 2395 etenim
821 2351 857 2394 ex
874 2352 934 2396 uno
950 2331 1163 2416 multiplicato,
1187 2333 1279 2398 reluti
1295 2335 1460 2418 primordio
1484 2355 1519 2398 ac
1534 2338 1657 2408 semine,

340 2433 449 2512 reliqui
472 2437 648 2514 gignuntur.
692 2438 921 2500 necimmerito
945 2435 1129 2523 assGreeeis
1152 2438 1201 2502 hio
1225 2458 1289 2521 pes,
1313 2447 1346 2501 ut
1368 2448 1473 2503 auctor
1497 2450 1527 2502 et
1548 2459 1658 2522 parens

339 2536 543 2618 reliquorum,
565 2530 704 2630 ἡγεμών
728 2539 847 2603 dicitur.
892 2542 1063 2622 pyrrichius
1086 2551 1186 2605 autem
1210 2562 1226 2606 a
1250 2541 1341 2606 celeri
1364 2554 1447 2606 motu
1471 2563 1506 2607 ac
1521 2563 1657 2616 recursu,
1672 2545 1726 2604 m'

339 2643 445 2725 quiin
470 2641 611 2725 pyrricha
626 2642 771 2717 habetur,
795 2653 987 2725 nuncupatus
1011 2653 1063 2708 est.
1109 2645 1180 2708 huic
1203 2648 1372 2710 contrarius
1399 2655 1445 2710 est
1466 2647 1659 2730 spondeuse

340 2743 456 2808 duabus
479 2746 593 2825 longis,
616 2754 649 2809 ut
671 2766 773 2828 reges,
804 2757 974 2831 temporum
998 2757 1154 2831 quattuor.
1186 2748 1282 2812 dictus
1305 2771 1321 2814 a
1344 2760 1443 2814 tractu
1467 2762 1572 2815 cantus
1595 2754 1658 2815 eius

340 2851 390 2932 qui
413 2867 468 2931 per
490 2847 595 2930 longas
610 2849 699 2912 tibias
721 2853 752 2913 in
775 2851 898 2935 templis
914 2851 1154 2936 supplicantibus
1178 2853 1285 2916 editur.
1317 2855 1396 2918 unde
1420 2865 1451 2917 et
1473 2856 1657 2938 spondauiae

339 2950 529 3036 appellantur
563 2955 614 3034 qui
647 2954 737 3018 lunius
769 2955 851 3018 modi
885 2955 974 3019 tibias
1007 2957 1113 3020 inllare
1147 2957 1320 3021 adsuerunt.
1366 2978 1494 3042 quorum
1530 2969 1657 3042 uterque

340 3057 538 3140 quantumin
562 3059 622 3121 arsi
645 3068 762 3122 tantum
785 3061 897 3123 retinet
918 3062 948 3122 in
972 3061 1060 3122 thesi.
1105 3071 1135 3122 at
1158 3063 1210 3143 qui
1233 3083 1249 3123 e
1272 3060 1356 3124 brevi
1385 3063 1480 3144 prima
1513 3073 1698 3145 sequentem

339 3158 452 3243 syllaba
476 3161 564 3241 longa
589 3162 752 3242 digeritur,
777 3165 835 3226 erit
857 3165 975 3228 iambus
991 3174 1162 3246 temporum
1186 3168 1293 3238 trium,
1320 3175 1352 3228 nt
1374 3185 1484 3247 parens
1505 3161 1571 3229 ἀπὸ
1593 3170 1656 3230 τοῦ

339 3261 516 3347 ἰαμβίζειν,
532 3263 561 3326 id
576 3275 621 3327 est
634 3265 823 3340 maledicere,
841 3268 919 3350 quod
937 3269 966 3330 in
982 3267 1118 3332 iambicis
1131 3267 1309 3351 plerumque
1327 3269 1462 3333 versibus
1474 3274 1655 3352 reperimus,
1728 3305 1732 3310 ·

339 3368 384 3430 rel
407 3361 474 3430 sind
497 3367 560 3431 τοῦ
583 3363 670 3432 ἰέναι
693 3363 820 3452 liuidum:
847 3390 863 3434 a
887 3371 972 3434 brevi
988 3374 1068 3434 enlm
1092 3374 1246 3455 proiectus
1262 3392 1316 3453 per
1338 3371 1457 3454 longam
1477 3377 1653 3456 porrigitur.

338 3471 409 3535 huic
432 3475 603 3536 contrarius
626 3473 803 3548 trochaeus,
834 3475 931 3538 dictus
955 3497 970 3539 a
994 3495 1085 3538 cursu
1109 3488 1138 3538 et
1161 3475 1315 3539 celeritate
1340 3479 1422 3556 (nam
1446 3474 1567 3560 τρόχος
1588 3471 1655 3540 ἀπὸ

408 3752 441 3803 10
458 3750 541 3802 Pedes
559 3753 638 3819 igitur
656 3779 689 3790 -
707 3755 750 3814 48,
764 3755 937 3829 ‘23¹lrenneus
960 3751 1062 3808 Terent.
1082 3755 1172 3807 illunc.
1190 3756 1373 3807 reso-15⁶5

408 4010 528 4078 llongae
541 4011 745 4079 oritemslongn
758 4025 843 4064 etitem
858 4013 919 4065 AB
966 4014 1086 4082 lpulsns
1099 4031 1168 4070 corr.
1182 4013 1330 4081 pulsusA,
1360 4009 1608 4082 roigt2u1·]ergolt

233 4125 234 4128 ,
338 4091 399 4130 sirnt
415 4079 551 4133 duodecim
573 4093 634 4146 snm
652 4082 674 4132 A
746 4085 776 4132 11
800 4084 859 4134 item
872 4098 887 4132 n
900 4083 1002 4134 duobus
1016 4082 1146 4150 Berpkirm
1158 4087 1184 4136 in
1196 4086 1405 4136 commentatione
1418 4085 1566 4136 academica
1577 4084 1654 4136 bene-

333 4149 389 4212 ficii
402 4149 617 4218 Morperperinni
632 4153 686 4218 lepe
699 4153 770 4201 edito
783 4152 846 4204 Hal.
859 4170 884 4208 α.
899 4155 968 4204 1863
980 4171 1007 4220 p.
1021 4157 1038 4203 6
1056 4156 1115 4206 item
1133 4154 1236 4205 duobus
1254 4153 1279 4204 A
1291 4151 1342 4209 Βς
1412 4155 1443 4204 12
1461 4153 1581 4218 dtsyttoht
1599 4155 1656 4216 quti-

337 4217 394 4268 dem
409 4218 467 4287 (rid,
480 4221 504 4272 li.
517 4237 540 4272 e.
556 4219 661 4285 quidem
675 4219 698 4270 A
719 4221 788 4285 quod
802 4234 820 4277 ς
833 4221 869 4287 Β)
889 4233 1010 4285 qrrnttuor
1023 4237 1169 4292 temporum
1188 4223 1213 4274 A
1225 4222 1249 4272 B
1261 4234 1278 4278 ς
1296 4221 1416 4287 disyllnhi
1429 4233 1551 4286 quattuor
1563 4223 1653 4286 duum,

338 4288 414 4338 trium
433 4301 458 4340 et
480 4299 603 4354 quattuor
627 4301 769 4356 temporum
791 4291 890 4343 Caesar
900 4308 963 4344 neue.
978 4293 1085 4348 rhenan,
1099 4311 1123 4348 a.
1141 4293 1183 4344 VI
1196 4309 1221 4346 a.
1236 4293 1304 4342 1848
1315 4307 1342 4357 p.
1357 4293 1406 4342 1⁵9
1429 4290 1552 4355 disyllabi
1570 4291 1653 4358 pedes

337 4367 468 4420 quattuor,
492 4359 536 4424 qui
555 4359 634 4410 duum
659 4357 697 4408 rel
720 4361 798 4410 trium
820 4361 859 4410 vel
883 4371 1005 4424 quattuor
1023 4373 1167 4430 temporum
1189 4359 1318 4425 Berpktus
1406 4362 1438 4412 13
1456 4361 1608 4428 pyrricheus
1627 4361 1652 4412 A

415 4430 447 4480 16
467 4440 610 4496 temporum
629 4441 776 4498 tempopprp
794 4429 908 4497 eoeperit
926 4433 950 4482 A
1039 4433 1071 4483 21
1090 4433 1135 4496 qiri
1153 4433 1179 4481 in
1199 4429 1319 4498 pyrriche
1338 4444 1355 4478 a
1373 4429 1417 4491 qui
1436 4429 1461 4479 in
1481 4429 1609 4496 pyrrnoha
1627 4431 1652 4480 A

342 4504 399 4556 Vol.
419 4520 485 4568 quine
503 4509 528 4555 in
550 4505 670 4572 pyrricha
689 4507 714 4558 B
737 4508 782 4572 qui
801 4507 827 4556 in
846 4507 976 4574 pyrrichio
995 4522 1012 4565 ς
1086 4511 1119 4561 '23
1138 4510 1163 4559 in
1182 4507 1285 4576 templis
1304 4521 1320 4556 n
1338 4504 1545 4574 supplicantibus
1568 4507 1654 4558 editur

337 4569 478 4626 Salmasius
496 4577 521 4626 in
540 4575 599 4626 tue.
620 4578 688 4643 Anp.
705 4579 796 4642 script.
815 4592 843 4642 p.
863 4579 915 4628 493
933 4580 974 4631 ed.
994 4579 1081 4630 Poris.
1101 4596 1125 4629 o.
1148 4582 1229 4630 roto:
1252 4578 1287 4641 es.
1309 4575 1412 4628 Terent.
1431 4579 1510 4629 13⁷⁷.
1522 4577 1605 4630 Dicin
1623 4594 1652 4643 p.
1686 4631 1691 4639 ,

339 4643 432 4702 476,8
502 4643 664 4710 spoudnulne
682 4645 822 4696 Salmasius
844 4649 860 4700 l.
879 4663 903 4699 c.
926 4646 1070 4712 spondulae
1090 4647 1192 4705 ΑΒςι
1215 4649 1251 4711 cs.
1274 4659 1346 4710 corp.
1370 4645 1450 4700 inser.
1471 4661 1512 4709 pr.
1531 4663 1553 4698 n.
1574 4645 1610 4697 II
1625 4663 1652 4712 p.

338 4713 388 4761 err
407 4729 431 4761 n.
450 4715 530 4766 toea.
548 4715 719 4780 spondianlae
738 4717 777 4766 uel
799 4713 982 4768 onovdnoine
1004 4719 1152 4768 coniecerat
1172 4718 1202 4768 G.
1224 4717 1245 4766 Ι.
1270 4715 1376 4766 Vereins
1398 4718 1497 4782 etpmot.
1522 4717 1583 4782 linp.
1606 4717 1652 4767 lot.

335 4797 363 4846 p.
383 4783 432 4832 48⁷
451 4783 616 4848 spondinuloi
635 4788 675 4836 uel
691 4783 847 4852 spondauloi
871 4785 1002 4836 Turnebus
1020 4789 1123 4838 advene.
1144 4785 1236 4836 XVII
1254 4787 1287 4834 20
1307 4799 1334 4847 p.
1354 4787 1406 4835 525
1479 4786 1512 4835 25
1530 4797 1557 4834 at
1575 4785 1619 4848 qui
1639 4801 1653 4836 e

337 4874 409 4925 loreui
427 4889 444 4931 ς
461 4876 518 4927 Vol.
539 4863 609 4943 atqui
628 4879 700 4929 breui
719 4880 744 4930 A
763 4889 840 4944 atque
858 4879 930 4930 breui
949 4879 974 4929 B
1037 4881 1070 4931 26
1088 4881 1214 4948 digeritur
1233 4881 1288 4936 Ae
1306 4877 1464 4946 dirigiturB
1527 4881 1560 4930 rt
1580 4895 1653 4950 repe·

337 4945 417 4994 rimus·
436 4943 463 4994 B
475 4961 492 4996 α
508 4947 596 5004 Vale·
614 4949 778 5015 reperiturA
849 4950 883 5000 28
901 4965 947 5016 per
966 4949 1025 5015 (pro
1044 4965 1114 5001 corr.
1132 4966 1178 5016 per
1197 4949 1234 5013 A)
1252 4949 1360 5016 longum
1381 4948 1471 5005 ΑΒς
