3904 5556
383 323 427 390 64
884 327 993 380 itanu
1010 325 1205 384 VICTORINI

409 435 432 482 μ
446 427 504 469 eaor.
517 428 531 469 s
546 424 569 469 v.
1522 445 1543 488 p.
1561 434 1638 476 sa-sa
1652 432 1679 475 u.

384 515 464 599 quod
494 517 627 600 adaeque
656 526 688 579 ut
717 535 809 600 supra
838 535 894 601 per
917 515 992 580 duas
1019 521 1137 602 speeies
1161 520 1306 583 variatum
1329 529 1389 590 est,
1420 519 1558 602 dactylici
1583 533 1613 586 et
1634 541 1705 586 ana·

384 623 519 702 paestici,
536 632 566 685 et
581 621 648 684 ideo
665 615 824 704 doodvup',
841 621 871 682 id
889 631 935 684 est
950 621 1081 688 duarum
1093 622 1252 703 amplexio,
1270 630 1448 688 tetrasemos
1463 635 1565 688 autern
1581 635 1705 709 propter

384 734 525 808 quattuor
542 737 687 808 tempora,
710 724 821 806 quibus
837 734 964 809 uterque
980 744 1033 807 pes
1050 727 1231 800 extenditur,
1248 725 1426 810 appellatur,
1449 730 1546 810 quiin
1563 731 1704 812 coniuga-

384 833 496 893 tionem
513 830 643 912 copulati
664 829 805 892 octasemi
826 829 912 892 fiunt.
942 829 1117 894 observabis
1133 841 1233 896 autem
1249 833 1281 894 in
1299 831 1356 894 hac
1371 834 1472 910 specie
1488 851 1610 915 semper
1631 832 1705 896 duas

384 936 490 996 breves
506 943 558 996 aut
577 933 700 996 adicere
722 941 774 996 ant
789 933 957 1004 detrahere,
979 934 1100 1016 longam
1115 954 1216 1015 unam,
1238 939 1308 1018 quia
1325 944 1372 998 est
1388 945 1517 1016 uterque
1535 955 1589 1020 pes
1606 935 1733 1019 misal-a

286 1031 294 1048 “
383 1036 477 1100 labos.
501 1040 590 1100 tortia
604 1031 774 1119 inanienti
789 1047 834 1100 est
849 1041 878 1100 io
895 1039 1002 1103 ionicis
1018 1039 1137 1104 duobus
1153 1051 1182 1103 et
1195 1029 1376 1103 'frixoriambo
1392 1047 1421 1102 et
1437 1041 1610 1120 antispasto,
1628 1059 1703 1121 quae

382 1135 566 1222 rexpedcnp'
588 1139 763 1205 hexasemos
780 1143 907 1215 dieitur,
931 1142 961 1204 id
978 1149 1024 1205 est
1039 1142 1189 1226 amplexio
1206 1142 1333 1224 quadra:
1359 1152 1500 1224 quattuor
1516 1145 1595 1208 enim
1612 1143 1704 1226 podes

358 1243 440 1307 sihi
465 1253 568 1306 mutuo
597 1255 815 1320 conectuntur;
843 1245 1034 1326 temporibus
1063 1254 1161 1310 autem
1191 1265 1242 1310 sex
1272 1257 1421 1311 constant.
1469 1265 1536 1310 nam
1568 1265 1637 1308 carm
1665 1249 1705 1308 sit

383 1347 431 1409 hio
456 1365 559 1412 versus
581 1349 673 1412 ionici
696 1351 836 1422 minoris,

673 1453 727 1516 dea
752 1453 821 1516 iecit
844 1455 899 1517 dea
922 1452 993 1516 belli
1017 1452 1196 1516 dominatrix
1222 1455 1371 1536 Phrygas,
1389 1455 1401 1539 ΙΙ

382 1555 497 1618 adiecta
521 1554 609 1637 longa
633 1557 666 1619 nv
689 1556 930 1629 choriambioou,
955 1566 987 1620 ut

652 1679 707 1723 eur
731 1659 784 1724 dea
809 1662 881 1724 iecit
904 1661 958 1723 dea
984 1648 1065 1722 betti'
1080 1661 1260 1724 dominatrix
1285 1661 1436 1744 Phrygas:

381 1779 488 1826 rursus
511 1761 627 1827 adiecta
652 1762 708 1826 alia
733 1761 821 1845 longa
845 1764 954 1827 alliciet
977 1765 1110 1828 ionicum
1134 1767 1278 1828 maiorem
1300 1767 1361 1837 sio,

614 1865 674 1930 hoc
697 1885 751 1930 our
774 1867 828 1930 dea
853 1869 925 1930 lecit
948 1867 1003 1931 dea
1027 1866 1099 1930 belli
1123 1869 1304 1931 dominatrix
1328 1868 1479 1951 Phrygas:

381 1970 451 2031 item
476 1967 604 2032 adiectio
627 1969 727 2033 brevis
750 1979 887 2053 quartam
910 1973 1042 2054 speciem
1066 1973 1097 2033 in
1120 1971 1196 2053 pede
1219 1973 1384 2055 antispasto
1409 1971 1580 2054 procreabit
1603 1975 1655 2044 ita,
1719 1987 1745 2026 ¹⁵

404 2139 411 2155 ,
579 2083 609 2136 et
636 2074 694 2138 hoo
717 2094 772 2139 our
795 2074 849 2139 dea
879 2076 949 2138 iecit
973 2074 1027 2138 dea
1054 2073 1125 2162 belli
1149 2073 1331 2139 dominatrix
1359 2075 1502 2158 Phrygas.

381 2175 513 2260 adaeque
536 2186 566 2240 et
588 2177 636 2240 bio
658 2197 764 2242 versus
787 2179 867 2260 apud
889 2178 1063 2249 Horatium,

466 2283 695 2345 miserarum
720 2290 776 2346 est
798 2300 920 2365 neque
944 2283 1061 2344 amori
1085 2282 1173 2344 clare
1196 2280 1321 2345 ludum
1345 2301 1465 2365 neque
1492 2282 1613 2366 dulci,

380 2392 498 2448 constat
519 2405 556 2448 ex
580 2385 678 2448 ionico
701 2387 832 2449 minore:
867 2385 937 2447 huie
959 2387 984 2448 si
1007 2385 1194 2467 copulaveris
1217 2384 1347 2467 longam,
1372 2387 1429 2448 orit
1452 2387 1700 2458 choriambicum,

509 2507 598 2570 qvvam
622 2493 803 2552 miserarum
827 2499 992 2568 estusque
1016 2489 1110 2551 amori
1133 2490 1205 2552 dare
1228 2488 1331 2552 ludum
1355 2509 1452 2572 neque
1476 2490 1569 2552 dulci:

380 2593 451 2655 item
474 2591 563 2672 longa
587 2591 643 2654 alia
667 2595 801 2675 apposita
825 2593 897 2655 lacit
919 2594 1053 2655 ionicum
1076 2593 1238 2669 maiorem,
1262 2603 1297 2655 ut

485 2714 504 2756 o
527 2713 616 2777 quam
641 2699 821 2760 miserarum
845 2705 891 2758 est
914 2715 1012 2779 neque
1035 2699 1131 2759 amori
1160 2696 1232 2760 dare
1253 2695 1360 2760 ludum
1385 2715 1483 2778 neque
1506 2696 1602 2759 dulei:

379 2798 480 2862 brevis
503 2809 602 2862 autem
626 2797 760 2882 praelata
784 2801 979 2882 antispastum
1002 2799 1178 2864 informabit
1199 2801 1258 2870 sic,

466 2910 496 2965 et
518 2921 536 2965 ο
559 2921 649 2985 quam
673 2904 852 2966 miserarum
876 2915 922 2967 est
944 2922 1043 2986 neqvve
1066 2905 1160 2967 amori
1184 2905 1256 2967 dare
1280 2903 1382 2967 ludum
1407 2923 1504 2987 neque
1528 2905 1617 2968 dulci.

378 3006 414 3068 ad
438 3025 587 3069 summam
610 3009 707 3070 omnis
725 3003 894 3088 ἐπιπλοκή
917 3009 1048 3089 propriis
1069 3007 1196 3088 pedibus
1219 3007 1299 3070 nulla
1323 3009 1548 3072 intermixtione
1570 3007 1697 3071 aliorum
1714 3030 1743 3068 aa

378 3108 546 3173 subsistens
569 3111 631 3173 suis
655 3127 750 3191 usquo
774 3110 810 3172 ad
833 3108 971 3173 ultimum
995 3110 1125 3192 pedibus
1150 3114 1152 3194 i
1179 3111 1400 3175 terminabitur.
1437 3113 1485 3174 sin
1507 3121 1607 3175 antem
1623 3112 1700 3176 alios

378 3214 546 3286 admiserit,
577 3214 750 3276 variabitur.
797 3232 865 3276 nam
896 3213 1041 3277 familiare
1070 3224 1116 3277 est
1143 3217 1279 3296 utrisque
1312 3215 1416 3279 ionicis
1446 3215 1616 3280 trochaicus
1639 3216 1697 3278 sibi

378 3317 464 3380 bases
502 3318 679 3382 admiscere.
726 3335 799 3399 ergo
832 3319 984 3380 dacorum
1018 3314 1209 3396 μονοειδές,
1249 3320 1375 3382 mixtum
1410 3330 1509 3382 autern
1544 3312 1700 3402 ὁμοειδές

378 3420 543 3484 vocabitur.

685 3630 733 3692 DE
756 3629 862 3694 tutti:
885 3629 970 3692 SIVE
994 3627 1185 3694 lNClSlONE
1210 3627 1385 3702 VERSYVbl

465 3783 628 3847 incisiones
652 3788 741 3848 etiam
765 3803 921 3856 versuum,
951 3804 1025 3867 quas
1049 3785 1156 3848 Graeci
1178 3775 1282 3867 τομάς
1304 3793 1426 3856 νυοαιιι,
1451 3792 1519 3847 ante
1542 3785 1640 3848 otnnia
1665 3786 1696 3846 in

378 3888 553 3951 lxexavnetro
570 3888 665 3951 heroo
687 3890 858 3955 necessario
879 3889 1085 3952 observandae
1101 3884 1114 3973 ΙΙ
1131 3899 1201 3952 sunt
1225 3889 1332 3968 (omnis
1356 3890 1435 3951 eninr
1452 3906 1556 3951 versus
1581 3890 1609 3950 iu
1634 3888 1693 3950 aluo

377 3990 441 4054 cola
465 3992 642 4056 formandus
665 3993 735 4074 esti:
766 3995 818 4074 qui
844 3992 956 4055 herous
979 3993 1154 4056 hexameter
1177 3993 1284 4054 merito
1307 3990 1541 4074 nuncupabitur,
1566 3993 1590 4055 si
1614 4011 1696 4054 com·

377 4099 493 4178 petenti
518 4097 697 4158 divisionum
721 4097 838 4160 ratione
861 4096 1031 4160 dirimatur.
1077 4115 1128 4158 sex
1158 4099 1239 4158 enim
1262 4095 1373 4177 pedum
1397 4098 1553 4178 percussio
1576 4114 1695 4158 versum

445 4304 640 4357 advocatores
659 4329 693 4340 -
712 4305 753 4365 65,
768 4305 802 4355 28
820 4303 875 4354 inre
894 4319 924 4354 nc
943 4304 1034 4354 merito
1054 4303 1161 4370 vvegobis
1188 4301 1291 4354 Terent.
1310 4293 1408 4356 Maur.¹
1420 4307 1484 4354 1669
1496 4333 1529 4346 -
1543 4305 1611 4354 1704

376 4376 409 4427 32
430 4377 514 4424 omanis
533 4399 565 4412 -
584 4373 737 4424 formandus
756 4385 795 4423 est
811 4390 839 4440 p.
859 4376 941 4439 61,1.
961 4377 1001 4438 70,
1016 4375 1048 4423 16

446 4561 561 4632 lquod]
582 4565 627 4629 qnl
646 4562 671 4614 B
753 4562 909 4614 'ltetradice
927 4576 1064 4613 exasemos
1085 4563 1109 4612 Α
1192 4559 1371 4614 8constatB
1454 4563 1486 4613 10
1507 4557 1567 4629 dra]
1591 4561 1695 4616 Terent.

376 4632 464 4686 Μαιιν.
488 4638 557 4686 2666
580 4635 606 4685 in
629 4634 743 4684 carmine
766 4633 804 4682 sio
822 4645 869 4692 est,
893 4631 1033 4683 Diomeden
1058 4631 1135 4680 modo
1155 4647 1277 4698 magnum
1300 4629 1353 4680 Dee
1371 4628 1431 4680 lecit
1448 4645 1504 4698 app.
1593 4634 1625 4683 la
1643 4632 1696 4682 alin

375 4703 470 4770 lovagae
488 4706 514 4757 A
601 4697 818 4765 dimiseranum]
842 4701 909 4754 Hor.
931 4717 1009 4752 marna.
1029 4699 1141 4751 11112.
1169 4701 1251 4767 adp.
1271 4701 1439 4751 2538.25{›'8
1525 4699 1559 4750 28
1582 4701 1696 4757 bonose

376 4773 445 4823 basis
465 4773 530 4824 AB
582 4770 957 4834 siucernmsspuoereAB
1009 4771 1041 4820 at
1061 4765 1270 4822 ΤΟΜΟΕΑΒ
1325 4767 1484 4826 οιῃιιίιιςΒ
1504 4771 1583 4820 nivini
1603 4785 1695 4821 omnes

379 4843 438 4896 Vol.
491 4845 526 4894 st
546 4857 593 4892 sex
613 4843 681 4892 enim
701 4840 794 4906 pedum
815 4841 949 4907 percussio
963 4849 1071 4888 uretrnxn
1085 4839 1190 4902 nitidem
1204 4839 1390 4896 lrexvnnotrnna,
1411 4852 1463 4890 tlon
1479 4851 1563 4889 tumen
1576 4837 1695 4896 heroum,

375 4925 451 4974 quaem
470 4913 571 4978 epirum
590 4911 709 4968 dicimus,
729 4925 841 4970 versantu,
861 4911 882 4958 si
902 4908 984 4974 legem
1009 4908 1118 4958 ii'eilins
1138 4909 1169 4958 Ν.
1187 4909 1277 4959 vabro.
1294 4909 1317 4970 s,
1339 4909 1428 4960 Philnl.
1447 4925 1472 4960 n.
1491 4909 1559 4960 1862
1576 4925 1603 4974 p.
1624 4913 1676 4960 315
