3866 5562
667 251 1041 373 cannamomum
1064 291 1090 351 4,
1109 293 1191 342 1-11
1308 344 1313 350 ,
1518 283 1583 350 519

259 393 281 433 p.
295 381 354 423 iili
368 376 470 424 ⁴21².
631 383 634 388 '
1346 408 1349 414 .
1408 397 1430 435 p
1446 386 1492 428 iii·
1504 385 1585 429 utcu

258 471 316 532 tica
341 479 466 552 propter
488 469 622 534 iambum
646 469 769 552 pedem,
803 475 895 534 ‘nou
919 478 969 533 ut
979 470 1022 533 de
1045 471 1134 534 sede
1156 473 1320 536 secunda
1344 473 1499 538 cederet
1523 487 1587 538 aut

258 578 427 656 quarta',
456 574 486 636 id
519 583 565 637 est
586 571 647 638 non
671 574 852 656 permittens
880 573 1016 656 spondeo
1038 583 1158 657 partem
1181 567 1344 640 secundam
1368 576 1415 638 vel
1438 587 1586 661 quartam.

205 691 210 698 ·
258 685 361 739 sextae
383 678 562 760 partisideo
585 696 647 740 non
669 679 954 750 iccitmentionem,
979 679 1131 758 quoniam,
1154 681 1234 741 sicut
1257 690 1326 742 ante
1350 681 1430 752 dini,
1454 682 1491 744 de
1507 682 1585 763 pado

258 781 420 843 nonsaimo
435 780 518 843 nulla
534 783 614 843 ratio
638 788 694 843 est.
740 780 905 856 notandum
929 791 1031 843 tamen
1055 781 1202 862 estquod
1226 783 1403 862 frequenter
1426 781 1585 848 docuimus
1654 803 1658 808 ·

231 893 385 967 iexcepto
414 882 562 965 dactylico
591 891 621 945 et
643 883 709 946 eius
730 882 892 965 speciebus
921 892 1025 946 cetera
1048 873 1148 946 omnia
1173 891 1268 946 metra
1291 903 1348 965 per
1371 886 1515 967 dipodlan
1539 887 1584 952 vel

189 1059 193 1066 ¹
257 991 409 1070 syzygian
421 985 536 1058 mandi,
559 989 637 1048 sicut
660 985 724 1067 ipse
742 985 883 1049 Horatius
906 986 1004 1058 docet,
1029 987 1102 1048 ‘nou
1124 994 1160 1049 ut
1182 985 1220 1048 de
1243 985 1315 1049 sede
1338 988 1471 1052 secunda
1495 991 1584 1053 cede-

256 1099 304 1154 ret
325 1100 377 1154 aut
399 1087 507 1170 quarta
530 1089 707 1162 socialiter’‚
736 1088 767 1152 ld
791 1097 836 1152 est
859 1091 992 1152 sociatus
1015 1097 1045 1151 et
1068 1086 1227 1174 copulatus
1250 1108 1318 1152 cum
1342 1090 1438 1158 altero
1462 1092 1500 1155 de
1523 1090 1584 1156 illis

255 1192 372 1256 scillcet
398 1177 557 1275 quattuor,
589 1211 665 1274 quos
693 1211 783 1276 supra
812 1193 902 1256 docui
930 1211 1000 1256 cum
1031 1191 1166 1272 spondeo
1189 1193 1221 1254 in
1240 1191 1246 1275 Ι
1266 1193 1429 1257 iambicum
1444 1207 1583 1273 ,metrum

255 1297 427 1360 convenire.
473 1298 586 1360 distant
609 1307 709 1359 tamen
731 1299 811 1359 inter
833 1315 867 1359 se
888 1296 947 1359 hae
975 1297 1093 1378 species
1116 1293 1240 1358 iambici
1265 1299 1369 1367 metri,
1395 1317 1470 1380 quos
1492 1315 1583 1378 supra

216 1409 242 1451 1⁰
255 1403 352 1482 posui.
376 1419 433 1463 usu
459 1399 580 1482 pedum.
626 1417 695 1462 narn
718 1392 749 1461 in
774 1401 900 1480 tragico,
924 1409 958 1462 ut
980 1397 1071 1462 altius
1094 1401 1144 1470 sita
1176 1399 1305 1481 spondei
1328 1401 1505 1483 frequenter
1529 1422 1582 1484 po·

256 1511 382 1584 nuptum
409 1513 475 1565 est
498 1507 580 1566 enirn
604 1520 654 1565 res
677 1501 790 1588 tumida
816 1503 982 1583 tragoedia.
1028 1501 1251 1580 sic-Horatius,

410 1606 637 1688 indignatur
659 1608 750 1695 item
773 1607 937 1686 privatis
959 1625 999 1668 ac
1022 1624 1140 1689 prope
1163 1625 1275 1670 socco

411 1709 538 1789 dignis
562 1707 969 1772 carminibusnarrari
992 1728 1083 1772 cena
1107 1709 1318 1790 Thyestae,

148 1840 154 1849 ·
254 1810 283 1873 id
313 1820 359 1874 est
387 1809 497 1874 humill
526 1821 567 1876 et·
585 1811 636 1875 rili
663 1829 804 1875 sermone
835 1807 909 1896 [hoc
931 1820 978 1874 cst
1012 1809 1153 1893 comica}
1201 1829 1270 1876 nam
1288 1813 1453 1895 'frequenti
1482 1809 1597 1877 iambo'

214 1922 241 1966 1⁵
255 1932 306 1978 res
334 1919 451 1996 tragica
471 1916 535 1978 ilici
556 1933 618 1978 nou
641 1913 742 1977 debet.
789 1917 821 1978 in
845 1918 963 1977 comico
988 1933 1058 1976 vero
1080 1912 1211 1976 iambico
1233 1916 1456 1996 frequentiores
1480 1915 1583 1989 iarnbi,
1602 1925 1604 1928 ’

256 2020 426 2100 anapaesti
440 2016 486 2080 vel
513 2016 661 2082 tribrachi
689 2015 802 2080 debent
807 2018 921 2120 poni,
951 2017 1020 2098 qula
1047 2035 1115 2079 res
1127 2018 1262 2088 comica,
1291 2016 1321 2079 ld
1346 2027 1393 2080 est
1415 2019 1531 2083 urbana
1554 2029 1585 2083 et

232 2121 346 2194 ·,laeta
370 2120 512 2184 velociori
527 2109 777 2204 pronuntiatione
800 2104 855 2202 per
879 2119 986 2183 breves
1009 2119 1104 2202 pedes
1127 2128 1172 2182 est
1195 2121 1415 2201 componentia
1461 2121 1582 2187 clodum
1623 2145 1627 2157 ·
1674 2139 1677 2146 ’

207 2234 211 2239 ’
253 2243 341 2297 vero,
365 2224 397 2287 id
420 2235 467 2289 est
488 2225 734 2311 hipponactium‚
758 2225 788 2286 in
812 2225 923 2286 ceteris
946 2222 1068 2305 quidem
1093 2225 1226 2305 quinque
1249 2222 1438 2306 simplicibus
1454 2217 1583 2308 pedibus

253 2321 353 2392 simile
383 2337 430 2390 est
459 2331 573 2410 hagino
603 2346 694 2409 quam
717 2330 832 2391 comico
855 2325 1003 2397 iambico,
1023 2327 1065 2389 ‚in
1089 2328 1254 2390 novissimo
1278 2346 1350 2390 vero
1374 2328 1411 2391 ab
1436 2327 1583 2392 ambobus

213 2438 240 2480 ¹⁰
255 2429 419 2512 discrepat
465 2449 535 2496 narn
558 2440 628 2496 ante
650 2433 842 2494 novissimam
865 2422 1011 2513 syllabam
1041 2447 1101 2492 non
1125 2439 1158 2493 ut
1181 2429 1233 2492 illa
1255 2424 1379 2494 brevem
1403 2421 1505 2504 babet,
1529 2433 1582 2496 sed
1636 2440 1641 2447 '

231 2531 414 2618 ¹longamp
1314 2587 1330 2596 ..

338 2638 382 2701 lle
411 2635 606 2719 hipponactio
637 2635 725 2701 clodo
755 2640 895 2701 trimetro
932 2635 1096 2700 acatalecto
1131 2635 1262 2699 iambico
1298 2639 1425 2700 ananim.
1469 2639 1582 2722 llippo·

224 2811 227 2818 ,
253 2743 386 2805 necdum
403 2743 575 2804 trimetrum
589 2739 708 2803 clodum
724 2741 893 2823 percutitur
904 2740 983 2802 sicut
998 2739 1163 2804 iambicum
1180 2742 1351 2803 trimetrum
1363 2739 1580 2806 archilochium

252 2845 402 2907 comicum
419 2842 477 2906 ¹vol
504 2845 669 2924 tragicum,
698 2843 751 2906 aed
781 2842 1167 2925 paenultimam-syllabam
1199 2843 1323 2922 longam
1347 2842 1439 2906 hahet
1474 2855 1579 2909 contra

211 2946 375 3011 ²⁵illorum
411 2948 578 3022 rationem,
617 2965 695 3030 quae
733 2945 858 3009 brevem
891 2945 1013 3010 habent.
1072 2947 1243 3030 exemplum
1279 2945 1579 3028 clodi·lrippooactii
1675 2929 1678 2935 ⁵
1725 2977 1728 2983 ·
1784 2946 1788 2954 ’
1837 2917 1863 2944 ⁹

219 3104 222 3110 .
252 3049 309 3114 boc
332 3059 386 3123 est.

406 3145 574 3249 duodaod'
594 3145 843 3232 Ἱππώνακτος,
868 3141 911 3214 od
932 3113 1000 3236 peip
1023 3135 1096 3215 ἀλλ’
1119 3144 1242 3276 otoo„

250 3239 385 3311 latinum,

322 3432 408 3480 lnon
428 3394 468 3498 ut]
487 3429 557 3482 Hor.
578 3445 647 3495 cup.
661 3431 714 3480 25⁷
780 3429 913 3481 sedeom..
919 3427 980 3487 ΑΒ,
999 3429 1205 3494 superscriptum
1223 3425 1417 3479 exhideotCo*
1487 3431 1580 3497 iper·

252 3501 357 3567 mittens
373 3495 417 3578 p'A
446 3527 596 3582 permutans
619 3513 669 3566 Bc
749 3514 789 3566 uel
813 3525 932 3584 quartam
954 3511 1003 3564 Bc
1029 3525 1074 3564 aut
1097 3524 1216 3576 quartum
1233 3514 1279 3574 ΡΑ
1355 3515 1372 3564 a
1395 3523 1483 3580 partes
1508 3531 1578 3567 corr.

252 3599 334 3668 partia
353 3599 380 3650 B
441 3601 568 3664 quoniam
581 3598 629 3652 BC
647 3600 708 3664 quia
721 3601 767 3663 pA
838 3601 959 3650 dtamen
972 3598 1009 3650 ιιι
1020 3597 1092 3662 quod
1104 3596 1182 3655 ABG
1243 3598 1382 3649 docuimus
1396 3601 1484 3651 omnm
1497 3613 1579 3652 metro
1617 3647 1625 3656 ,

191 3733 196 3737 .
251 3695 361 3755 excepto
379 3685 502 3738 dactilico
515 3683 626 3749 (dactilo
640 3685 675 3749 Α)
695 3697 720 3736 et
731 3685 789 3736 rius
807 3685 945 3752 speciebus
964 3695 1049 3736 cetera
1062 3685 1150 3735 omnia
1154 3691 1243 3734 metra
1262 3683 1352 3736 ABG:
1370 3684 1406 3749 cf.
1422 3702 1450 3752 p.
1467 3689 1530 3751 500,
1543 3689 1579 3738 27

302 3773 397 3838 dipsa
415 3788 463 3826 our.
480 3773 537 3838 pet,
557 3769 684 3822 nauhu
735 3767 798 3838 non]
818 3769 923 3821 NamB
976 3771 1038 3822 sede
1056 3771 1154 3834 couri,
1173 3769 1275 3824 acus
1295 3777 1321 3820 et
1338 3772 1580 3839 superaccipiunt)

303 3859 395 3909 ‘icum
414 3857 478 3910 alter
501 3857 534 3908 de
551 3855 605 3908 illis
628 3856 730 3908 scilicet
752 3867 876 3922 quattuor
900 3855 971 3920 quod
994 3854 1066 3922 ABG,
1149 3853 1330 3923 dcumspori
1350 3864 1377 3909 et
1399 3859 1493 3909 deiram
1516 3872 1577 3908 oon-
1683 3883 1688 3890 ·

251 3945 383 4046 ueritate
450 3995 478 4046 in
497 4011 545 4051 om.
564 3991 590 4044 B
673 3995 706 4047 10
723 3996 814 4062 posuit
832 3993 858 4045 B
940 3995 973 4046 12
991 3993 1166 4061 indignantur
1183 4009 1253 4045 corr.
1271 4019 1306 4032 -
1324 4005 1382 4046 atur
1401 3997 1441 4047 A:
1464 3996 1533 4052 Hor.
1551 4013 1577 4049 o.

249 4148 276 4197 p.
295 4135 329 4183 90
375 4125 432 4185 'ld
450 4147 531 4184 caeos
550 4131 627 4198 tyehe
644 4128 670 4181 B
741 4132 774 4184 14
792 4132 842 4183 hoc
861 4143 900 4183 est
917 4087 1020 4198 comici}
1039 4133 1061 4184 C
1077 4131 1128 4183 hoo
1146 4143 1184 4182 est
1202 4127 1304 4183 comico
1320 4143 1350 4194 p.
1386 4135 1481 4185 seclusi
1497 4133 1575 4184 uerba

249 4233 286 4270 erc
302 4219 521 4284 interpretatione
538 4217 672 4270 ondoraon
690 4232 767 4270 socco
791 4217 883 4286 dignis
902 4219 1074 4280 carminibus,
1094 4226 1123 4270 ut
1139 4219 1255 4281 uidetur,
1280 4221 1374 4271 relicto
1449 4232 1509 4268 narn
1528 4232 1575 4274 om.

249 4305 304 4366 pA,
323 4303 446 4358 aduno
516 4305 549 4356 15
567 4299 694 4370 iambico]
714 4304 802 4356 iambo
822 4303 847 4355 B
913 4306 945 4356 1¹1
964 4303 1091 4356 uelociori
1108 4301 1157 4354 BG
1176 4303 1363 4365 uelociorepA
1417 4319 1464 4371 per
1480 4303 1574 4355 breues

250 4398 290 4440 est
307 4389 388 4457 pedes
406 4389 628 4456 componendaC
710 4385 939 4454 lovomontem
956 4388 983 4440 B
1052 4389 1219 4456 simplicibus
1243 4391 1360 4454 quinque
1378 4389 1405 4441 B
1486 4392 1525 4443 19,
1537 4389 1623 4440 si··
1701 4383 1702 4386 ’

250 4475 338 4527 milior
356 4485 397 4528 est
416 4487 445 4539 p.
462 4475 581 4540 sortasse
598 4475 689 4542 potins
709 4474 794 4525 simile
812 4489 865 4526 est:
894 4476 929 4540 cf.
950 4476 1095 4542 Hephaest.
1117 4486 1146 4536 ρ.
1169 4477 1263 4537 18,19
1285 4477 1327 4532 ed.
1351 4475 1471 4543 Westpb.
1541 4475 1574 4526 ab

250 4576 297 4613 om.
316 4561 342 4612 B
423 4563 457 4614 10
477 4558 601 4621 utillap
627 4556 762 4629 nattis-A
790 4573 817 4611 ut
836 4561 905 4611 illam
923 4559 974 4613 Bc
1004 4557 1177 4610 -·babantB
1258 4561 1573 4626 castillionaeum,
1684 4584 1689 4593 ·

145 4713 149 4722 ι
249 4647 309 4702 odd.
329 4645 386 4721 Bc·
450 4647 608 4700 caradoco
627 4645 652 4696 B
723 4645 878 4713 hipponocti
897 4646 950 4696 AB
1027 4647 1060 4696 27
1079 4635 1229 4697 ἀκούσαθ’
1244 4637 1444 4708 Ἱππώνακτος
1463 4637 1497 4698 ori
1517 4640 1574 4714 γὰρ

250 4723 308 4784 citt'
323 4725 387 4801 ἥκω
398 4731 547 4803 Seatiperp
570 4723 1118 4790 ἅΚΟΥΕᾹΤΤΙΠῡωᾶΚΤΟΕΟΥΤᾶΡὸ
1129 4729 1231 4784 ΚΗΥω
1248 4735 1272 4782 Α
1296 4723 1575 4790 ὸΕΟΙΚὸΙΠΠΟᾶΡ-

188 4821 192 4824 ·
250 4815 298 4870 το
310 4809 557 4876 conturbando
578 4820 602 4871 s
683 4821 715 4887 aa
736 4819 813 4870 iatine
832 4817 908 4868 Aac
937 4896 947 4905 ⁸
