3906 5564
380 341 441 406 102
880 341 987 396 MARII
1005 341 1198 395 vtcronm
1259 397 1266 404 ,

404 455 425 498 p.
440 443 499 486 tutu.
513 444 539 488 de
553 443 575 488 P.
1505 458 1527 502 p.
1541 446 1633 489 tus-tu
1645 444 1672 489 G.

522 532 807 612 arboribusque
830 550 973 604 comae,
999 542 1036 596 nt
1059 535 1185 613 prisca
1208 550 1298 613 gens
1323 532 1554 607 mortalium,

378 635 465 716 quale
489 644 535 700 est
557 638 588 698 in
612 634 709 718 epodo
732 635 864 708 Horatii,

560 739 735 802 scrihere
758 738 975 803 versiculos
998 757 1124 805 amore
1148 757 1373 822 percussum
1396 745 1515 823 pravi.

466 843 682 906 demonstratis
716 842 809 922 igitur
846 843 991 924 exemplis
1028 845 1243 926 temptabimus
1280 845 1462 926 procedente
1491 847 1638 921 lectione,
1667 849 1698 909 in

378 957 522 1028 qtiantnm
551 947 754 1026 potuerimus,
790 949 890 1010 omnia
920 947 1010 1010 hrrius
1044 951 1167 1028 generis
1195 951 1257 1012 sire
1287 947 1432 1030 simplicia
1461 951 1522 1014 sire
1551 953 1726 1020 immixtas

377 1069 454 1132 <puae
476 1053 506 1112 in
531 1067 617 1112 usum
641 1061 692 1112 aut
715 1049 824 1112 Graeci
847 1060 899 1114 aut
920 1051 1018 1116 Latini
1041 1061 1233 1135 receperunt,
1257 1052 1386 1116 subinde
1402 1044 1542 1136 predere,
1565 1055 1591 1116 si
1614 1055 1700 1136 prius

378 1173 412 1216 ea
436 1173 452 1216 a
482 1153 592 1236 quibus
620 1155 737 1215 initium
761 1152 939 1217 sumendum
964 1165 1010 1217 est
1032 1155 1225 1220 docuerimus
1249 1154 1398 1240 [dicemus
1421 1159 1513 1238 igitur
1535 1158 1573 1221 de
1597 1160 1700 1220 metris

378 1277 433 1340 per
456 1255 678 1339 συμπάθειαν
700 1267 730 1318 et
752 1251 980 1321 άντιπάθειαν
1004 1262 1083 1321 inter
1106 1277 1139 1321 se
1162 1257 1358 1344 coniunctis}
1374 1255 1389 1346 {l

464 1359 604 1422 liieerrius
627 1363 719 1440 igitur
743 1362 779 1424 de
803 1362 903 1424 mixtis
932 1380 970 1424 ac
992 1373 1094 1425 mutua
1127 1367 1291 1427 conexione
1315 1366 1436 1428 sociatis
1460 1375 1625 1428 metrorum
1648 1383 1698 1446 ge·

379 1464 519 1534 neribus,
551 1482 678 1544 quorum
704 1465 841 1528 bilariam
866 1466 941 1528 ratio
965 1464 1161 1546 dispergitur.
1206 1485 1338 1550 nonique
1366 1470 1421 1531 alia
1446 1476 1648 1532 consentanea
1671 1477 1701 1531 et
1716 1490 1741 1528 ιο

378 1567 467 1631 veluti
491 1578 616 1647 cognata
645 1570 725 1631 inter
748 1587 781 1632 se
809 1571 925 1631 ratione
949 1570 1129 1648 iunguntur,
1160 1568 1217 1633 alia
1241 1590 1278 1633 ex
1301 1570 1457 1634 dissidenti
1480 1591 1515 1634 ae
1538 1573 1698 1644 centraria,

379 1690 455 1754 alatae
479 1671 587 1734 Graeci
610 1667 695 1734 κατά
718 1667 939 1754 συμπάθειαν
961 1669 1018 1734 καὶ
1047 1666 1276 1737 άντιπάθειαν
1302 1673 1463 1756 appellant.
1510 1686 1600 1739 erunt
1627 1694 1699 1756 erge

379 1793 434 1858 per
462 1773 701 1857 concelliones,
737 1776 765 1838 id
795 1785 841 1840 est
870 1795 924 1856 per
956 1787 1193 1841 consentaneum
1222 1778 1389 1850 adlectum,
1422 1781 1533 1842 mixtae
1560 1781 1699 1848 intense

378 1877 525 1942 iambicos
560 1871 892 1952 baseschoriamhicis
926 1890 956 1941 et
990 1881 1199 1960 antispasticis
1244 1900 1314 1946 nam
1350 1883 1488 1965 quotiens
1516 1883 1699 1965 copulantur

379 1981 435 2045 snb
458 2001 646 2064 quacumque
676 1982 762 2052 sede,
794 1983 893 2046 videas
918 1982 1008 2046 veluti
1039 2001 1074 2046 ex
1107 2003 1165 2047 una
1195 1985 1361 2064 eademque
1389 1989 1490 2068 specie
1518 1988 1547 2049 id
1577 2005 1699 2068 compto·
1717 2006 1742 2046 rs

380 2087 470 2148 situm
493 2096 622 2148 metrum
645 2095 725 2148 stare
749 2097 779 2149 et
800 2089 886 2168 qaiasi
902 2088 1061 2160 uniforme,
1086 2088 1165 2168 <ruod
1191 2089 1347 2152 menoides
1363 2088 1470 2153 Graeci
1485 2090 1603 2160 dicunt,
1628 2109 1699 2172 pre·

380 2187 499 2252 cedere.
545 2190 680 2268 adaeque
711 2197 741 2252 et
769 2191 939 2254 trochaicae
968 2191 1054 2252 bases
1083 2193 1188 2254 ionicis
1217 2195 1282 2274 pari
1310 2195 1509 2256 consensione
1537 2195 1700 2266 sociantur,

381 2311 448 2355 ctam
473 2272 706 2374 epiplecarum,¹
726 2313 801 2374 quas
828 2292 1033 2374 amplexiones
1061 2304 1227 2358 metrorum
1250 2295 1399 2365 diximus,
1430 2306 1531 2359 mutua
1561 2300 1640 2360 inter
1668 2316 1701 2358 se

381 2399 573 2460 successione
605 2399 767 2460 variantur.
802 2407 844 2469 ,et
873 2402 1009 2477 quamvis
1038 2417 1097 2460 non
1127 2398 1224 2461 soleam
1254 2400 1428 2469 trochaeum
1464 2398 1699 2463 et'solutienenr

382 2502 446 2563 eius
469 2498 659 2586 tribrachyn,
685 2501 737 2563 sed
761 2513 792 2564 ut
813 2501 980 2582 spondeum
1005 2520 1073 2564 eum
1096 2505 1160 2564 suis
1183 2501 1397 2573 solutionibus,
1428 2503 1457 2564 id
1483 2512 1529 2566 est
1550 2503 1699 2584 dactylum
1714 2525 1742 2565 ιι

381 2613 412 2666 ct
433 2613 638 2684 arrapaestum,
664 2605 835 2676 admittant,
868 2615 966 2668 tannen
990 2606 1152 2669 uniformia
1175 2617 1270 2669 nietra
1293 2609 1481 2677 sentiuntur,
1511 2626 1578 2671 cnm
1603 2627 1637 2669 ex
1662 2609 1701 2670 si·

288 2765 295 2775 .
381 2706 503 2770 anilibus
533 2719 563 2770 et
592 2707 791 2771 lamiliarihns
821 2707 951 2791 pedihus
980 2711 1019 2770 sit
1046 2711 1102 2771 ista
1139 2711 1321 2774 coniunctio.
1373 2709 1511 2774 similiter
1547 2710 1702 2794 dactylicis

381 2813 571 2892 ariopiaestica
595 2813 745 2882 incidunt,
770 2821 803 2873 nt
825 2815 943 2874 ‘arma
968 2815 1164 2896 virumque
1187 2817 1310 2876 ταῦτ’
1355 2817 1466 2878 etenim
1482 2815 1607 2878 adiectis
1628 2814 1702 2877 dua·

383 2915 438 2977 bus
462 2911 618 2984 brevibus,
651 2925 684 2976 ut
712 2934 802 2998 supra
831 2915 1033 2989 ostendimus,
1064 2917 1114 2981 liet
1142 2919 1364 2999 anapaestieum
1399 2935 1453 2999 per
1481 2913 1702 3000 συμπάθειαν

382 3020 439 3088 sic,
470 3017 561 3079 ‘ades
585 3036 665 3080 arnna
691 3020 846 3101 virumque
871 3021 968 3082 caue’.
1015 3038 1071 3102 qua
1095 3021 1301 3084 vicissitudine
1323 3029 1354 3084 et
1376 3041 1412 3085 ex
1435 3021 1598 3084 trochaicis
1626 3023 1699 3084 iani·
1716 3043 1743 3082 ιτ

383 3122 448 3184 hiea
473 3131 502 3182 et
526 3141 561 3183 ex
585 3123 782 3203 arrapaesticis
804 3121 950 3205 dactylica
975 3134 1068 3186 metm
1099 3125 1178 3186 inter
1200 3143 1232 3186 se
1257 3123 1434 3188 formantur.
1479 3143 1534 3207 per
1563 3118 1702 3187 άντιπά·

381 3227 484 3286 uscue
506 3243 586 3295 uero,
611 3224 639 3286 id
664 3235 709 3286 cst
732 3243 786 3305 por
809 3229 993 3289 ceadrarium
1018 3226 1168 3291 adlectum
1193 3248 1245 3291 seu
1269 3231 1455 3311 passionem,
1480 3231 1643 3309 intinguntur
1666 3251 1702 3291 ea

382 3347 510 3410 quorum
540 3330 621 3390 inter
650 3347 681 3390 se
711 3333 878 3393 curatrariae
909 3334 1027 3412 species
1049 3329 1060 3413 ΙΙ
1083 3330 1162 3393 haud
1191 3331 1279 3395 facile
1309 3332 1499 3415 copulantur.
1546 3342 1591 3394 est
1620 3332 1701 3396 enim

382 3433 606 3494 corrinnctienis
635 3451 730 3512 gertus
759 3435 847 3516 nimis
876 3435 1015 3496 scabrum
1040 3443 1315 3516 atqueasperurn,
1349 3445 1383 3498 nt
1409 3446 1478 3498 saint
1507 3438 1602 3498 ionica
1633 3429 1702 3500 άπό

382 3534 533 3616 μείζονος
562 3553 629 3597 enni
656 3535 791 3598 iambicis
814 3537 858 3599 rel
889 3537 1030 3618 tlactyiica
1057 3557 1124 3600 cnm
1150 3539 1312 3602 trochaicis
1342 3559 1463 3622 surripui·
1492 3540 1744 3602 dissentientium

384 3641 462 3700 inter
485 3659 518 3701 se
541 3649 629 3720 aurun
654 3639 857 3708 abhorrentia.
905 3641 984 3703 irnde
1014 3651 1046 3702 et
1074 3635 1295 3724 ἀσυνάρτητα
1319 3662 1334 3705 a
1359 3643 1497 3716 Graecis,
1528 3643 1557 3706 id
1588 3653 1633 3706 cst
1655 3645 1702 3704 in·

383 3761 512 3820 contexa,
538 3741 741 3824 appellantur,
767 3752 799 3804 ut
823 3755 868 3808 est

671 3845 776 3910 locatus
801 3848 848 3909 ille
872 3849 923 3928 apd
947 3866 1054 3910 vacatis
1078 3859 1177 3911 merite
1202 3851 1272 3911 sivit
1296 3850 1422 3930 integra.

386 3967 452 4010 ranan
491 3952 676 4028 corarpositus
720 3962 844 4032 elatraret
888 3972 991 4015 vorsus
1034 3971 1068 4014 ex
1114 3953 1242 4015 dirnctro
1279 3953 1409 4016 iambico
1459 3954 1623 4017 acatalecto
1673 3965 1702 4016 ct

384 4052 513 4114 dimetro
549 4053 702 4114 trochaice
741 4055 914 4117 catalectico
950 4075 986 4117 er
1023 4056 1150 4119 dirersis
1186 4067 1216 4120 et
1246 4059 1407 4120 curatrariis
1443 4057 1743 4140 anrplexiunibuszes

384 4155 414 4217 hi
467 4157 561 4225 ernian,
620 4159 736 4219 etiarnsi
787 4178 900 4238 genere
956 4169 1140 4240 congruunt,
1200 4163 1303 4244 specie
1364 4171 1463 4224 tamen
1519 4161 1701 4246 discrepant.

386 4288 591 4298 -——-——

454 4367 467 4415 1
488 4377 515 4414 nt
534 4359 632 4432 prisca]
655 4366 721 4418 Hor.
742 4367 818 4430 epod.
837 4369 892 4424 2,·.›
974 4367 1034 4418 *din
1054 4365 1139 4443 epodo
1158 4368 1213 4424 ςΒ
1237 4373 1262 4420 in
1282 4369 1367 4435 epodo
1388 4369 1427 4419 A:
1448 4369 1514 4420 Hor.
1533 4369 1608 4431 epod.
1630 4371 1703 4432 1!,2

453 4435 519 4484 'ide
537 4435 624 4484 metris
645 4449 689 4500 por
708 4427 898 4499 συμπάθειαν
911 4441 941 4486 'ct
959 4427 1160 4488 άντιπαθειαν
1179 4441 1244 4488 inter
1263 4454 1292 4488 se
1310 4439 1464 4492 conirmetis.
1489 4454 1555 4504 poce
1579 4453 1616 4489 επ
1635 4453 1703 4489 mer-

383 4506 442 4568 trine
460 4505 533 4554 illota
550 4518 608 4554 esse
626 4505 754 4560 videratur,
773 4505 949 4570 inscriptionis
967 4509 1022 4557 luce
1041 4509 1161 4569 poenite
1254 4511 1283 4557 li
1309 4507 1463 4556 dissidentia
1487 4524 1499 4552 r
1523 4507 1651 4556 ceritiaria
1678 4509 1702 4558 A

383 4573 538 4622 dissidentis
560 4574 689 4624 centraria
707 4572 762 4628 ςΒ
835 4577 864 4624 12
889 4566 1088 4626 άντιτιάθειαν
1107 4575 1239 4641 appeliant
1260 4575 1315 4633 ςΒ
1337 4567 1573 4632 ὰΝΤΙΠὸΘΕΙὸΝ
1594 4577 1636 4626 ido
1654 4591 1703 4643 np-

384 4640 482 4708 pellant
500 4643 525 4692 A
597 4645 629 4693 13
645 4641 761 4704 fortunae
782 4659 826 4708 per
844 4654 1044 4693 consentaneum
1069 4645 1134 4694 irater
1157 4661 1185 4695 se
1207 4645 1335 4695 adlectum
1357 4645 1455 4694 mixtus
1478 4646 1602 4694 iambicee
1627 4646 1703 4696 bases

456 4713 486 4762 14
505 4712 574 4762 basis
594 4711 658 4762 AB
729 4709 931 4778 inermemque]
952 4711 1040 4761 eadent
1060 4712 1147 4770 ΑΒς
1219 4717 1251 4766 16
1269 4715 1345 4775 intratsi
1364 4711 1527 4770 uniformes
1550 4715 1625 4777 qussi
1646 4717 1704 4765 irni-

385 4779 461 4829 lormi
481 4782 506 4832 A
525 4779 619 4843 qrribns
639 4781 767 4831 nnil'orme
786 4780 812 4828 B
900 4783 931 4831 l'i
951 4781 1021 4830 basis
1041 4781 1102 4832 AB
1185 4785 1216 4834 lu
1235 4777 1367 4850 qrraimvie]
1388 4783 1422 4845 qh
1443 4784 1468 4833 A
1492 4797 1549 4832 enm
1569 4780 1622 4838 ςΒ

385 4850 416 4900 ’21
436 4849 548 4899 admittit
566 4847 630 4898 AB
647 4849 799 4904 adnittente
863 4851 896 4900 22
915 4852 949 4900 sit
967 4851 1015 4898 isui
1036 4848 1087 4908 ne
1107 4853 1134 4900 tn
1152 4853 1202 4902 ista
1221 4853 1246 4902 A
1313 4853 1345 4904 ‘23
1364 4848 1449 4920 arma]
1473 4852 1552 4920 Verp.
1568 4854 1633 4904 Aen.
1653 4853 1668 4904 1
1689 4859 1703 4905 1

454 4919 487 4968 24
506 4912 597 4984 supra]
618 4933 644 4982 p.
664 4921 707 4974 63.
729 4921 763 4969 30
833 4921 865 4974 ‘tt
885 4919 1000 4969 eilucnrm
1022 4917 1046 4967 B
1116 4921 1149 4972 33
1168 4936 1268 4987 ungens
1287 4931 1304 4976 ς
