3850 5560
363 391 427 456 622
731 395 732 400 ’
805 403 1024 454 rrecurcurs
1048 403 1240 455 sosrsxsts
1327 431 1329 434 -

1509 489 1690 543 ummn

452 583 677 646 hstrametrum
708 545 1018 664 brachycatalectum
1046 580 1144 663 quod,
1173 582 1199 643 si
1228 579 1266 648 de
1289 579 1362 643 solis
1384 578 1537 643 trochaeis
1560 589 1686 650 constet.

365 689 398 750 iit
420 703 581 750 commune
605 695 702 749 metro
726 685 826 748 ionico
850 703 867 746 a
891 685 1014 754 maiore,
1040 691 1072 747 ut

486 783 491 790 ’
520 807 603 852 arms
627 792 679 872 qui
704 787 784 870 capit
804 784 935 849 subinde
959 787 1159 870 Martiumque
1184 796 1313 868 tergum.

275 916 279 920 ·
367 894 539 974 per'omuia
556 895 637 956 enlm
651 893 714 954 loca
732 889 897 954 sotadicum
912 899 1043 954 metrum
1056 890 1232 954 trochaeum
1250 889 1378 953 admittit
1392 897 1422 954 et
1436 887 1602 952 solutiones
1615 892 1685 952 eius.

452 994 677 1062 Tetrametrum
709 993 934 1066 catalecticum,
976 996 1055 1076 quod
1091 994 1311 1082 archilochium
1346 1003 1376 1056 et
1409 994 1628 1073 epicharmium
1658 1005 1714 1056 ets

348 1099 562 1182 ·quadratum‚
594 1119 629 1162 eo
653 1098 733 1180 quod
757 1099 900 1180 qusttuor
930 1099 1036 1160 metris
1066 1094 1198 1169 constet,
1229 1097 1357 1170 dicitur,
1388 1100 1476 1162 cuius
1505 1099 1644 1160 inrrntor
1671 1117 1704 1168 e,
1775 1137 1783 1144 -

366 1201 546 1285 quibusdam
570 1201 722 1264 Homerus
745 1200 882 1273 traditur,
1524 1215 1528 1221 ·

524 1305 583 1368 tale
606 1303 695 1386 quale
719 1321 790 1368 rere
805 1306 911 1386 ,primo
935 1303 1038 1368 sibilat
1059 1303 1140 1368 teres
1164 1303 1263 1368 donax

522 1427 623 1491 *quae
646 1408 746 1472 scabri
769 1405 846 1470 latus
869 1417 959 1488 trage
978 1407 1089 1471 uallcta
1113 1407 1210 1471 litoris
1233 1406 1326 1470 uado:

369 1515 527 1594 tragicum.
552 1514 632 1596 quod
655 1512 758 1594 plures
780 1511 925 1594 spondius
948 1510 1068 1584 habeat,
1317 1518 1319 1523 ’
1703 1529 1728 1568 ιο

522 1633 702 1698 opareus
726 1615 886 1696 antiqua
911 1599 1230 1696 nostrac'peutis,
1255 1605 1434 1695 hrgiruot
1458 1615 1589 1678 decus:

291 1729 296 1736 '
368 1721 532 1790 comicum,
563 1718 643 1800 quod
674 1720 836 1802 praecipue
865 1715 998 1799 dactylos
1028 1726 1057 1780 et
1086 1729 1264 1801 anapaestos
1291 1718 1442 1792 admittat,
1474 1729 1508 1781 ut
1537 1730 1583 1782 cst
1610 1718 1687 1800 apud

369 1823 534 1894 Cratinum,
865 1811 869 1816 ⁴

523 1943 616 2009 super
638 1927 759 2008 aquosis
782 1923 915 1988 lontibus
940 1927 1005 2007 ipsa
1028 1925 1151 1990 sederat
1172 1926 1240 1989 oles'·
1258 1927 1382 2009 Ceycis:

276 2065 283 2073 ·
368 2031 548 2113 satyricum„
572 2029 652 2109 quoti
676 2027 987 2111 complureshebeat
1015 2029 1180 2092 solutiones
1200 2034 1205 2105 Ι
1226 2040 1256 2094 et
1282 2028 1457 2111 tribrachyn
1476 2029 1595 2119 ¹pedem
1618 2029 1685 2104 sre-
1702 2043 1729 2084 ιι

368 2143 498 2213 quenter
520 2136 673 2205 admittat,
700 2141 800 2196 otest
823 2129 895 2197 iiem
919 2133 998 2216 apud
1023 2133 1192 2206 Cratinum,
1294 2154 1297 2158 ·

407 2239 414 2247 '
524 2235 621 2320 qualis
644 2237 740 2320 aquila
764 2239 825 2302 cita
849 2237 1004 2301 celeribus
1023 2236 1127 2319 rapida
1152 2238 1253 2318 pinnis
1276 2236 1449 2300 transvolat.

370 2342 617 2425 estprscterea
643 2349 673 2402 et
707 2339 847 2402 claudum
866 2331 1092 2403 'tetrametrum
1127 2321 1315 2403 trochaicum
1349 2339 1575 2412 catalecticum,
1610 2323 1707 2423 quod

327 2505 329 2512 .
370 2444 601 2527 hipponactium
624 2444 814 2508 nominatur:
838 2443 948 2525 accipit
971 2445 1051 2532 enim
1074 2461 1131 2527 pro
1153 2442 1297 2507 trochaeo
1313 2425 1475 2525 spondium
1498 2452 1568 2506 ante
1592 2447 1687 2506 noris·

303 2581 306 2588 ⁴
369 2551 477 2613 simam
501 2545 646 2630 syllabam
670 2544 735 2609 ioco
757 2548 878 2626 impari,
1043 2559 1046 2564 '
1699 2557 1728 2598 ²⁰
1767 2617 1773 2626 ,

524 2670 542 2711 o
566 2640 687 2732 parens,
711 2669 729 2711 o
753 2651 850 2732 prisca
875 2660 995 2713 nostrae
1019 2653 1118 2732 gentis
1142 2669 1192 2714 ara
1216 2650 1379 2714 Romanae.

334 2795 339 2801 -
368 2753 515 2818 dividitur
538 2762 639 2817 autem
663 2761 874 2834 tetrametrum
899 2750 1086 2817 trochaicum
1111 2753 1319 2816 catalecticum
1343 2757 1373 2816 in
1398 2757 1560 2843 dimetrum
1583 2765 1687 2816 necin·

369 2861 479 2922 tectum
503 2867 532 2920 ct
555 2847 719 2937 dimetrum
743 2856 962 2930 catalecticum,
987 2866 1089 2920 otest
1500 2861 1503 2866 '

523 2959 932 3034 mmssmoemmm

526 3081 639 3144 corpus
663 3082 752 3128 omne
776 3082 930 3144 rumpere.
979 3117 983 3124 .

456 3167 681 3231 Tetrametrum
706 3165 983 3249 hypercatalectuut
1005 3165 1030 3250 †
1052 3169 1217 3242 aicmanosf

354 3259 356 3263 ⁸
524 3289 633 3334 saeuus
656 3269 750 3352 aliger
774 3270 890 3352 Cupido
914 3289 969 3332 nos
992 3269 1093 3332 calore
1116 3271 1298 3352 siriogerit.

409 3430 415 3438 '
441 3425 660 3478 lTetrametrum
681 3423 930 3491 brocirpcatalectum
949 3425 1034 3476 -1t
1054 3425 1199 3477 transuolat
1217 3425 1288 3480 Mer.
1312 3429 1414 3483 Victor.
1430 3431 1474 3489 81,
1495 3431 1527 3478 21
1577 3433 1579 3440 ’

372 3521 577 3533 ——-—-——

440 3568 521 3631 iper
543 3563 631 3615 omniu
653 3563 721 3614 enim
752 3563 807 3616 locu
835 3563 981 3616 sotadicum
1005 3575 1116 3614 metrum
1140 3563 1304 3626 trochaeum,
1333 3581 1398 3634 puae
1426 3568 1453 3617 in
1475 3563 1500 3614 B
1527 3567 1611 3617 alieno
1638 3567 1690 3617 loeo

369 3653 471 3717 scripto
488 3657 555 3706 sunt,
573 3649 622 3702 hue
640 3652 767 3702 revocari.
803 3647 952 3702 trochaeum
970 3651 1084 3702 admittit
1103 3663 1127 3700 et
1145 3651 1290 3703 solutiones
1310 3653 1366 3702 eius
1385 3653 1474 3717 recepi
1491 3669 1508 3703 α
1528 3651 1616 3702 Μανία
1632 3652 1690 3701 Vic-

371 3737 466 3794 torino,
486 3751 636 3804 quamquam
653 3735 734 3787 scribi
750 3742 857 3803 poterat
877 3737 1005 3789 trochaeis
1024 3738 1145 3788 subsistit
1159 3751 1183 3788 et
1201 3737 1332 3789 solutione
1345 3751 1434 3789 eorum
1505 3739 1521 3789 6
1540 3737 1689 3801 quadratum

370 3825 482 3876 coniecit
501 3824 587 3873 editor
610 3821 816 3874 Vindobonensis
834 3825 892 3874 coll.
908 3817 1094 3876 dictiones.
1114 3841 1140 3888 p.
1155 3827 1246 3882 tutti
1333 3825 1349 3875 9
1368 3827 1468 3882 lacuna.
1488 3841 1562 3892 quarn
1574 3823 1689 3880 indicari,

370 3911 471 3962 excidit
488 3910 645 3959 enumeratio
664 3915 787 3975 quattuor
803 3925 923 3974 perterrent
941 3911 1095 3968 tetrametri,
1114 3909 1266 3962 archilochii
1283 3911 1379 3977 tropici
1395 3911 1487 3962 comici
1502 3903 1620 3977 rotprici.
1638 3925 1689 3960 ctus

371 3997 520 4060 defiuitione
540 3995 700 4060 archilochi,
720 3996 790 4062 quod
808 4011 843 4046 ex
861 3995 975 4048 arnuldus
993 3996 1124 4048 trochaeis
1142 4005 1252 4048 constat.
1291 3998 1415 4049 narretur
1430 3998 1536 4064 pesteris
1553 3998 1690 4060 esertphurt

370 4083 519 4135 continetur
537 4081 569 4132 iis
587 4095 653 4149 ptrue
672 4082 765 4132 deinde
789 4087 913 4146 cor-rimie
936 4083 962 4132 irr
985 4083 1074 4134 codice
1097 4085 1199 4148 scriptu
1222 4092 1289 4136 sont.
1326 4083 1473 4136 trochaicus
1495 4089 1577 4134 amm
1599 4095 1689 4138 sersus¹

374 4169 458 4236 qualis
475 4169 651 4226 desiderator,
670 4168 708 4218 ita
724 4166 783 4230 fere
802 4169 905 4219 restitui
921 4175 1035 4232 poterat.
1054 4183 1122 4231 quse
1140 4169 1209 4235 rapit
1227 4169 1337 4235 ligustro
1356 4179 1431 4235 grato
1450 4169 1513 4218 lectu
1527 4167 1610 4219 litoris
1628 4165 1690 4216 rudo

426 4255 457 4306 il
478 4266 493 4304 o
513 4248 621 4320 parcos]
642 4252 667 4302 iit
684 4253 839 4317 fropnterttir
856 4257 1014 4320 tropicorum
1032 4257 1139 4312 incertis
1157 4257 1244 4319 posuit
1264 4253 1415 4308 liihheclrirts
1433 4243 1501 4320 trop.
1515 4253 1586 4306 noo.
1601 4254 1690 4318 [rapsa.

371 4357 398 4407 p.
412 4341 465 4392 2⁴8
478 4341 517 4390 ed.
533 4355 585 4398 sec,
656 4341 687 4390 lt
707 4338 801 4406 qualis]
824 4352 851 4392 ut
869 4356 908 4391 est
927 4340 989 4392 iilud
1008 4341 1078 4407 opud
1091 4342 1190 4406 iubam,
1210 4342 1396 4405 quolisuquila
1414 4343 1464 4390 cita
1482 4339 1607 4392 celeribus
1619 4339 1690 4388 uridrt

373 4427 460 4494 pionis
480 4427 622 4478 transuolat
641 4425 745 4476 elladius
767 4425 918 4478 Theodorus
935 4443 962 4492 p.
980 4429 1039 4486 595,
1060 4429 1095 4479 13
1171 4429 1202 4479 19
1220 4425 1461 4494 ippourtctiuumB
1540 4427 1571 4476 11
1592 4419 1690 4492 porcos]
1718 4471 1726 4481 ,

373 4529 469 4582 puseus
489 4513 514 4564 B
619 4511 677 4580 cre]
693 4516 810 4578 sortasse
828 4512 896 4564 sluts
1001 4514 1033 4563 22
1053 4513 1126 4563 diuit·
1144 4527 1230 4564 autetu
1250 4525 1424 4564 tetrametrum
1448 4513 1604 4564 trochaicum
1624 4523 1690 4560 outo·

373 4602 488 4652 lecticum
509 4611 533 4652 et
552 4599 690 4650 dimetrum
710 4601 860 4650 cntnlecutnt
881 4611 908 4650 ut
927 4613 966 4650 est
984 4597 1010 4649 B
1079 4601 1113 4650 26
1132 4601 1264 4650 cicm'nuos
1283 4601 1357 4652 alites
1376 4601 1511 4667 cupidines
1530 4599 1614 4675 calorp
1630 4598 1689 4648 cirio

372 4701 467 4753 perurit
487 4685 510 4738 B
529 4687 604 4737 nlites
623 4685 758 4752 cupidines
778 4687 862 4736 calore
881 4685 949 4735 Sirio
969 4696 1063 4752 gerunt
1081 4703 1102 4736 o.
1141 4699 1168 4736 ut
1186 4697 1226 4736 est
1243 4685 1305 4762 'tilptd
1327 4687 1458 4737 hlomnnis
1481 4687 1600 4749 adposito
1619 4699 1689 4734 serso

375 4775 505 4824 Alrmunis
529 4775 667 4838 scripsisse
692 4775 793 4823 uidetur
813 4773 885 4826 luha.
910 4773 981 4823 coires
1005 4769 1132 4837 excerpta
1154 4775 1336 4838 prommotirus
1358 4775 1451 4836 posuit.
1489 4771 1570 4835 niiger
1592 4767 1688 4836 Cupido

374 4863 464 4923 recepi
481 4875 517 4910 cx
536 4876 621 4920 cursat.
642 4863 686 4928 qui
704 4868 744 4910 est
762 4861 834 4924 npod
852 4859 963 4910 rliorr'um
987 4857 1145 4909 Victorinum
1162 4875 1189 4924 p,
1203 4861 1245 4918 dt,
1266 4863 1297 4908 19
1315 4867 1341 4909 et
1361 4860 1422 4920 tos,
1443 4861 1458 4906 9
1477 4869 1537 4906 tunc
1555 4867 1580 4905 et
1597 4857 1689 4905 ancoris

372 4956 446 4994 amor
465 4947 533 4995 venit
552 4945 688 5013 improbus
707 4945 789 5012 siigor
808 4943 908 5010 Cupido
