3906 5564
538 311 618 369 ιιιι.
637 309 750 365 aanor.
768 309 837 366 mo.
856 311 899 364 ιιι
920 311 958 372 ιι,
975 313 1051 364 ιι-
1063 311 1106 363 ιι.
1128 311 1167 375 ιι,
1180 312 1197 364 o
1210 337 1241 348 -
1257 311 1288 362 ιι
1514 307 1574 374 137
1593 285 1598 300 ’

278 411 521 470 aestatuum.
992 396 993 402 ’
1197 409 1201 416 ·
1330 423 1352 466 p.
1367 409 1548 455 iterassoo.

485 507 541 586 pro'
564 501 676 587 pudor,
701 501 775 567 sella
798 503 829 566 iu
852 500 951 566 curuli
973 509 1087 566 struma
1111 501 1226 566 Nonius
1250 500 1338 566 sedit.

253 624 321 670 uam
337 605 434 672 tribus
447 605 579 688 syllabis,
603 607 635 672 id
659 615 704 673 est
725 607 930 690 amphimacro
953 606 1031 687 petie
1054 608 1122 689 ‘pro
1145 606 1266 690 putlor’,
1290 605 1479 690 superiorem
1507 621 1575 667 ver·

253 727 333 783 sum,
357 716 390 774 ut
411 709 508 785 vities,
532 711 703 795 praecedet.
748 713 822 774 itam

538 815 667 882 haesitat
689 833 745 881 nec
768 815 916 878 excitatur
940 813 1066 880 classico
1089 815 1166 879 truci
1184 813 1290 898 miles:

228 917 368 982 coniecto
391 915 428 982 ad
451 920 635 1004 principium
658 937 761 984 versus
791 917 940 982 ‘haesitat’
967 915 972 1002 Ι
997 926 1192 984 tetrametrus
1221 919 1319 983 lactus
1348 927 1407 991 est,
1442 917 1480 981 dc
1514 935 1574 1000 quo

253 1020 339 1104 plura
359 1019 462 1087 dicere
483 1042 704 1106 supervacuum
726 1031 782 1088 est.
818 1023 918 1086 omnia
934 1023 1024 1095 etaim,
1050 1041 1258 1106 quaecumque
1275 1022 1416 1087 accidunt
1438 1022 1575 1086 trimetro

253 1128 399 1200 scazoott,
423 1126 495 1191 huie
517 1145 638 1212 quoque
662 1125 801 1191 accidere
823 1127 854 1190 in
879 1125 1002 1190 dubium
1027 1145 1087 1190 non
1111 1129 1202 1190 venit.

338 1333 383 1398 lix
410 1338 549 1400 trimetro
578 1351 668 1398 versu
700 1335 828 1400 iambico
858 1334 1022 1400 dimetrum
1058 1335 1188 1419 apodum
1223 1332 1437 1416 octosyllabum
1468 1334 1573 1398 brehi-

254 1437 357 1504 locbus
379 1448 567 1504 commentus
589 1447 647 1512 est,
671 1447 706 1503 ut

217 1568 241 1609 ιο
584 1543 718 1608 beatus
739 1541 807 1608 iilo
830 1545 894 1626 qui
916 1542 1051 1627 procul
1075 1545 1246 1626 negotio,

227 1632 230 1642 ’
254 1666 353 1732 equo
376 1648 522 1714 dimetrus

709 1749 815 1816 beatus
838 1749 888 1815 ibe
910 1750 962 1834 qui
985 1749 1106 1834 procul,

254 1855 311 1921 nisi
334 1858 360 1920 si
382 1857 511 1941 recipiat
532 1853 681 1937 dactylum
706 1862 757 1920 aut
779 1857 844 1919 eius
858 1858 1047 1920 contrarium
1071 1854 1117 1917 vel
1140 1854 1207 1919 loco
1230 1853 1322 1919 iambi
1346 1854 1521 1939 tribrachyn
1545 1865 1576 1920 et

254 1961 304 2024 liat
326 1977 434 2024 norem
457 1957 649 2043 syllabarum.
695 1959 744 2024 bio
768 1961 848 2023 enirn
872 1959 1020 2024 dimetrus
1042 1959 1168 2024 adiectis
1190 1958 1308 2024 duobu‘s
1332 1959 1475 2042 pathus,
1500 1977 1577 2041 quos

218 2086 241 2128 n
254 2064 332 2130 itiam
356 2063 496 2136 detraxit.
520 2065 682 2128 revertitur
705 2063 741 2129 ad
765 2065 929 2148 pristinum
951 2065 1083 2128 trimetri
1106 2071 1231 2136 sutum,
1256 2073 1406 2146 tamquam

688 2167 820 2232 subire
843 2167 1039 2232 Maecenas
1062 2174 1140 2232 tuo:

253 2275 279 2337 si
301 2272 441 2337 adiecero
465 2273 627 2354 ‘negotio’‚
653 2259 716 2335 'erit
739 2272 908 2343 trimelnts,

658 2374 761 2442 subire
784 2375 942 2440 Maecenas
965 2385 1018 2440 tuo
1042 2377 1173 2458 negotio.

253 2483 325 2545 item
501 2529 504 2534 -
841 2531 850 2550 .

217 2608 243 2650 eo
711 2583 816 2648 beatus
838 2582 889 2649 ibe
912 2587 963 2668 qui
986 2584 1108 2668 procul:

254 2689 279 2752 si
301 2685 445 2752 addidero
467 2686 679 2762 ‘Simonides’‚
704 2689 874 2752 trimetrum
896 2689 953 2754 hac
976 2688 1097 2771 dipolia
1120 2685 1296 2769 complebo,
1320 2695 1352 2752 ut

616 2791 719 2857 beatus
741 2791 794 2856 illo
816 2793 867 2875 qui
890 2790 997 2874 procul
1020 2793 1201 2858 Simonides.

255 2897 325 2961 lacit
338 2903 497 2982 praeterea
513 2913 633 2962 versum
648 2895 810 2960 iambicum
827 2897 997 2960 trimetrum
1015 2905 1074 2961 tam
1098 2896 1292 2962 ‘Simonides’
1315 2915 1406 2980 quam
1427 2898 1573 2979 ‘negotio’

254 3003 416 3084 repetitum
441 3009 501 3073 ter,
531 2999 611 3065 lrauti
634 2999 720 3072 alias,
750 3018 838 3084 quam
862 3008 895 3064 ut
918 3001 1002 3064 aiunt
1024 3002 1132 3066 iecisse
1154 3001 1317 3084 Vergilium
1341 3009 1478 3067 nostrum
1502 3002 1575 3064 iam·

217 3127 242 3170 ιι
256 3103 322 3170 bico
345 3106 579 3188 epigrammate,
602 3101 614 3188 ll

606 3207 795 3273 thalassio
820 3207 1006 3273 thalassio
1030 3207 1227 3290 thalassio.

256 3313 333 3396 quod
356 3312 412 3376 bis·
428 3315 617 3377 enuntiatum
641 3312 711 3376 iacit
734 3313 852 3394 epodon
876 3316 931 3384 ita.

644 3415 751 3480 beatus
772 3415 823 3480 lile
846 3417 898 3496 qul
921 3415 1027 3499 procul
1049 3419 1185 3498 negotio,

648 3519 790 3584 thalassio
813 3519 965 3586 thalassio.
1227 3510 1231 3521 '

219 3644 315 3708 eoquo
337 3625 466 3689 dimetro
496 3624 584 3687 etiam
609 3622 805 3688 Archilochus
835 3644 958 3690 carmen
982 3627 1151 3709 composuit
1178 3627 1209 3689 in
1232 3625 1412 3708 Lycambam
1437 3635 1466 3689 et
1489 3625 1574 3690 illias.

256 3729 308 3792 sed
330 3739 360 3794 et
383 3728 461 3813 apud
485 3747 541 3791 nos
564 3735 661 3791 metm
684 3731 826 3792 continuo
849 3727 975 3812 aliphius
993 3731 1095 3793 initus
1118 3729 1213 3794 libros
1237 3749 1339 3794 rerunt
1362 3729 1573 3794 excellentium

257 3834 339 3906 iecit,
363 3841 393 3896 et
416 3841 520 3897 noster
542 3831 684 3896 Horatius
707 3832 809 3915 piures
833 3833 905 3897 osias
929 3833 1034 3898 eodem
1058 3841 1156 3897 metro
1180 3831 1185 3918 l
1210 3844 1386 3918 persecutus
1410 3844 1464 3898 cst.

340 3937 414 4001 item
438 3935 584 4000 dimetrus
599 3953 636 3998 ex
652 3943 779 4018 utraque
794 3946 881 4018 parte
897 3937 1009 4019 syllaba
1024 3937 1157 4001 ‹letracta
1182 3946 1213 4002 et
1227 3937 1386 4020 acephalos
1409 3947 1439 4002 et
1454 3955 1572 4009 scazon,

257 4041 287 4105 ιιι
310 4049 355 4105 est
375 4042 475 4123 capite
492 4021 677 4105 'imminutus
700 4050 729 4104 et
751 4039 891 4114 claudus,
915 4041 1064 4106 eliioletur
1086 4042 1139 4112 sio,

323 4273 398 4328 sttx
416 4275 532 4328 trimwo
551 4303 583 4315 -
604 4275 709 4334 1be
728 4273 874 4344 Aegyptios
892 4273 1001 4327 choreas
1029 4275 1132 4328 Terent.
1152 4275 1240 4328 Maur.
1259 4275 1447 4328 stat-troo
1533 4273 1573 4326 ‹li-

257 4356 362 4398 metrum
381 4361 409 4412 ρ.
429 4347 489 4411 m,
503 4347 538 4398 20

324 4557 337 4606 1
357 4563 458 4606 struma
488 4552 574 4604 secolo
593 4554 619 4606 A
632 4552 687 4610 Be
774 4553 916 4620 isyllobis
935 4565 952 4611 ς
970 4549 1083 4619 syllabas
1103 4555 1128 4607 A
1141 4553 1167 4606 Β
1253 4567 1358 4605 uersum
1377 4563 1395 4610 ς
1413 4567 1490 4604 uersu
1510 4552 1573 4605 AB

324 4625 358 4677 10
376 4623 466 4674 bantus
499 4622 568 4675 Hor.
586 4623 662 4690 epod.
681 4626 742 4684 2,t
831 4626 862 4676 il
880 4623 1005 4674 dimetros
1024 4639 1095 4676 corr.
1117 4625 1204 4675 ·qu
1288 4626 1320 4675 ts
1338 4623 1361 4673 si
1380 4621 1468 4675 om.B
1550 4635 1575 4674 et

222 4692 300 4744 ·iiat
316 4705 335 4751 ς
352 4703 378 4745 et
395 4691 440 4743 liet
458 4688 525 4747 AB
613 4693 645 4743 ili
663 4687 762 4760 subire]
783 4691 851 4744 Hor.
869 4693 946 4760 epod.
967 4695 1020 4752 hi
1107 4695 1237 4745 moecinos
1256 4700 1365 4760 utroque
1382 4693 1439 4744 loco
1458 4693 1484 4744 Α

256 4764 289 4814 at
305 4776 383 4827 qoam
402 4761 511 4816 aiunts
597 4763 631 4814 ιθ
654 4756 792 4829 thalassio]
816 4761 1067 4830 Ver9.rata1.t‚9
1153 4765 1186 4816 at
1210 4758 1293 4830 quod]
1314 4761 1358 4826 qni
1378 4760 1403 4811 B
1490 4764 1524 4814 ³0
1547 4762 1572 4812 in

256 4830 402 4897 lycomhom
424 4844 449 4883 et
471 4829 539 4883 lilios
562 4829 588 4882 B
609 4831 668 4889 Val.
691 4833 717 4882 ln
742 4830 886 4898 lycambum
911 4840 936 4882 et
954 4831 979 4896 in
999 4829 1112 4884 lillasA
1140 4834 1165 4883 in
1190 4832 1322 4899 lycnmben
1346 4839 1371 4882 et
1393 4828 1459 4881 tilios
1484 4843 1514 4888 ςι
1538 4833 1573 4898 os.

255 4917 284 4968 p.
302 4903 392 4962 imo
463 4903 496 4954 ³1
514 4900 635 4978 alphios
656 4901 681 4953 A
752 4895 850 4970 rerum]
869 4917 973 4970 regrum
993 4897 1022 4956 B
1092 4903 1125 4954 ³8
1140 4903 1257 4968 [masao
1276 4901 1343 4952 idem
1362 4899 1486 4952 dimetrns
