3866 5562
264 379 267 386 ,
372 324 438 393 480
666 339 770 389 naun
793 338 914 389 uno'rn
939 323 991 407 [ar.
1015 322 1179 410 eunvnn]
1204 339 1425 392 socannorrs

372 445 394 483 p.
408 429 487 472 stt-58
499 429 528 472 V.

373 520 528 600 gencelino,
552 535 603 580 sus
618 517 695 588 suia,
720 518 838 580 ratiotte
854 515 1147 599 monosyllahorum,
1171 517 1208 578 de
1226 535 1284 598 qua
1300 518 1544 598 frequentissime
1562 521 1697 582 tractavi.

460 620 533 684 Tas:
558 621 656 683 omnia
681 621 802 682 nomina
828 619 884 683 hac
899 619 1011 702 syllaba
1027 622 1111 684 linita
1134 622 1242 684 tertiae
1266 629 1336 684 sunt
1352 621 1570 694 declinationis,
1596 625 1634 686 tis
1655 624 1698 685 ia·

375 727 462 790 ciunt
484 725 640 804 genetivo,
664 722 791 786 iacuitas
815 722 975 796 facultatis,
1000 735 1030 786 et
1053 727 1140 806 siqua
1157 727 1236 789 talia.
1284 725 1341 788 hoe
1366 733 1471 806 nuptas
1490 727 1496 804 Ι
1515 729 1631 806 primae
1654 737 1699 790 est

376 838 422 891 tae
445 829 584 908 genetivo
612 827 741 898 iaciens,
771 825 862 890 huius
886 837 1008 910 captae,
1035 847 1145 892 nomen
1171 828 1332 891 barbarum
1358 836 1499 890 neutrum
1523 839 1627 892 eontra
1650 848 1696 891 ra·

375 935 487 995 tionem
519 940 713 1006 neutrorum,
745 948 822 1013 quae
854 927 945 994 latina
975 935 1149 1010 genetivum
1172 951 1207 994 ae
1231 931 1419 1014 diphthongo
1443 949 1502 992 nou
1527 934 1724 1002 terminante

379 1036 512 1114 exceptis
535 1032 647 1106 trihus,
672 1031 722 1096 hie
746 1041 776 1094 et
790 1033 865 1097 haec
883 1041 913 1096 et
935 1033 993 1097 hoc
1009 1053 1099 1098 verna
1116 1035 1205 1098 huius
1230 1053 1354 1106 vernae,
1378 1036 1429 1098 hie
1450 1043 1480 1098 et
1502 1038 1580 1100 hoec
1601 1046 1630 1098 et
1644 1039 1699 1100 ltnc

376 1141 497 1201 odorato
512 1140 601 1201 huius
617 1138 766 1210 advenae,
791 1137 848 1200 hoc
866 1137 1009 1220 [dumea]
1025 1140 1115 1202 'l'uria
1131 1139 1224 1202 huius
1248 1137 1376 1210 Turius,
1402 1137 1460 1200 hoc
1483 1147 1589 1218 neptas
1613 1140 1699 1202 huins

377 1251 501 1324 nuptae,
525 1260 622 1322 genus
637 1239 697 1304 olei
714 1240 807 1303 cedro
822 1240 936 1314 simile,
960 1243 1039 1304 sicut
1055 1242 1214 1305 Sallustius
1231 1243 1260 1304 io
1284 1240 1481 1304 historiarum
1498 1240 1576 1303 lihro
1592 1251 1698 1322 quarto

376 1349 428 1410 ait
475 1344 527 1410 sed
551 1345 618 1406 aide
641 1362 678 1406 ne
700 1345 809 1408 melius
833 1347 886 1417 sit,
910 1347 935 1408 si
958 1348 999 1408 sit
1021 1342 1245 1408 indeclinabile,
1292 1353 1336 1408 tes
1359 1345 1440 1406 linita
1464 1347 1587 1408 nomina
1610 1346 1697 1406 latina

376 1453 415 1513 tis
431 1449 545 1511 iaciunt
557 1450 708 1528 genetiuo,
726 1449 800 1510 haec
811 1459 892 1510 rates
908 1448 998 1512 huius
1009 1448 1097 1518 ratis;
1114 1466 1222 1528 graeca
1241 1466 1311 1510 aero
1328 1457 1389 1516 tae,
1407 1451 1431 1509 si
1449 1445 1526 1527 apud
1545 1446 1610 1508 illos
1625 1467 1696 1520 con,
1712 1465 1737 1502 ω

376 1553 510 1616 Achates
525 1552 662 1614 Achatae
681 1542 819 1633 Ἀχάτης
838 1545 996 1632 ’asymam
1020 1559 1051 1613 at
1074 1553 1113 1612 tis
1136 1549 1262 1634 syllaba,
1287 1553 1312 1614 si
1336 1551 1415 1633 apud
1440 1548 1507 1614 iilos
1529 1568 1604 1632 τος,
1627 1553 1697 1614 Cra·

376 1665 421 1718 tes
444 1655 571 1718 Cratetis
594 1649 732 1735 Κράτης
755 1649 946 1735 Κράτητος,
976 1663 1009 1716 nt
1032 1652 1195 1716 Bibaculus
1218 1653 1255 1714 cle
1278 1655 1392 1717 Catone
1414 1657 1627 1734 grammatico,

531 1775 573 1818 en
597 1773 661 1817 eor
683 1757 882 1836 Zenodoti,
907 1775 948 1820 en
975 1759 1083 1819 ieeur
1107 1757 1284 1820 Cratetis.
1435 1832 1443 1844 Ι

375 1865 413 1926 tis
438 1855 598 1924 terminata
622 1863 744 1924 nomina
769 1862 877 1924 tertiae
900 1868 972 1923 sunt
994 1859 1219 1932 declinationis,
1245 1862 1283 1924 tis
1305 1861 1419 1925 iaciunt
1439 1863 1577 1942 genetivo
1600 1861 1699 1939 latina,

354 1966 424 2038 ¹hie
448 1964 528 2027 mitis
555 1962 645 2026 huius
674 1967 771 2036 mitis,
802 1961 876 2028 haee
904 1967 1004 2048 neptis
1028 1964 1119 2027 huius
1142 1967 1255 2047 neptis:
1283 1982 1391 2045 graeca
1420 1967 1459 2028 tis
1482 1965 1527 2028 ael
1552 1967 1612 2038 dis,
1643 1965 1691 2028 hie
1706 1978 1731 2020 1⁵

375 2070 450 2133 ditis
473 2066 582 2130 Attidis
612 2066 659 2128 rel
686 2069 777 2137 tarta,
807 2066 881 2130 haee
910 2069 1033 2150 amystis
1056 2067 1147 2130 huius
1170 2071 1295 2151 amystis
1318 2069 1363 2130 vel
1387 2069 1560 2150 aotystidis‚
1592 2087 1700 2131 nomen

375 2171 488 2234 lectum
516 2173 548 2232 in
572 2169 707 2233 lloratio.
753 2180 799 2233 tos
830 2174 988 2234 terminata
1017 2174 1118 2234 omnia
1146 2175 1269 2234 nomina
1299 2172 1506 2252 corripiuntur
1534 2183 1564 2236 et
1593 2191 1699 2253 graeca

260 2279 270 2292 “’
376 2283 447 2338 sunt
476 2280 505 2335 et
534 2271 686 2336 secundae
710 2273 943 2350 declinationis,
966 2277 989 2336 ti
1012 2273 1125 2337 iaciunt
1148 2275 1303 2353 genetivo,
1330 2273 1451 2336 Neritos
1473 2275 1583 2346 Nerui,
1609 2275 1699 2357 Bery-

378 2389 424 2442 tos
447 2379 565 2462 Beryti,
590 2375 701 2440 l‘ootos
718 2377 820 2444 l‘ootlt
845 2395 922 2457 qttae
939 2383 1084 2460 poterunt
1105 2375 1198 2439 iatine
1221 2374 1329 2438 melius
1353 2377 1428 2448 dici,
1453 2379 1480 2440 si
1503 2397 1521 2439 o
1544 2380 1576 2440 in
1600 2397 1701 2440 umu-

376 2487 517 2546 tarerint.
563 2490 611 2543 tus
632 2483 793 2542 terminata
818 2481 939 2544 nomina
963 2481 1094 2562 exceptis
1117 2482 1236 2560 graecis
1259 2481 1450 2543 uenientibus
1472 2499 1488 2544 a
1511 2480 1624 2563 syllaba
1654 2489 1699 2542 tos
1713 2499 1739 2538 ao

376 2596 477 2648 cetera
497 2585 641 2646 facientia
671 2582 751 2645 alind
783 2601 878 2662 gertus
900 2583 1052 2646 secundae
1075 2593 1144 2647 sunt
1168 2583 1378 2647 declinationis
1403 2585 1424 2647 ti
1447 2585 1587 2648 iacienda
1610 2601 1701 2664 gene·

377 2689 451 2758 tivo,
482 2695 515 2749 nt
542 2685 592 2749 hie
622 2685 733 2748 stultus
759 2685 849 2746 huius
878 2685 975 2748 stulti:
1005 2695 1129 2768 venatus
1159 2689 1354 2769 participium
1378 2696 1426 2750 est
1446 2688 1560 2750 iaciens
1584 2689 1697 2750 renati:

269 2817 272 2823 ·
312 2807 316 2812 ·
377 2789 426 2852 hie
443 2801 525 2853 artus
541 2789 632 2852 huius
647 2789 718 2860 arti,
735 2799 880 2869 angustus
897 2787 1046 2874 [angusti]
1071 2791 1151 2870 (nam
1172 2799 1269 2862 artus,
1293 2791 1324 2853 id
1347 2801 1392 2852 est
1406 2791 1557 2862 membra,
1577 2809 1702 2853 numero

376 2911 499 2976 seraper
522 2891 629 2975 plurali
654 2890 872 2970 declinantur);
898 2910 957 2954 non
982 2893 1122 2958 iacientia
1146 2904 1209 2964 tus,
1234 2897 1357 2956 restitus
1381 2894 1471 2957 huius
1494 2896 1628 2966 restitus,
1654 2911 1703 2955 res

286 3047 289 3056 .
376 2999 450 3080 ipsa.
496 3016 564 3058 nam
589 2996 646 3058 hoe
670 3006 719 3059 tus
742 3005 919 3058 neutrorum
945 2998 1060 3060 ratione
1084 3016 1120 3059 us
1142 2999 1293 3061 linitorum
1311 2999 1353 3059 ris
1375 2997 1447 3059 iacit
1469 2999 1620 3077 genetivo,
1646 2994 1738 3057 hocas

378 3111 426 3163 tus
455 3101 543 3165 huius
566 3103 656 3163 turis:
686 3095 834 3180 Vergilius
857 3101 958 3162 ‘ture
982 3099 1108 3164 calent
1130 3103 1252 3164 arae’:
1282 3109 1441 3182 praeterea
1465 3089 1700 3180 artonosyllahnin

278 3221 289 3271 ῖ
378 3214 434 3267 est.
480 3205 672 3286 excipiuntur
702 3203 761 3266 duo
790 3206 829 3266 tis
853 3202 993 3266 iacientia
1017 3204 1170 3284 genetivo,
1202 3207 1295 3267 uirtus
1323 3205 1476 3274 iuventus,
1507 3205 1626 3264 uirtutis
1656 3203 1699 3262 iu·

378 3310 521 3370 aemulis.

466 3411 539 3474 Cius
561 3411 643 3472 linita
668 3412 800 3480 nomina,
824 3411 848 3471 si
872 3409 1003 3472 iecerint
1025 3409 1105 3474 aliud
1130 3431 1167 3474 ex
1190 3431 1223 3474 se
1247 3429 1356 3491 genus,
1379 3409 1532 3474 secundae
1561 3419 1630 3470 sunt
1652 3409 1702 3470 de·

378 3515 563 3584 clinatioois,
587 3523 687 3575 rectus
704 3515 794 3581 recti;
818 3531 877 3574 noo
903 3513 1038 3576 iacientia
1058 3516 1063 3592 Ι
1084 3513 1165 3577 aliud
1189 3535 1224 3578 et
1248 3535 1280 3578 se
1303 3533 1398 3595 genus
1413 3523 1549 3595 quartae.
1575 3510 1693 3573 hieric-
1708 3529 1734 3566 ao

380 3629 427 3680 tus
450 3617 540 3678 lanius
564 3618 675 3686 rictus,
701 3615 749 3678 hie
773 3615 870 3680 luctus
886 3616 973 3679 huius
997 3616 1106 3680 luctus.
1153 3621 1304 3700 excipitur
1327 3635 1436 3695 unum,
1465 3615 1544 3698 quod
1568 3616 1701 3694 «paraturis

378 3739 439 3783 iton
463 3719 554 3781 iaciat
584 3739 621 3780 ex
643 3737 676 3781 se
704 3718 784 3782 aliud
814 3725 924 3799 gertus,
955 3729 1054 3783 tanton
1084 3723 1122 3783 cti
1152 3723 1223 3784 iacit
1245 3723 1393 3801 genetivo,
1425 3719 1474 3782 hie
1497 3718 1592 3780 lecttts
1614 3717 1702 3778 huius¹

383 3859 572 3871 ..nn-nn·—

448 3947 528 4001 moa.
546 3929 640 3998 carnot.
659 3948 702 4010 ao,
724 3947 810 3996 1-at
897 3951 914 3999 a
934 3959 1027 4014 napus
1043 3961 1071 4011 ρ.
1092 3952 1151 4009 aaa,
1170 3953 1205 4000 ao
1296 3951 1418 4011 saeros,
1439 3953 1518 4004 aaran
1535 3973 1562 4021 ρ.
1583 3959 1641 4014 4η.
1661 3961 1694 4007 aa

448 4177 533 4245 deuel
556 4181 626 4231 neB
715 4177 829 4251 hortae]
852 4197 903 4246 qua
926 4179 952 4230 B
1039 4183 1114 4233 lihie
1141 4195 1166 4233 et
1189 4183 1252 4236 haee
1275 4197 1300 4237 et
1318 4186 1367 4238 hoe
1385 4187 1487 4238 advena
1506 4188 1583 4240 lartius
1601 4207 1650 4242 orat.
1671 4189 1701 4254 li,

381 4271 443 4320 orld.
458 4285 472 4318 o
525 4269 541 4319 'l
556 4279 634 4333 napta
649 4266 681 4317 n.
694 4269 811 4330 sortasse
824 4270 862 4318 sic
875 4280 898 4319 et
912 4267 961 4319 ltoe
974 4279 1080 4334 ineptas,
1100 4269 1152 4322 aiei
1162 4272 1249 4335 potius
1262 4273 1371 4336 advena,
1386 4277 1456 4340 qnod
1467 4278 1610 4342 cantuplum
1622 4291 1702 4342 snpra

380 4372 406 4420 p.
422 4357 481 4418 ert,
497 4357 528 4404 15
548 4355 713 4420 ooalepitnr,
732 4357 1050 4422 poeteoadscriptumest
1102 4357 1269 4409 senatu-on
1325 4362 1356 4411 to
1376 4357 1512 4428 tae]aeB
1567 4364 1597 4410 11
1617 4361 1703 4412 Acha-

380 4451 418 4490 tcs
439 4437 554 4488 holcetae
570 4428 688 4506 Ἀχοίτης
711 4457 758 4492 om.
778 4439 803 4490 B
953 4455 1034 4491 crates
1060 4443 1137 4506 cratis
1162 4457 1266 4509 teporat
1285 4455 1313 4498 ut
1331 4447 1468 4498 niuneulua
1488 4447 1528 4497 B:
1547 4446 1702 4500 Sananda

379 4541 485 4590 prmum.
504 4539 526 4575 c.
549 4527 579 4574 11
661 4527 692 4576 ts
712 4525 753 4576 hie
772 4529 832 4578 attis
851 4527 957 4578 atthidis
978 4525 1018 4577 uel
1036 4527 1096 4578 attis
1115 4527 1141 4578 B
1159 4529 1201 4580 hie
1220 4531 1306 4582 Atthis
1326 4533 1439 4584 Atthidis
1458 4532 1497 4582 vel
1517 4531 1603 4582 Atthis
1622 4550 1637 4584 a

382 4613 414 4662 1⁷
434 4611 461 4662 in
475 4607 594 4678 Horatio]
615 4627 692 4664 curm.
712 4611 730 4662 Ι
748 4616 790 4672 36,
812 4616 845 4663 tr
863 4611 980 4662 Threicia
999 4613 1085 4664 vineat
1103 4616 1232 4681 amystide
1354 4614 1453 4687 omnia]
1474 4618 1590 4668 omnium
1610 4616 1636 4667 B

380 4699 414 4750 to
433 4692 488 4764 tos]
510 4709 550 4747 tus
569 4697 595 4747 B
664 4681 1079 4766 tdture]Verp.Aeo.1417
1159 4703 1193 4753 2⁷
1213 4702 1462 4770 etexeipiuntan
1532 4704 1565 4753 29
1585 4699 1701 4772 nomina]

383 4783 471 4832 omnia
490 4782 515 4832 B
603 4783 733 4834 secundae
756 4799 805 4835 sun
829 4784 1008 4835 declinationis
1033 4798 1135 4837 senecta
1160 4787 1201 4838 hie
1225 4801 1323 4850 rectus,
1345 4791 1395 4840 sed
1415 4791 1499 4840 deleto
1522 4801 1626 4840 senecta
1646 4789 1670 4840 B

417 4871 450 4920 30
468 4869 510 4919 hie
528 4871 607 4920 rietus
627 4869 704 4920 itatius
723 4871 802 4920 rictus
822 4889 835 4922 u
855 4871 955 4922 Pronus
973 4869 1015 4921 hie
1033 4883 1116 4923 rectus
1136 4873 1212 4924 huius
1231 4889 1315 4924 restris
1334 4874 1359 4924 B
