3858 5560
376 333 438 400 178
873 335 980 389 uentu
999 335 1195 390 morotum

373 527 649 605 connectebant,
681 527 739 588 octe
761 527 846 590 XXI
866 527 1076 606 Latonamque
1097 543 1252 608 supremo,
1286 526 1344 589 orle
1366 526 1460 590 xxm
1484 537 1610 592 matrem
1633 547 1693 592 non

374 629 439 692 sine
463 647 548 701 rano,
572 629 651 693 libro
676 629 714 692 lll
737 629 794 692 ode
817 629 868 693 Vll
891 629 998 714 Thyna
1020 649 1123 694 merce
1146 631 1284 701 beatum,
1314 633 1371 694 ode
1394 632 1480 694 XIII
1501 651 1574 695 cros
1595 635 1695 695 donn-

373 733 453 795 berr's
474 735 582 814 hoedo,
605 735 683 796 libro
706 733 782 796 IIII
802 734 860 797 ode
882 733 951 797 Xlll
974 737 1017 796 ris
1040 735 1171 798 formosa
1196 734 1300 797 videri.
1396 775 1402 790 .

459 836 542 900 Libri
566 838 579 900 l
602 836 658 899 olle
684 837 730 899 vl.
761 837 836 899 baec
870 837 927 901 ode
956 842 1120 921 composita
1149 849 1195 902 est
1223 838 1419 920 asclepiarlcis
1443 839 1556 912 tribus,
1586 851 1694 922 quarto

373 940 521 1023 glyconio,
546 940 583 1002 tle
607 939 717 1023 quibus
739 959 831 1022 supra
854 941 998 1013 diximus,
1707 959 1719 1000 a

578 1043 766 1107 scriberis
788 1044 896 1108 Vario
920 1045 1035 1108 lortis
1057 1057 1094 1109 et
1116 1047 1283 1110 bostium

581 1147 722 1220 victor,
747 1149 913 1212 hlaeonii
937 1151 1120 1214 carminis
1144 1149 1253 1222 alite,

579 1270 685 1334 quam
710 1271 786 1316 rem
810 1271 968 1334 cumque
992 1253 1102 1317 lerna
1127 1254 1287 1318 navibus
1309 1264 1373 1317 aut
1394 1256 1505 1332 equis
1586 1258 1588 1264 '

580 1354 690 1420 miles
713 1365 749 1420 te
772 1356 864 1419 duce
887 1359 1059 1437 gesserit

461 1457 546 1523 Libri
567 1461 658 1541 primi
682 1459 739 1522 ode
763 1457 814 1521 Vll

543 1562 758 1626 laudabunt
780 1561 846 1625 alii
869 1561 1012 1626 claram
1039 1565 1196 1628 Rhodon
1221 1575 1285 1628 aut
1307 1564 1527 1646 blitylenen.

372 1665 430 1729 hoo
453 1674 582 1729 metrum
606 1667 733 1728 heroum
756 1665 952 1730 hexametron
975 1675 1030 1738 est,
1054 1671 1142 1731 cuius
1165 1668 1336 1751 exemplum
1360 1678 1407 1731 est
1430 1667 1488 1731 ode
1510 1665 1630 1730 Xlll'lll

513 1778 551 1833 te
575 1773 690 1832 maris
714 1778 750 1832 et
772 1777 901 1832 terrae
924 1789 1158 1854 numeroque
1181 1770 1354 1835 carentis
1379 1772 1554 1840 harenae,

373 1873 454 1953 quod
478 1891 546 1936 cum
569 1876 609 1934 sit
630 1872 759 1954 simplex
784 1882 813 1934 et
836 1873 978 1936 omuibus
1007 1883 1122 1947 notum,
1152 1876 1455 1959 praetermittendum
1479 1893 1599 1938 censeo.
1646 1877 1693 1936 cui

373 1976 510 2040 subiacet
532 1975 631 2040 colum
654 1976 733 2060 quorl
757 1987 881 2039 roratur
911 1986 1117 2041 tetrametrum
1142 1982 1261 2061 epicum
1291 1979 1497 2043 catalecticum
1527 1986 1557 2039 et
1586 1996 1732 2042 conec-ra

372 2081 447 2144 titur
469 2099 505 2144 ex
529 2079 627 2144 tribus
650 2079 775 2162 dactylis
799 2088 828 2141 et
850 2080 994 2161 spondeo,
1042 2071 1044 2076 ’

683 2193 747 2248 aut
769 2183 945 2267 Epheson
970 2181 1176 2249 bimarisve
1199 2186 1383 2250 Corinthi.

458 2287 544 2351 Libri
567 2289 655 2370 primi
678 2287 735 2352 ode
759 2286 821 2350 Vlll
846 2286 948 2368 ‘Lydia
974 2287 1021 2350 dio
1044 2309 1100 2371 per
1123 2297 1238 2353 omnes’
1264 2288 1373 2374 recipit
1390 2299 1519 2354 metrum
1543 2289 1693 2351 choriam-

373 2391 485 2462 bicum.
509 2402 540 2455 et
562 2391 698 2474 quamuis
719 2411 775 2473 per
798 2390 926 2453 dicolian
944 2400 1082 2456 nectatur
1099 2394 1156 2456 boc
1172 2413 1262 2464 asma,
1288 2405 1386 2458 tamen
1404 2397 1500 2476 prima
1517 2403 1548 2455 ot
1562 2393 1693 2454 secunda

373 2495 591 2558 choriambicas
615 2495 748 2578 syzygias
771 2503 904 2558 srrnrunt.
951 2494 1004 2557 sed
1029 2497 1156 2578 primum
1188 2497 1353 2578 proedicon
1383 2497 1534 2559 dirrretron
1565 2494 1731 2559 cotaleo-ar

372 2600 463 2672 ticon,
488 2597 569 2680 quod
593 2601 752 2662 conficitur
775 2617 810 2660 ex
836 2599 1013 2662 choriambo
1036 2609 1066 2660 ct
1089 2600 1226 2672 bacchio,
1250 2609 1284 2662 ut

808 2701 920 2784 Lydia
943 2703 1002 2765 dic
1024 2723 1091 2786 per
1114 2723 1259 2774 omnes;

374 2795 483 2870 dehinc
1100 2801 1105 2808 '
1181 2861 1183 2865 .

314 2899 320 2912 '
539 2909 608 2972 hoc
631 2909 721 2973 deos
744 2929 831 2974 vere
856 2909 1020 2992 Sybarin
1044 2929 1110 2974 cur
1135 2929 1327 2994 properas
1351 2910 1517 2974 amantio.

375 3013 431 3074 hoc
455 3019 662 3076 tetrametrum
696 3013 929 3077 choriambicum
960 3013 1165 3078 catalecticum
1197 3015 1322 3078 dicitur:
1354 3014 1446 3078 habet
1469 3017 1548 3076 enim
1582 3016 1733 3096 primosea

373 3114 466 3197 pedes
503 3116 696 3180 choriambos
731 3126 808 3188 tres,
843 3127 985 3197 quartum
1019 3117 1195 3190 bacchium.
1235 3121 1285 3199 qui
1315 3117 1462 3181 catalexin
1492 3120 1575 3180 lacit.
1620 3117 1695 3178 baec

373 3236 492 3301 quoque
517 3228 612 3282 metra
642 3219 813 3283 adnotanda
842 3229 927 3293 sunt,
956 3223 1023 3302 quia
1054 3222 1133 3304 apud
1164 3222 1319 3285 Horatium
1350 3231 1486 3284 nostrum
1518 3219 1611 3284 semel
1642 3239 1694 3302 po·

375 3327 431 3386 sita
455 3331 535 3386 sunt.

460 3425 542 3489 Libri
566 3427 736 3510 primicie
759 3425 837 3491 Vllll

684 3533 789 3595 rides
812 3542 851 3594 ut
873 3530 948 3594 alta
972 3541 1046 3594 stet
1070 3535 1156 3595 nire
1181 3531 1394 3596 candidum.
1709 3559 1735 3600 m

375 3636 450 3698 baec
473 3633 530 3696 ode
559 3637 671 3717 scripta
701 3644 747 3696 est
777 3634 812 3696 ml
844 3635 1030 3697 tetracolian.
1078 3655 1113 3696 cx
1144 3634 1254 3717 quibus
1284 3635 1343 3697 cluo
1374 3643 1463 3696 erunt
1487 3632 1597 3696 alcaico
1624 3634 1695 3695 lueri·

374 3737 571 3818 ‹lecasyllaba
596 3740 719 3802 tertium
744 3739 906 3800 dimetrum
932 3737 1094 3800 iambicum
1118 3737 1403 3821 lrypercntaloctum,
1427 3747 1460 3798 ut

749 3845 872 3902 sttnne
894 3843 1124 3904 tnbornnt‘es
1144 3847 1323 3919 metuque,

374 3953 516 4025 qrenrtum
540 3948 706 4007 trimetrum
730 3947 847 4022 epiorum
870 3945 1160 4024 luypercntntectnnn
1185 3957 1218 4008 nt

742 4048 902 4110 llumiua
927 4051 1187 4111 constiterint
1211 4059 1333 4113 actito.

380 4171 583 4181 ...μ-*-

443 4261 461 4308 4
478 4255 549 4307 Libri
568 4254 579 4305 1
599 4256 647 4306 ode
665 4256 701 4305 Vl
717 4272 746 4322 p.
768 4257 825 4314 too,
846 4258 861 4304 7

375 4369 582 4378 -—————

375 4432 498 4490 carmine,
517 4445 583 4497 queue
601 4429 700 4490 ututur,
718 4435 869 4479 enrerrrereto
886 4436 945 4478 orant
962 4429 988 4478 in
1007 4429 1180 4494 neclepinclet'e
1198 4436 1223 4479 et
1241 4431 1268 4478 in
1279 4427 1418 4493 ylyconer'e.
1437 4426 1615 4491 rfip.165‚⁶
1634 4427 1695 4494 plue-

375 4501 490 4550 recratiie
510 4515 573 4548 usura
594 4497 715 4549 estlibro
734 4498 818 4563 primo
837 4509 937 4563 quater,
962 4499 1037 4548 tertio
1057 4500 1106 4560 bis,
1132 4512 1224 4560 quinino
1249 4499 1297 4557 lois,
1321 4511 1470 4563 quemquern
1491 4495 1528 4545 itt
1549 4495 1582 4546 de
1601 4503 1695 4562 anrrto

375 4569 441 4620 libro
453 4576 567 4618 matum
579 4575 618 4618 ent
672 4565 1081 4632 touexxlrtetp.1rt,ra
1134 4567 1217 4616 totle
1237 4565 1294 4631 Vll]
1314 4568 1340 4616 in
1359 4564 1532 4627 asclepiadem
1548 4580 1574 4628 ρ,
1589 4568 1648 4628 ru,
1663 4567 1696 4616 10

377 4639 426 4688 ode
445 4637 492 4686 Vll
510 4638 573 4702 quitl
598 4638 644 4687 llee
662 4637 763 4686 Asterie
786 4651 862 4698 quem
887 4636 932 4687 ribi
951 4637 1054 4687 carrelidi
1073 4643 1099 4688 et
1117 4638 1142 4685 in
1159 4639 1293 4702 ntyooner'a
1311 4652 1337 4698 p.
1357 4635 1415 4696 tro,
1430 4635 1465 4682 30
1488 4635 1536 4682 one
1561 4633 1608 4682 Vll
1632 4648 1696 4684 cou-

376 4707 468 4757 stantio
487 4707 605 4758 iruverrem
626 4706 684 4756 llrlei
754 4706 955 4772 tcompositne
974 4706 1145 4772 asclepiadeus
1164 4709 1189 4756 A
1262 4708 1291 4754 ll
1311 4700 1444 4767 mitileunn
1465 4703 1485 4752 A
1559 4704 1589 4754 12
1607 4702 1693 4771 cuius]

376 4790 433 4825 curn
453 4777 477 4826 A
550 4770 724 4842 lacerantis]
746 4775 840 4824 curinio
861 4776 885 4825 A
953 4775 983 4825 18
1002 4775 1170 4842 praecipitA
1245 4777 1276 4826 19
1294 4765 1426 4836 utramvis]
1446 4771 1524 4832 qiaA
1594 4773 1694 4840 Ξῡριιι

376 4845 504 4910 epoelicon
523 4848 549 4897 A
619 4846 652 4896 26
671 4844 686 4908 [1
702 4842 737 4910 (h.
757 4860 779 4896 e.
799 4844 876 4908 qum)
896 4844 996 4894 catalex
1014 4845 1103 4895 inluuie
1120 4845 1145 4894 A
1217 4845 1249 4894 27
1268 4838 1341 4906 quiin]
1361 4841 1429 4902 qni
1447 4841 1472 4890 A
1493 4839 1543 4905 quir
1566 4841 1625 4894 tm.

377 4915 409 4964 32
429 4911 545 4980 tertium]
565 4926 684 4977 qrrartnm
703 4915 727 4964 A
799 4917 832 4965 33
851 4913 930 4964 silvae
949 4939 982 4951 -
1000 4912 1034 4964 ut
1053 4913 1284 4980 hypercatalccnnn
1306 4926 1332 4962 ιιι
1349 4925 1396 4961 orn.
1411 4911 1436 4960 A
