3906 5564
623 315 984 388 transsumam
1003 335 1027 400 a,
1044 337 1061 386 t
1080 360 1112 372 -
1131 335 1156 398 a,
1175 335 1190 387 r
1509 329 1571 396 115

271 435 405 492 passast
427 434 450 478 Ρ.
1383 432 1544 486 mannaan.

248 527 337 590 nis’:
376 525 434 588 boc
463 543 580 589 comma
613 524 777 590 dimetrum
809 527 928 606 epicum
962 532 1186 608 nuncuparunt.
1231 526 1304 587 item
1334 523 1371 584 ‘a
1399 523 1571 586 crudelis

156 651 160 662 ·
246 627 355 694 Alexi
384 627 484 692 nihil
513 633 628 703 mea',
664 629 774 694 debinc
808 629 996 692 ‘carmina
1025 631 1165 692 curas’.
1212 626 1291 690 uude
1319 623 1454 707 intellegi
1483 625 1571 689 datur

248 731 419 798 bucolicum
437 751 562 797 carmen
578 751 633 798 seu
651 743 781 798 metrum
806 751 842 795 ex
866 735 1034 796 tentamenti
1056 741 1085 795 et
1106 734 1230 795 dimetri
1252 749 1358 794 rersus
1380 728 1571 812 copulatione

248 835 426 901 subsistere.
453 871 492 884 -
517 839 609 920 igitur
636 837 668 900 hl
696 839 866 900 tetrametri
896 819 1000 932 heroo¹
1018 835 1196 899 hexametro
1224 833 1353 898 subnexi
1382 836 1487 897 scitam
1518 833 1569 895 ad·

219 939 371 1008 amodum
395 940 527 1030 epodum
551 940 737 1006 carminibus
760 939 885 1012 dabunt,
910 949 942 1003 ut
965 938 1043 1021 apud
1069 939 1224 1005 Horatium

368 1043 423 1109 ull
446 1045 728 1128 desperandum
751 1044 903 1108 Teucro
926 1043 1020 1106 duce
1044 1053 1079 1107 et
1101 1047 1262 1126 auspice
1285 1043 1449 1118 Teucro,

249 1148 357 1212 debinc
1223 1151 1224 1158 ’

601 1261 734 1317 certus
756 1253 854 1316 enlm
878 1252 1058 1333 promisit
1080 1251 1226 1334 Apollo,

249 1377 327 1440 quac
343 1356 460 1441 dactylo
475 1355 554 1439 pede
570 1356 670 1420 clausa
684 1353 894 1428 alemanicum,
918 1356 1055 1439 spondeo
1071 1365 1172 1420 autern
1195 1353 1414 1420 archilochium
1438 1365 1569 1421 metrum

210 1486 236 1526 to
249 1461 367 1525 ettlclet.
414 1461 485 1525 huic
506 1463 531 1524 si
554 1460 630 1524 duos
648 1459 742 1543 pedes
764 1459 851 1524 heroi
875 1459 1042 1524 hexametri
1057 1459 1278 1542 praeposueris,
1303 1459 1384 1522 velut
1405 1463 1452 1523 ‘iu
1470 1460 1570 1524 medio

249 1565 350 1637 mihl’‚
375 1566 432 1628 erit
456 1583 492 1628 ex
517 1573 694 1628 tetrametro
717 1563 894 1626 hexameter
917 1563 996 1638 talis,

520 1671 551 1732 in
575 1667 675 1732 medlo
697 1665 772 1730 mibi
795 1677 897 1732 certus
918 1671 1003 1732 enim
1024 1669 1163 1751 promisit
1183 1666 1300 1752 lpollo.

248 1771 280 1836 bl
294 1774 462 1838 tetrametri
478 1773 601 1854 tragicis
623 1771 726 1834 choris
748 1789 765 1833 a
788 1770 942 1854 plerisque
965 1771 1132 1836 miscentur
1155 1781 1186 1836 et
1208 1774 1375 1835 continuati
1399 1791 1458 1836 non
1483 1792 1570 1837 num·

157 1959 161 1968 Ι
248 1895 339 1959 quam
362 1877 472 1940 choros
495 1874 655 1959 explicant,
679 1885 713 1938 ut
735 1875 816 1958 apud
840 1875 1039 1958 Pomponium
1062 1877 1232 1958 reperimus
1256 1875 1260 1957 l

212 2005 237 2047 as
558 1979 723 2063 pendeat
745 1998 788 2042 ex
812 1982 954 2043 ameris
978 1977 1104 2043 dulcia
1132 1979 1262 2062 chelys

559 2092 596 2146 et
618 2100 794 2147 numeros
816 2083 902 2146 edat
925 2085 1070 2156 varios,
1095 2083 1232 2165 qulbus

558 2187 718 2252 adsonet
740 2203 848 2250 omne
871 2187 997 2250 virens
1021 2186 1097 2250 late
1121 2204 1259 2251 nemus.

250 2292 297 2355 lris
321 2309 438 2373 quoque
462 2292 486 2354 si
511 2289 547 2354 ad
571 2293 715 2355 extimum
739 2289 851 2354 adicias
874 2288 962 2368 binos
984 2289 1092 2371 pedes,
1123 2293 1277 2372 integrum
1301 2290 1509 2356 hexametrum
1533 2292 1570 2355 de

251 2394 355 2458 mutilo
378 2395 492 2458 eillcies
514 2393 572 2456 hoe
594 2393 694 2465 motio,

211 2523 237 2564 ao
454 2496 587 2580 pendeat
608 2517 645 2562 ex
668 2501 784 2562 umeris
807 2496 906 2562 dulcis
929 2496 1032 2580 chelys
1054 2506 1123 2580 apta
1146 2497 1268 2562 choreis

455 2609 486 2664 et
508 2619 653 2665 numeros
675 2601 746 2666 edat
767 2603 877 2672 uarios,
902 2602 1013 2682 quibus
1037 2621 1109 2666 ecce
1131 2605 1336 2686 propinquum
1426 2671 1429 2678 ,

454 2705 578 2770 adsonet
604 2725 694 2769 omne
716 2706 816 2768 uirens
838 2703 897 2769 late
921 2724 1029 2770 uentus
1053 2723 1183 2790 artaque
1207 2707 1298 2770 iuxta.
1337 2704 1349 2791 b

251 2811 351 2892 equis
365 2808 482 2872 duobus
503 2808 632 2892 pedibus
656 2811 741 2892 prior
763 2807 898 2891 dactylus
920 2829 1042 2893 semper
1065 2822 1119 2883 est,
1143 2830 1274 2893 sequens
1296 2811 1456 2895 spondeus.
1502 2829 1571 2876 rur·

250 2933 316 2978 sum
344 2922 520 2978 tetrametro
548 2913 658 2986 heroo,
686 2915 717 2976 in
746 2933 806 2995 qun
835 2921 976 2996 quattuor
1004 2923 1121 2979 tanturn
1149 2914 1272 2998 dactyli,
1302 2918 1329 2978 si
1353 2915 1486 2979 subicias
1508 2924 1571 2980 tres

213 3016 365 3084 aeiambos
388 3035 424 3080 eo
448 3036 542 3088 more,
567 3037 628 3099 quo
651 3025 713 3080 tres
736 3015 870 3080 trochaei
896 3013 1080 3102 [phalaecio]
1105 3016 1293 3098 copulantur,
1318 3028 1448 3084 metrum
1465 3024 1570 3084 soteri·
1654 3054 1658 3062 ·

250 3141 319 3186 cum
342 3120 454 3184 eilieies
476 3123 526 3190 ita.

319 3347 335 3398 a
358 3359 426 3410 quae
447 3343 602 3411 dactylo-
622 3348 655 3398 10
673 3345 768 3398 etbeiet
784 3365 810 3414 p.
832 3349 876 3406 71,
892 3348 925 3398 13

321 3537 335 3588 1
354 3551 369 3588 o
386 3529 510 3604 crudelia]
534 3534 614 3602 Verp.
631 3537 712 3588 bacol.
731 3537 788 3602 2,t
868 3537 1118 3588 sextemascum
1138 3553 1208 3588 corr.
1227 3552 1259 3587 ex
1279 3539 1417 3591 tetrametri
1438 3541 1461 3592 A
1545 3553 1571 3592 et

250 3607 352 3658 dimetri
369 3607 457 3659 am
471 3602 525 3661 Βς
607 3619 698 3656 versus
718 3631 750 3642 -
767 3607 785 3656 t
802 3603 954 3655 hexametro
977 3607 1004 3655 in
1026 3621 1107 3672 marp.
1129 3607 1192 3658 add.
1218 3609 1243 3658 A
1325 3611 1481 3662 hearminis
1499 3626 1568 3665 corr.

250 3675 407 3726 carminibus
425 3676 451 3727 A
530 3673 556 3724 'b
574 3673 609 3723 nil
627 3673 819 3743 desperandum
844 3675 984 3740 (desperart
1004 3676 1028 3726 Α
1051 3674 1243 3741 desperandum
1263 3692 1280 3727 a
1300 3675 1370 3742 Vol.)
1389 3677 1454 3729 duce
1472 3679 1570 3730 Teucro

87 3837 91 3844 .
250 3745 400 3866 32⁸¹?
417 3741 698 3869 littd'itltt
711 3760 790 3864 Ψ·
808 3741 970 3864 liti...
989 3745 1070 3863 {ql
1088 3743 1265 3866 sithi.
1283 3746 1570 3882 ..ilglttatln

182 3865 190 3879 ⁰
249 3884 366 3935 dimeuia
385 3884 459 3948 equis
482 3879 584 3949 (aequis
603 3878 632 3952 ς)
654 3881 758 3934 duobus
781 3881 892 3949 pedibus
912 3878 1014 3937 ΑΒς.
1041 3883 1219 3947 perturbatura
1241 3884 1375 3936 uerborum
1396 3887 1513 3938 ordinem
1532 3889 1570 3938 ita

250 3955 354 4004 restituti
378 3955 457 4004 aalait
480 3951 611 4018 Berptritrs
633 3953 660 4003 t'rt
683 3953 893 4004 mentatione
920 3951 1070 4002 acaderttiea
1093 3951 1210 4016 beneficii
1236 3953 1494 4021 Wolsrmaadarfiaat
1514 3959 1570 4022 lepe

250 4023 322 4074 edita
340 4022 404 4075 aar.
422 4039 448 4073 a.
461 4023 528 4074 1111
547 4038 573 4088 p.
585 4025 610 4080 6,
631 4019 669 4072 Ex
688 4021 729 4072 laia
748 4022 828 4087 igitur
845 4019 910 4072 colis
928 4035 976 4070 seu
993 4019 1121 4084 dimetria,
1139 4037 1153 4070 e
1171 4022 1230 4085 quis
1248 4021 1352 4074 duobus
1370 4025 1480 4091 pedibus
1499 4026 1571 4091 prior

251 4091 369 4157 dactylus
391 4105 496 4158 semper
518 4102 568 4160 est,
591 4105 703 4154 sequeus
727 4090 871 4156 spondeus,
894 4089 965 4154 quod
986 4101 1095 4140 metrum
1120 4104 1227 4141 rotatur
1248 4089 1383 4158 δίμοιρον
1405 4084 1507 4146 ἐπικὸν
1530 4109 1571 4150 ec.

250 4161 321 4225 qaod
332 4161 401 4212 duos
420 4159 500 4227 pedes
518 4159 612 4210 heroos
630 4169 729 4209 tanturn
747 4160 854 4226 recipiat
870 4159 1001 4225 dactylum
1019 4159 1175 4226 spondeum,
1193 4159 1302 4228 Sappho
1314 4162 1453 4212 dicitur-
1467 4163 1525 4224 116,
1540 4164 1570 4213 18

250 4229 366 4281 eiusdem
385 4230 493 4280 armatis
512 4227 610 4280 similes
628 4225 759 4278 clattsulas
777 4227 866 4279 haberi
884 4227 937 4290 (oei
951 4229 1039 4294 potiar
1056 4229 1172 4280 eirtsdem
1188 4231 1296 4280 armatis
1309 4231 1406 4280 extima
1424 4231 1481 4282 cola
1499 4233 1571 4283 simi-

250 4299 288 4350 les
301 4297 431 4350 clausulas
443 4295 550 4364 babere)
562 4297 695 4364 deinceps.
719 4311 807 4348 rusum
821 4307 968 4348 tetrametro
982 4297 1060 4348 heroo
1075 4300 1133 4358 llil,
1147 4300 1298 4364 13-116,
1312 4300 1328 4349 1
1344 4299 1432 4350 lurore
1444 4315 1570 4367 congruo.

252 4384 341 4421 rusum
353 4368 415 4420 haic
428 4379 575 4420 tetrametro
589 4364 760 4418 Arcldlocltus
772 4381 830 4434 app.
855 4373 976 4432 praedat
992 4373 1076 4418 tmrtert
1094 4369 1161 4419 ordo
1179 4369 1224 4436 pat·
1240 4376 1281 4419 eet
1298 4371 1323 4419 tat
1341 4367 1428 4420 libris:
1447 4387 1505 4421 nam
1515 4373 1572 4436 pri·

250 4455 314 4490 atam
335 4440 370 4490 de
393 4437 491 4490 aeetae
512 4437 577 4489 cott'e
594 4451 684 4488 ceraue
706 4433 815 4486 bucolici
832 4435 936 4500 dicitur,
959 4435 1053 4486 deinde
1072 4436 1104 4488 de
1122 4444 1273 4489 tetrametro
1291 4429 1454 4490 catalectico.
1482 4441 1530 4490 aed
1547 4457 1570 4489 a.

252 4523 285 4558 ex
302 4507 343 4560 bia
362 4507 443 4575 igitur
465 4505 529 4557 eolis
548 4521 596 4557 seu
618 4505 744 4564 dimetria,
768 4519 834 4571 qnae
856 4501 990 4555 matellae
1013 4507 1069 4555 loco
1091 4507 1247 4573 interposita
1268 4515 1346 4556 eram
1368 4505 1438 4571 (acra
1457 4524 1488 4559 ea
1507 4525 1572 4574 qaae

250 4583 392 4645 reponantur
409 4593 424 4628 e
441 4575 499 4641 qnia
519 4574 622 4626 duobus
640 4573 751 4642 pedibus
770 4575 807 4624 ari
825 4573 856 4624 ts
876 4573 951 4623 uiuos
968 4573 1051 4639 pedet
1067 4573 1220 4640 pertinent),
1240 4577 1389 4640 transposui
1407 4584 1466 4642 post
1487 4579 1574 4640 tiss

251 4647 397 4713 spondeum
449 4646 484 4697 13
495 4655 630 4702 ωτιιιως
648 4657 738 4696 susum
751 4641 806 4695 AB
859 4643 892 4693 15
905 4640 1062 4708 phaleeloA
1081 4641 1212 4708 phaleucio
1226 4642 1251 4694 B
1270 4643 1382 4710 pltallico
1399 4646 1574 4709 Gorbsordtae.

252 4715 405 4780 phalaeciott
422 4731 459 4767 em
476 4715 509 4766 iia
527 4730 593 4782 patae
610 4713 683 4778 infra
697 4713 754 4770 111,
768 4713 800 4762 11
814 4713 846 4763 de
863 4725 939 4762 cerata
956 4711 1112 4764 archilochio
1131 4715 1263 4780 Quieta
1275 4720 1335 4764 aaut
1345 4715 1504 4781 adscriptum
1516 4730 1573 4767 ease

251 4785 365 4843 vitietur,-
383 4791 428 4836 aret
444 4783 607 4837 scribendam
625 4793 677 4834 tres
696 4781 821 4844 troclrrtei,
839 4779 911 4844 quod
929 4793 969 4831 est
986 4792 1095 4831 matrum
1114 4782 1277 4850 plralaecium
1335 4797 1444 4834 metrum
1464 4785 1574 4835 soteria·

253 4866 310 4901 cnm
329 4851 483 4906 miscitat
500 4853 594 4906 Philol.
613 4851 686 4903 xxi
703 4868 731 4917 p.
752 4845 806 4902 283
830 4851 929 4902 nornine
946 4852 1022 4902 metri
1038 4853 1079 4902 aet
1099 4867 1116 4901 a
1134 4854 1175 4904 dia
1194 4855 1238 4919 pat
1254 4853 1374 4904 armatur
1392 4852 1518 4921 σωτῆρες
1536 4855 1576 4905 uei

254 4937 271 4970 a
287 4937 382 4987 pestere
400 4925 538 4974 carantanam
555 4939 622 4989 artae
640 4920 816 4990 inscribantur
839 4915 964 4987 σωτήρια
988 4919 1114 4985 (Labecia.
1136 4923 1263 4988 Aplaoph.
1281 4939 1309 4988 p.
1330 4923 1397 4988 383)
1417 4925 1493 4974 dareta

1325 5007 1364 5062 8*
