3904 5556
381 279 421 345 10
876 279 982 332 uranu
1004 278 1195 334 vroromm

405 396 427 438 p.
440 383 498 424 arsa
513 383 539 424 se
553 380 575 423 r.
1523 396 1545 440 p.
1560 385 1624 426 o-tt
1639 381 1665 426 c.

378 472 438 536 duo
465 490 492 553 p.
513 481 690 556 apparatum
714 470 846 554 lappam,
877 489 931 551 per
960 469 1019 535 duo
1047 472 1261 535 rrirrootium
1291 471 1415 537 barrum
1442 477 1537 538 currit
1564 474 1690 542 ferrum,

377 579 449 640 item
472 596 527 659 per
550 578 610 640 duo
632 595 646 638 s
669 575 821 640 assiduum
846 576 981 640 Cassium
1004 577 1133 646 iussum,
1158 583 1189 639 et
1210 593 1265 658 per
1288 575 1348 638 duo
1370 587 1383 639 t
1404 577 1501 640 Attius
1523 575 1638 642 Vettius
1661 587 1692 639 et

377 679 495 744 similia.
541 699 609 743 nam
633 687 666 741 ut
689 677 773 744 color
797 678 954 743 oculorum
978 680 1097 752 iudicio,
1125 699 1215 763 sapor
1237 678 1336 761 paiati,
1360 679 1435 744 odor
1450 683 1568 744 narium
1589 680 1690 744 dinos-

377 786 471 856 citur,
501 785 542 847 ita
564 801 656 847 sonus
678 783 794 846 artrium
818 783 943 848 arbitrio
965 783 1119 848 subiectus
1142 793 1197 848 est.
1242 781 1393 847 clarorum
1422 793 1522 849 autern
1546 785 1689 856 virorum,

377 905 452 968 quos
474 904 566 969 supra
590 887 750 958 nominari,
774 887 1023 950 consuetudinem
1039 891 1070 952 in
1094 887 1180 952 iibris
1202 889 1338 970 reperire
1360 905 1521 968 possumus
1543 907 1658 952 corum.
1703 901 1718 944 ⁵

463 990 618 1054 Sacratum
636 988 725 1052 debet
739 991 842 1072 scribi,
867 1009 926 1056 non
941 999 1106 1056 secretum:
1135 999 1283 1056 sacratum
1300 998 1399 1054 autern
1419 993 1450 1054 in
1473 993 1690 1072 compositione

377 1100 585 1156 consecratum
608 1093 693 1165 iacit,
717 1113 772 1176 per
794 1115 808 1158 s
832 1103 861 1158 et
885 1114 916 1168 e,
946 1114 1007 1158 non
1029 1113 1085 1176 per
1107 1114 1122 1158 s
1145 1105 1175 1158 et
1197 1115 1222 1158 a.
1268 1096 1312 1158 sio
1335 1105 1365 1158 ct
1387 1102 1487 1158 castus
1516 1094 1588 1158 iacit
1609 1092 1620 1178 ΙΙ
1643 1095 1688 1158 in·

377 1209 507 1270 castum,
538 1213 596 1260 noo
620 1198 778 1260 incastum.
818 1201 1008 1280 promiscuus
1032 1200 1120 1260 etiam
1145 1199 1314 1280 promiscue
1336 1197 1424 1269 tacit,
1455 1215 1515 1261 oon
1539 1200 1690 1280 promisce

378 1303 407 1385 (ιι
432 1300 655 1383 enimperduci
677 1320 738 1366 non
763 1301 872 1383 debet).
897 1303 975 1364 siout
997 1302 1135 1366 assiduus
1157 1302 1277 1367 assidue
1300 1301 1380 1365 iacit.

462 1405 553 1480 Quot,
583 1407 722 1486 quotiens
745 1424 904 1469 nanterum
927 1406 1141 1486 significamus,
1165 1425 1220 1488 per
1243 1415 1268 1477 t,
1293 1423 1352 1469 oon
1374 1405 1471 1487 perd
1496 1404 1688 1468 scribendum
1705 1419 1731 1459 1⁰

376 1509 442 1580 erit,
467 1518 500 1570 ut
515 1515 558 1570 tot
573 1519 656 1591 quot.
703 1511 791 1572 sicet
807 1509 945 1591 quotiens
966 1511 1148 1592 praepositio
1172 1511 1229 1572 erit
1251 1509 1298 1580 ad,
1321 1529 1377 1592 ρει
1400 1509 1429 1581 d,
1454 1518 1487 1572 ut
1509 1508 1569 1572 ‘ad
1593 1527 1690 1572 tuor·

377 1621 448 1675 tem
472 1611 502 1676 si
526 1622 561 1676 te
583 1612 679 1675 iors’
710 1621 741 1676 et
763 1612 823 1675 ‘ad
846 1631 952 1694 quem
976 1613 1032 1675 sic
1055 1615 1199 1682 roseo’;
1226 1611 1229 1696 i
1253 1613 1279 1676 si
1302 1614 1482 1678 esitantem
1505 1614 1688 1685 coniunctio,

375 1723 465 1797 pert,
489 1722 522 1778 ut
544 1719 598 1777 ‘at
620 1717 751 1797 regina
774 1717 907 1795 grari’.
954 1716 1069 1796 antirpri
1085 1734 1141 1797 pro
1164 1715 1217 1778 sed
1241 1715 1416 1779 scribebant
1436 1715 1557 1788 sedum;
1587 1725 1689 1781 nostra

375 1828 455 1884 aetas
482 1827 598 1900 partem
629 1817 796 1882 litterarum
825 1819 856 1880 io
880 1839 916 1881 eo
939 1819 1116 1891 reservavit,
1145 1827 1260 1899 partem
1292 1817 1445 1882 brevitatis
1472 1821 1569 1900 gratia
1593 1839 1629 1883 ex
1652 1839 1689 1882 eo

375 1921 519 1995 detraxit,
549 1919 662 1986 nuliam
684 1923 865 1995 immutante
896 1930 925 1984 et
952 1924 1021 1986 ideo
1049 1939 1104 1986 nos
1127 1941 1181 2005 per
1203 1925 1226 1986 ci
1246 1921 1299 1986 sed
1322 1941 1411 2005 quam
1434 1941 1489 2006 per
1512 1932 1524 1986 t
1544 1929 1590 1986 set
1612 1927 1729 1988 sori-1⁵

374 2023 488 2092 bamus.
1673 2096 1682 2114 ⁸

460 2129 585 2193 Nomina
609 2151 687 2214 quae
710 2129 854 2212 singulari
877 2133 1059 2194 norninatiro
1082 2149 1153 2194 casu
1176 2133 1206 2192 in
1231 2150 1265 2194 us
1288 2130 1399 2194 litteris
1422 2133 1631 2204 terminantur,
1655 2141 1688 2194 ut

374 2233 614 2298 AtticusBrutus
630 2244 659 2296 et
674 2234 790 2306 similia,
814 2239 955 2315 genetiro
979 2254 1051 2298 cosu
1075 2251 1134 2296 utra
1157 2243 1278 2317 recepta
1302 2236 1312 2297 i
1334 2233 1433 2298 littera
1456 2233 1687 2298 decimabuntur

374 2346 402 2400 et
424 2321 611 2410 scribentur,
640 2357 701 2401 non
729 2357 785 2420 ρει
807 2338 866 2401 duo
890 2340 914 2408 i.
948 2345 979 2400 ut
1000 2339 1090 2402 attici
1114 2338 1209 2401 Bruti.
1250 2357 1326 2421 quae
1348 2347 1449 2402 autera
1472 2339 1654 2402 nominativo
1677 2341 1686 2400 i

373 2442 503 2505 litteram
532 2441 707 2514 habuerint,
737 2453 770 2506 ut
797 2441 909 2506 Gellius
932 2441 1079 2516 Furnius,
1109 2443 1248 2523 genetivo
1276 2442 1431 2522 geminare
1459 2441 1571 2540 debent
1598 2443 1623 2515 i,
1654 2450 1727 2506 urso

374 2543 461 2610 Geiiii
484 2544 598 2609 Furnii.

459 2645 572 2713 Voster
596 2651 683 2714 vortit
711 2661 742 2714 et
769 2649 876 2714 similia
908 2669 1017 2732 pere,
1049 2668 1107 2714 non
1133 2667 1189 2732 por
1212 2669 1244 2720 o,
1274 2647 1409 2714 scribere
1432 2648 1587 2714 debemus.
1617 2649 1686 2718 ,bas

373 2753 463 2834 igitur
492 2773 579 2816 rooes
608 2762 637 2815 et
666 2753 779 2836 sirniies
811 2755 877 2817 istis
905 2777 923 2816 a
950 2755 1082 2835 itemque
1110 2752 1260 2834 agendum
1289 2751 1474 2817 caedendum
1506 2753 1685 2836 capiendum

373 2855 543 2920 iaciendum
567 2876 622 2938 por
645 2878 661 2922 o
684 2859 895 2940 potiusquam
918 2877 973 2938 por
997 2876 1031 2929 u,
1055 2858 1132 2920 sicut
1159 2858 1326 2920 acerrimus
1350 2846 1533 2940 existimati
1556 2859 1684 2921 extimus

372 2959 495 3022 intimus
518 2963 665 3023 maximus
687 2963 830 3025 minimus
854 2963 1065 3042 manipretium
1088 2962 1210 3042 sonipes
1233 2979 1287 3042 per
1310 2962 1320 3023 i
1342 2979 1432 3043 qoam
1455 2979 1510 3044 per
1533 2980 1561 3024 u.
1698 2967 1725 3010 ²⁵

458 3062 541 3136 Quae
559 3081 675 3127 rocosz
699 3063 815 3128 litterae
839 3083 946 3128 sonum
971 3065 1101 3146 exigunt,
1126 3081 1176 3126 cas
1198 3081 1253 3145 ρει
1276 3083 1290 3125 z
1313 3065 1379 3127 sine
1403 3061 1462 3126 ulia
1485 3063 1684 3128 haesitatione

445 3292 477 3340 10
500 3288 568 3350 Quot
590 3289 648 3341 Vei.
666 3289 749 3356 Lonp.
762 3292 836 3341 2230
855 3289 972 3340 Cassiod.
987 3291 1055 3340 2201
1127 3290 1158 3339 11
1177 3286 1212 3339 oti
1230 3287 1313 3351 Quint.
1332 3287 1348 3338 1
1368 3293 1390 3344 t,
1409 3293 1426 3339 5
1448 3291 1504 3340 Vei.
1518 3287 1602 3355 Lonp.
1616 3289 1685 3340 2230

372 3357 439 3424 Cap.
459 3361 528 3409 2211
595 3362 626 3412 13
644 3360 689 3410 sed
709 3359 809 3410 Cdnris.
824 3361 913 3422 112,5
935 3357 995 3413 Ter.
1014 3358 1106 3410 Scaur.
1125 3359 1195 3408 2251
1214 3357 1331 3410 Cassiod.
1350 3359 1422 3410 2233
1445 3358 1500 3410 Vei.
1514 3357 1598 3424 Loup.
1611 3361 1684 3409 2231

463 3429 496 3480 22
519 3439 606 3478 voster
630 3427 712 3490 Quinti.
736 3428 754 3479 1
777 3431 793 3478 7
814 3431 848 3479 25
878 3428 976 3478 cama.
1002 3429 1062 3486 tta,
1085 3431 1101 3478 5
1132 3426 1251 3478 Cassiod.
1275 3428 1347 3478 2233
1449 3428 1482 3478 25
1523 3442 1551 3477 ει
1574 3427 1582 3476 i
1606 3442 1684 3490 quam

319 3553 326 3566 ·
372 3511 418 3617 ρει
436 3511 453 3546 u
462 3513 497 3617 ρ
507 3499 559 3619 212οε,
572 3500 606 3548 22
639 3497 724 3561 Quint.
748 3497 765 3548 I
790 3501 811 3560 7,
837 3501 871 3549 21
907 3496 963 3548 Vei.
987 3495 1071 3562 Lnnp.
1095 3497 1175 3550 2216,
1201 3498 1280 3550 2228.
1302 3497 1376 3548 2235
1413 3493 1472 3548 Ter.
1496 3443 1590 3548 genua.
1614 3497 1683 3548 2250

392 3567 488 3617 mmo.
561 3571 577 3619 d

442 3783 456 3832 1
474 3777 590 3847 barrum]
610 3797 713 3832 narrum
732 3781 795 3834 AB
812 3795 869 3838 ως
947 3777 1095 3848 avernus]
1121 3783 1217 3832 nuttios
1236 3779 1292 3834 AB
1310 3793 1367 3838 ως
1450 3781 1466 3832 6
1484 3795 1536 3831 non
1555 3791 1682 3844 sacratum

371 3874 397 3927 Β
415 3890 467 3927 noo
485 3860 615 3938 secritum
637 3877 722 3928 deleto
739 3885 831 3944 postea
849 3878 937 3928 littero
953 3878 1134 3943 superscripta
1151 3877 1178 3928 A
1196 3891 1247 3926 nou
1266 3887 1392 3928 secretum
1415 3877 1472 3927 Vni.
1550 3877 1567 3928 8
1586 3877 1683 3943 promi·

371 3942 461 4013 sanus]
477 3947 624 4011 promiscua
638 3963 659 3996 ιυ
673 3959 689 4002 ς
753 3949 768 3997 9
786 3945 891 4013 perduci
906 3959 954 3996 non
968 3947 1045 3996 debet
1056 3949 1164 3997 coniecit
1178 3945 1342 4010 Guiosordiae
1354 3945 1462 4012 produci
1475 3944 1550 3996 debet
1562 3946 1587 3995 A
1595 3944 1619 3996 B
1632 3959 1683 4003 ως

371 4015 476 4080 perduoi
490 4015 565 4064 debet
578 4013 741 4065 Camerarius
812 4018 844 4066 10
862 4013 930 4074 Οιιοι
947 4014 1065 4066 σηιΑΒ
1076 4027 1128 4071 ως
1199 4017 1230 4065 11
1249 4015 1409 4081 praepositio
1428 4015 1476 4065 erit
1495 4013 1529 4064 ad
1548 4015 1683 4071 ιιιΑως

371 4083 533 4150 praepositio
551 4083 574 4133 si
593 4084 641 4132 erit
658 4083 691 4132 ud
710 4083 791 4150 perd
811 4096 837 4133 ut
855 4082 881 4134 B
950 4084 983 4134 ud
996 4079 1116 4152 mortem]
1140 4085 1220 4150 Verp.
1235 4085 1301 4136 Aen.
1315 4082 1376 4135 XII
1390 4085 1422 4134 11
1495 4085 1525 4133 12
1544 4085 1576 4133 ad
1595 4080 1683 4149 quern]

375 4151 454 4213 Verp.
476 4155 538 4204 Aen.
560 4151 654 4203 VIIII
672 4156 688 4202 5
758 4149 852 4216 autem}
872 4155 897 4202 ait
915 4151 952 4214 (d.
965 4168 987 4206 e.
1002 4151 1100 4212 utitem)
1120 4155 1143 4203 A
1163 4163 1189 4203 at
1206 4152 1233 4204 B
1304 4154 1335 4203 13
1352 4162 1380 4201 at
1396 4147 1497 4218 regina]
1520 4151 1600 4218 Verp.
1612 4153 1681 4206 Aen.

371 4220 441 4272 1111
460 4225 474 4272 1
543 4221 641 4285 antiqui
661 4235 708 4288 pro
727 4221 773 4271 sed
791 4221 937 4271 scribebant
954 4221 1044 4272 sedum
1064 4233 1153 4272 nostra
1171 4235 1241 4272 aetas
1262 4219 1286 4272 B
1308 4220 1407 4284 antiqui
1426 4234 1473 4285 pro
1496 4220 1543 4271 sed
1561 4231 1600 4272 set
1618 4223 1683 4271 scri·

371 4289 464 4341 bebant
481 4291 598 4341 sedeam
617 4303 705 4340 nostra
723 4301 793 4340 aetas
814 4289 902 4346 Αως
925 4291 1024 4353 antiqui
1042 4305 1089 4357 pro
1109 4293 1155 4341 sed
1172 4291 1263 4342 sedum
1282 4289 1438 4341 scribebanta
1462 4288 1508 4340 sed
1521 4303 1580 4340 curn
1592 4301 1683 4340 nostra

370 4371 440 4412 aetas
455 4359 618 4411 Cornerortue
689 4361 720 4409 14
738 4359 875 4410 reseruarit
893 4371 909 4415 ς
981 4361 1013 4411 15
1029 4359 1151 4420 detraxit,
1169 4359 1317 4410 norrnuiinm
1335 4357 1481 4408 immutauit
1492 4375 1514 4408 ω
1532 4357 1681 4420 detraxerit,

372 4427 519 4479 nonnullam
533 4429 741 4484 immutauerits
814 4439 839 4476 et
856 4441 905 4478 uos
924 4443 970 4495 ρει
989 4428 1034 4479 sed
1053 4443 1131 4492 quam
1149 4443 1196 4496 per
1213 4440 1252 4480 set
1274 4426 1417 4477 scribamus
1436 4425 1493 4478 AB
1510 4444 1531 4478 ω
1550 4439 1567 4484 ς
1589 4439 1615 4478 et
1632 4442 1680 4479 nos

371 4511 417 4565 per
435 4498 451 4550 d
470 4497 516 4550 sed
529 4512 605 4562 quarn
621 4513 668 4564 ρει
685 4509 696 4547 t
712 4505 751 4546 set
764 4496 906 4547 scribamus
926 4497 1030 4564 Sedudp
1042 4515 1068 4563 p.
1081 4499 1119 4549 23
1190 4499 1221 4550 ta
1239 4497 1382 4547 scribentur
1394 4493 1420 4546 Β
1439 4495 1585 4547 scribuntur
1597 4499 1623 4548 A
1632 4509 1681 4554 ως

439 4570 472 4618 20
490 4569 657 4634 getninares
679 4566 804 4632 geminari
828 4566 853 4615 A
868 4565 894 4616 B
911 4584 932 4616 ω
1014 4569 1047 4618 23
1065 4567 1145 4633 igitur
1163 4581 1210 4622 orn.
1229 4577 1286 4621 ως
1368 4567 1460 4615 lacuna
1479 4581 1552 4632 quum
1570 4566 1683 4618 indicaui

370 4637 490 4701 exempto
511 4638 626 4692 timidiora
649 4650 741 4698 uocum,
764 4635 788 4684 d.
807 4649 831 4685 e.
850 4635 876 4686 ia
895 4635 984 4702 quidue
999 4643 1062 4702 post
1078 4653 1093 4686 u
1113 4637 1224 4686 litterate
1242 4635 1299 4686 otim
1321 4647 1345 4691 o,
1369 4641 1461 4698 posteo
1480 4633 1680 4700 ascribebatur,

370 4706 525 4756 exciderunt
602 4700 774 4770 caedendum]
795 4702 936 4754 cedendum
955 4718 1012 4760 ως
1098 4706 1132 4755 at
1150 4699 1274 4769 extimus]
1295 4703 1463 4754 eastimueA
1546 4705 1580 4754 25
1598 4706 1682 4755 mani·

343 4813 350 4825 .
371 4773 481 4840 pretium
504 4773 564 4825 Vnt.
587 4773 807 4840 ma...praetium
830 4775 1009 4840 ruprerecripto
1033 4776 1132 4824 recenti
1152 4790 1226 4825 nunu
1249 4772 1324 4822 nibus
1347 4772 1373 4822 A
1396 4773 1497 4822 manius
1521 4774 1636 4842 prqcium
1655 4773 1681 4825 B

370 4843 489 4894 manibus
508 4843 618 4910 pretium
637 4861 658 4894 ω
677 4856 694 4899 ς
763 4843 796 4893 ‘eo
814 4843 993 4892 aestimatione
1012 4843 1036 4892 A
1055 4858 1188 4909 superior.
1208 4839 1377 4892 irnesitntione
1394 4857 1412 4892 a
