3850 5560
390 339 393 344 ·
458 309 523 376 586
863 366 870 374 .
963 323 1076 373 macr
1099 321 1286 373 rasonoar
1477 387 1481 397 Ι

645 413 648 420 “
1179 425 1180 430 ’
1597 421 1620 460 p.
1633 407 1741 452 dat-w
1755 406 1786 449 G.

459 509 513 564 aut
543 503 683 580 tragicos
711 499 861 594 quispiam
895 501 1076 581 reppererit,
1111 499 1142 562 ln
1172 495 1284 581 quibus
1318 505 1398 560 certa
1428 494 1539 579 pedum
1572 499 1786 562 conlocatione

459 602 596 684 neglecta
620 601 682 667 sola
707 613 879 686 temporum
903 605 982 666 ratio
1011 602 1277 673 considerata'sit,
1307 603 1481 664 meminerit
1509 620 1561 672 ea,
1591 604 1670 666 sicut
1700 599 1783 684 apud

459 705 650 770 doctissimos
688 725 824 790 quosque
862 708 1008 788 scriptum
1044 707 1232 783 invenimus,
1271 722 1330 768 non
1369 713 1475 776 metra,
1514 705 1598 789 ‚sedi
1623 707 1786 789 rhythmos

265 778 299 836 '.
338 847 343 852 -
386 857 394 864 .
458 808 604 891 appellari
628 821 781 893 oportere.
828 809 990 872 scribimus
1012 809 1105 890 igitur
1133 811 1174 870 ita
1205 807 1242 870 dc
1266 811 1388 881 metris,
1422 817 1454 872 ut
1484 807 1521 870 ab
1546 807 1593 871 his
1622 809 1785 891 rhythmos

417 986 420 992 ¹
458 914 563 994 procul
586 901 804 985 removeamus,
829 921 919 995 atque
941 915 971 975 in
995 912 1043 976 his
1066 909 1190 974 omnino
1212 899 1329 975 nullum
1351 915 1405 983 sit,
1434 913 1464 972 in
1494 929 1554 992 quo
1586 929 1644 974 non
1668 912 1810 992 pedums

457 1019 554 1081 delixa
582 1019 660 1080 ratio
688 1035 757 1080 curn
792 1015 957 1079 dulcedine
986 1015 1138 1078 adsociata
1167 1024 1261 1098 atqua
1290 1017 1439 1096 permixta
1474 1018 1524 1078 sit.
1579 1033 1614 1077 ac
1647 1018 1782 1095 primum

384 1121 389 1166 ῗ
457 1121 580 1206 quidem
609 1117 696 1183 nobis
724 1121 789 1200 ipsa
820 1121 996 1182 metrorum
1018 1135 1129 1199 genera
1160 1119 1346 1182 conlocanda
1373 1127 1459 1191 suni,
1495 1128 1569 1182 tunc
1602 1119 1639 1182 de
1673 1139 1782 1182 eorum

457 1221 595 1308 partibus
618 1215 836 1286 disserendum.
861 1245 878 1285 s
901 1223 1042 1304 quoniam
1065 1241 1167 1286 sermo
1189 1217 1332 1304 progredi
1362 1222 1398 1286 ad
1423 1221 1641 1303 explanandam
1666 1233 1781 1286 metro·

418 1331 422 1342 '
457 1346 528 1391 rum
551 1325 740 1411 disciplinam
765 1335 855 1408 atqua
878 1325 977 1406 legem
1003 1343 1064 1390 non
1088 1325 1212 1409 poterit,
1242 1329 1302 1390 nisi
1332 1344 1437 1389 eorum
1462 1325 1642 1409 primordia,
1672 1326 1702 1390 id
1734 1337 1783 1390 est

337 1429 340 1438 '
456 1429 638 1512 syllabarum
662 1423 697 1494 a'c
720 1429 832 1513 pedum
855 1433 1016 1502 rationem,
1040 1432 1222 1512 aperiamus.
1527 1453 1532 1463 ·
1795 1440 1820 1481 1⁰

849 1607 852 1612 ⁵
993 1652 1042 1718 ua
1066 1651 1237 1718 smirna

543 1795 598 1860 list
620 1797 714 1874 igitur
738 1793 850 1878 syllaba
876 1791 1044 1857 litterarum
1059 1797 1151 1870 ¹intur
1180 1813 1212 1857 sa
1237 1802 1489 1874 congregatarum
1512 1793 1780 1887 apta-conplexio.

437 1901 512 1987 ¹usu
529 1903 635 1962 'autern
658 1893 856 1963 inveteratum
881 1905 926 1960 est
950 1905 983 1959 ut
1005 1899 1095 1960 ctiam
1125 1895 1205 1961 nulia
1236 1896 1406 1960 litterarum
1436 1901 1672 1976 congregatione
1700 1897 1779 1958 laeta

456 2001 536 2065 solas
559 2021 614 2085 per
636 2021 668 2065 se
692 2021 743 2065 eas
759 2019 836 2084 quae
859 1997 979 2063 vocales
993 2003 1189 2064 nominantur
1209 1999 1214 2080 Ι
1234 1999 1365 2086 syllabas
1388 2017 1454 2062 essa
1475 1999 1619 2064 dicamus.
1657 1997 1779 2080 syllabis

267 2113 272 2122 '
380 2183 382 2190 Α
456 2097 527 2168 raro
557 2099 764 2170 coniiciuntur
787 2104 893 2187 pedes.
930 2121 1007 2194 quae
1035 2105 1132 2186 prima
1166 2105 1250 2186 quasi
1285 2113 1382 2168 metra
1418 2101 1571 2184 appellare
1605 2121 1777 2186 possumus.
1792 2115 1816 2155 ιι

456 2207 569 2291 syllaba
593 2226 646 2291 pes
669 2217 864 2272 etmcnsura
888 2215 1016 2277 constat,
1040 2224 1118 2287 quae
1142 2223 1250 2286 graece
1274 2216 1393 2269 metron
1418 2207 1537 2269 dicitur.
1583 2216 1654 2270 sunt
1676 2214 1778 2269 autem

456 2309 602 2394 [syllabae
625 2315 736 2393 partim
758 2311 881 2390 lungae,
911 2313 1023 2393 partim
1050 2308 1172 2382 breves,
1202 2310 1311 2392 partlm
1336 2307 1538 2393 communes]
1585 2329 1602 2372 a
1630 2297 1778 2393 producta

458 2412 578 2494 longam
605 2411 749 2495 syllabam
776 2414 864 2484 iacit,
880 2419 921 2492 vut
946 2411 1020 2486 ales,
1044 2432 1060 2475 a
1083 2424 1220 2495 correpta
1248 2411 1382 2486 brevem,
1406 2423 1441 2477 ut
1465 2432 1565 2477 amor:
1590 2432 1607 2476 a
1631 2397 1779 2498 producta

391 2500 411 2595 J
456 2515 575 2602 longam
603 2513 863 2598 syllabam'iaclt,
894 2524 927 2578 ut
956 2519 1031 2589 emi,
1062 2535 1078 2578 e
1108 2526 1247 2596 correpta
1273 2515 1404 2588 brevem,
1430 2525 1464 2579 ut
1486 2535 1570 2580 erno:
1598 2519 1777 2600 iproducta

450 2618 586 2700 longam,
611 2626 645 2682 ut
659 2619 756 2689 ilium.
780 2619 789 2680 i
806 2627 946 2700 correpta
963 2612 1170 2694 brevem-,ut
1182 2619 1254 2682 iter:
1277 2636 1295 2679 o
1311 2605 1456 2698 producta
1473 2619 1604 2696 longam,
1629 2630 1661 2684 nt
1676 2639 1774 2691 omen.
1790 2629 1815 2673 ω

454 2731 636 2805 ccorrepta
660 2721 799 2793 brevem,
830 2731 864 2784 ut
891 2723 993 2802 urigo:
1024 2741 1046 2785 u·
1066 2722 1212 2804 producta
1240 2711 1374 2802 longam,
1404 2733 1437 2785 ut
1465 2741 1557 2794 unus,
1587 2743 1608 2786 u
1636 2733 1776 2804 correpta

389 2829 396 2838 '
455 2825 595 2896 brevem.
626 2837 659 2886 ut
688 2824 811 2886 utinam.
864 2833 898 2886 ut
926 2833 1026 2888 autern
1058 2824 1141 2889 solae
1172 2841 1227 2908 per
1256 2843 1290 2886 aa
1319 2826 1436 2889 vocales
1463 2827 1629 2909 productae
1662 2825 1806 2908 longas‚'

455 2936 615 3011 correptae
640 2925 748 2997 brerae
772 2925 902 3010 syllabas
925 2928 1054 2999 iaciunt,
1086 2929 1126 2990 ita
1150 2929 1240 2991 etiam
1264 2946 1334 2990 cum
1356 2931 1404 2994 bis
1425 2933 1547 2993 iunctae
1576 2940 1775 2992 consonantes

378 3025 380 3028 ’
456 3040 507 3096 aut
531 3031 635 3112 longas
651 3039 704 3093 aut
727 3030 834 3093 breves
849 3029 978 3116 syllabas
1001 3030 1283 3112 secundnm-legem
1309 3045 1400 3116 taque
1416 3051 1502 3096 usum
1520 3033 1776 3113 pronuntiationis

364 3213 370 3222 ·
458 3136 633 3198 iniormant.
673 3136 841 3215 iunguntur
865 3135 1029 3196 verointer
1051 3153 1082 3198 se
1101 3134 1188 3198 binae
1203 3136 1331 3208 vocales,
1355 3155 1429 3225 quas
1445 3136 1552 3199 Graeci
1575 3135 1812 3217 diphthongos!i

456 3245 572 3309 nocant,
589 3256 625 3300 ae
641 3254 677 3300 oe
693 3255 730 3299 au
743 3255 782 3299 eu
798 3239 826 3300 ei
842 3233 906 3320 [ii],
923 3254 1001 3317 quae
1012 3235 1143 3320 syllabae
1154 3257 1275 3320 semper
1287 3240 1395 3322 longae
1407 3249 1501 3302 sunt·
1517 3237 1708 3302 adsociantur
1718 3239 1774 3302 ita·

454 3370 661 3386 ῌ

526 3447 737 3512 lcdnlneationa
756 3459 921 3511 Ruhnkcm'ua
939 3460 1085 3512 conlatione
1104 3463 1153 3515 PA
1236 3464 1385 3515 incalcata
1405 3465 1430 3515 P
1494 3463 1777 3514 accumbimus?

506 3545 674 3614 dappcilara
693 3555 826 3612 oporteret
844 3547 869 3596 A
940 3547 972 3596 ab
991 3546 1033 3597 lais
1052 3547 1175 3599 arithmus
1195 3549 1221 3598 P
1236 3550 1268 3598 ab
1289 3550 1329 3600 his
1341 3549 1465 3600 rithmum
1484 3551 1519 3601 A.
1553 3549 1670 3611 [mirasse
1688 3548 1772 3599 abhis

455 3631 593 3698 rhytbmnn
664 3631 785 3682 buuilus
804 3633 838 3682 sit
856 3634 882 3683 A
957 3633 1077 3699 bprirno
1097 3633 1122 3684 Ρ
1195 3636 1290 3686 danie
1308 3636 1432 3698 quoniam
1451 3638 1621 3686 amarunt
1639 3637 1772 3703 quaedam

455 3717 559 3787 quibua,
578 3723 716 3785 antequam
738 3719 770 3770 dc
788 3725 925 3769 metrorum
946 3719 1085 3784 generibus
1103 3727 1128 3770 et
1150 3735 1237 3770 emm
1254 3719 1374 3788 partibas
1396 3722 1552 3780 manner,
1575 3721 1609 3772 de
1625 3721 1730 3788 syllabis
1747 3728 1773 3772 et

452 3803 564 3870 pedidus
581 3805 631 3857 eibi
648 3805 782 3856 dicendum
800 3819 858 3856 aare
872 3791 983 3854 'thallim
1001 3805 1116 3856 amarat
1152 3807 1274 3869 quoniam
1294 3820 1355 3857 vera
1374 3820 1460 3858 sermo
1477 3831 1511 3843 -
1530 3808 1688 3873 aperiamus,
1707 3823 1773 3858 nunc

454 3891 573 3941 dicamus
592 3890 625 3941 de
643 3889 742 3954 syllaba
760 3892 870 3942 coniecit
890 3888 1068 3953 Hauainpencr
1142 3901 1282 3941 metrorum
1301 3891 1467 3960 disciplinam
1486 3895 1512 3945 A
1530 3893 1588 3945 cod.
1608 3892 1697 3949 Burri.
1716 3907 1772 3944 me·

346 3963 347 3968 ¹
453 3988 520 4026 tram
538 3974 703 4043 disciplinam
722 3983 749 4026 at
767 3979 869 4028 uidetur
888 3976 937 4048 P·
981 3965 1189 4039 ld'syliabnrum
1209 3977 1238 4028 H
1256 3977 1382 4042 syllabam
1399 3979 1425 4030 A
1444 3977 1558 4044 syllabae
1575 3979 1600 4029 Ρ
1668 3981 1699 4030 ta
1717 3979 1772 4028 nni·

379 4093 381 4098 -
455 4061 506 4112 lam
526 4065 552 4116 A
635 4059 771 4113 laetam
860 4063 891 4111 ti
909 4073 1009 4128 partem
1027 4057 1120 4126 longae
1139 4065 1233 4128 partim
1253 4063 1338 4127 (carr.
1356 4089 1386 4100 -
1408 4061 1462 4130 ern)
1481 4065 1567 4115 breuis
1587 4076 1684 4132 partem
1702 4078 1772 4114 corn—

454 4149 541 4198 munis
562 4149 586 4199 A
671 4147 703 4198 ta
721 4159 737 4195 ιι
754 4158 872 4213 correpta
891 4147 976 4197 brevis
996 4157 1036 4196 est
1054 4160 1081 4196 ιιι
1098 4161 1171 4199 amor
1190 4165 1203 4198 e
1222 4149 1375 4216 productum
1395 4150 1500 4217 longam
1518 4149 1645 4216 syllabam
1668 4150 1726 4200 lacit
1742 4161 1771 4198 ut

455 4235 504 4285 cmi
523 4251 537 4284 a
555 4243 702 4298 correptum
722 4232 825 4282 breuem
845 4243 872 4281 nt
890 4247 947 4284 erno
967 4235 974 4285 i
995 4235 1150 4299 productum
1170 4234 1276 4301 longum
1296 4247 1335 4284 est
1352 4246 1380 4285 ut
1398 4236 1469 4286 ilium
1489 4237 1496 4286 i
1515 4247 1661 4304 correptum
1686 4235 1769 4285 iareuis

454 4331 494 4371 est
517 4331 544 4371 ut
566 4319 613 4370 lter
637 4333 652 4368 a
676 4317 829 4384 productum
852 4318 960 4385 longum
987 4318 1105 4386 (longum
1129 4336 1176 4372 cac
1202 4321 1237 4384 A)
1265 4334 1305 4372 eat
1328 4333 1355 4370 ut
1372 4319 1452 4386 jomeu
1478 4337 1493 4372 o
1515 4333 1662 4388 correptum
1686 4319 1771 4370 breuis

455 4403 554 4470 (breuia
572 4421 620 4456 nar.
639 4405 678 4466 A)
695 4414 736 4460 est
754 4415 781 4454 ut
799 4405 910 4471 origou
928 4405 1084 4471 productum
1104 4405 1210 4473 longum
1231 4406 1348 4472 (inrrgum
1368 4423 1415 4460 orn.
1434 4409 1472 4470 A)
1491 4419 1530 4458 eat
1549 4401 1660 4458 ιιιιιιιιιι
1679 4422 1694 4454 ιι
1712 4419 1767 4455 cor·

453 4500 556 4557 reptunr
575 4490 678 4540 breuem
697 4489 813 4554 (breuem
832 4505 879 4542 aar.
900 4492 936 4554 A)
955 4503 984 4542 ut
1001 4491 1099 4542 utinam
1119 4493 1168 4543 ΡΑ
1240 4495 1274 4543 aa
1292 4489 1394 4558 longas]
1415 4493 1534 4559 longasi
1553 4495 1579 4545 A
1660 4493 1693 4542 26
1710 4491 1768 4539 bine

455 4577 597 4628 uocalisA
668 4575 848 4644 diphthongos
867 4577 898 4628 H
913 4577 1075 4646 dipthongae
1097 4577 1321 4644 PdiptongonA
1390 4579 1424 4629 26
1442 4593 1523 4646 capua
1542 4579 1558 4627 ii
1578 4579 1684 4629 latim
1695 4575 1766 4642 diph-

455 4661 568 4728 thongon
591 4663 680 4713 dicere
698 4665 784 4728 potuit
805 4663 923 4724 Mallias,
951 4679 1033 4731 neque
1053 4679 1174 4730 maccam
1197 4665 1373 4730 diphdonpoe
1396 4666 1436 4729 yi‚
1465 4667 1497 4716 de
1524 4680 1575 4731 pua
1593 4647 1768 4716 'rnatum

329 4755 332 4762 “
402 4769 404 4773 ·
454 4763 477 4796 o.
496 4751 548 4799 m
569 4764 627 4815 sqq.
651 4749 728 4808 dixit,
751 4750 861 4816 pudrpnc
884 4751 971 4802 latinia
994 4751 1110 4802 additam
1132 4765 1188 4802 carc
1210 4749 1346 4816 probabile
1369 4757 1418 4800 eat.
1459 4752 1545 4816 itaque
1568 4751 1584 4798 il
1607 4752 1702 4802 reunsi

455 4833 557 4914 itaquae
575 4835 610 4884 A.
643 4833 761 4904 sorim
778 4835 946 4886 adsocianrnr
964 4847 1049 4886 antem
1069 4835 1198 4898 quaedam
1217 4837 1255 4886 sic
1298 4879 1300 4884 .
