3904 5556
826 245 1029 299 ranacario
1285 259 1288 266 ¹
1445 219 1450 224 ’
1487 211 1588 298 ιΧιίἰ

262 426 409 508 Septimio
434 427 550 488 Sereno
573 426 737 507 adscriptis
761 445 790 506 p.
817 421 888 494 122,
916 423 955 486 15
978 429 1148 506 suspicatus
1172 443 1238 487 sunt
1264 444 1292 506 p.
1317 421 1389 492 62¹3,
1415 421 1468 487 31.
1516 445 1587 487 uum
1660 475 1662 481 .

262 531 361 593 Caesii
384 539 505 612 quoque
529 529 642 592 tibrum
667 526 739 590 Iuba
764 527 949 612 adbibuerit,
974 528 1108 591 dubitari
1132 537 1246 610 potest;
1270 529 1301 588 io
1325 527 1361 589 iis
1387 539 1485 588 tarmen
1510 525 1588 610 quae

262 653 299 697 ex
324 633 381 695 buc
406 633 583 715 deprompta
608 630 687 712 apud
703 631 832 693 diarium
859 631 1045 694 Victorinum
1071 631 1211 712 teguntur
1234 639 1304 692 sunt
1328 631 1488 711 quaedam,
1513 649 1590 711 quae

264 735 334 798 iuba
359 746 482 798 auctore
497 735 646 798 ridentur
669 743 790 814 recepta
816 752 892 800 esse.
932 735 984 797 sed
1007 735 1144 815 longiore
1168 735 1381 816 disputatione,
1407 753 1496 815 quarn
1514 752 1590 814 quae

192 834 197 842 ’
263 841 319 902 boc
350 839 418 901 ioco
446 841 561 901 institui
592 841 703 918 possit,
732 855 809 916 opus
833 847 888 907 est,
915 847 946 898 ut
971 837 1195 922 demonstretur
1230 837 1301 916 quid
1338 837 1388 899 uni
1418 839 1527 918 cuique
1558 855 1591 896 ex

262 942 360 1005 tribus
384 942 573 1010 auctoribus,
599 959 676 1021 quos
699 939 770 1012 dixi,
795 942 825 1002 in
851 939 1014 1022 apirtironii
1040 938 1126 1024 libris
1149 939 1344 1003 tribuendum
1369 943 1418 1003 sit.
1454 941 1590 1001 'interim

263 1047 319 1107 ioci
358 1049 388 1107 in
426 1048 563 1126 margine
605 1045 748 1106 editionis
786 1044 925 1114 indicati,
961 1048 992 1107 iu
1030 1045 1139 1126 quibus
1177 1045 1300 1106 eaedem
1338 1061 1388 1106 res
1426 1041 1472 1105 rei
1511 1039 1592 1122 apud

262 1149 389 1211 diarium
431 1149 617 1210 Victorinum
664 1145 708 1210 rei
749 1147 828 1228 apud
868 1144 945 1215 aiios
985 1148 1199 1228 grammaticos
1239 1157 1381 1209 tractatae
1421 1155 1506 1218 suut,
1555 1145 1590 1206 ad

266 1252 343 1314 itanc
368 1255 577 1331 quaestionem
601 1252 730 1332 aliquam
756 1250 915 1313 utilitatem
941 1249 1146 1332 praebebunt,
1176 1269 1355 1332 quamquam
1384 1248 1427 1312 tttt
1450 1269 1509 1312 noo
1534 1247 1592 1310 hoc

263 1355 389 1418 consitio
422 1357 596 1434 compositi,
626 1353 678 1415 sed
703 1355 740 1416 ad
765 1356 1006 1416 emendationem
1032 1353 1194 1416 verborum
1224 1353 1423 1416 adiuvandam
1447 1353 1592 1434 adscripti

264 1469 347 1529 snm,
382 1468 412 1518 et
440 1475 498 1519 nou
531 1457 631 1520 nultos
659 1455 756 1530 iocos,
775 1476 862 1538 quos
886 1476 936 1520 res
959 1457 1111 1537 exigebat,
1143 1477 1231 1520 ame
1254 1458 1381 1518 ondssos
1405 1477 1471 1519 esse
1495 1455 1590 1518 video.

265 1579 343 1622 nurrc
371 1571 474 1622 autem
504 1560 560 1622 boc
590 1561 765 1643 probavisse
796 1563 955 1631 satisfuit,
980 1561 1055 1622 aiios
1079 1570 1218 1648 auctores
1248 1562 1279 1622 iu
1302 1559 1470 1641 Apinbonii
1493 1555 1589 1628 libris,

264 1663 338 1724 aiios
360 1665 391 1724 in
416 1665 573 1744 superiore
597 1674 682 1744 parte
705 1667 804 1745 operis
828 1663 979 1726 adhibitos
1003 1683 1079 1728 esse.
1533 1648 1536 1653 ¹

350 1767 412 1828 iam
437 1768 464 1829 si
488 1769 671 1848 quaerimus,
697 1769 748 1849 qni
771 1768 882 1829 iactum
906 1771 945 1830 sit
969 1777 1002 1831 ut
1025 1787 1092 1831 cum
1116 1769 1221 1848 paucis
1237 1767 1325 1830 diarii
1341 1767 1485 1829 Victorini
1509 1785 1591 1828 corn-

267 1873 423 1934 ntentariis
451 1870 630 1951 amplissimi
660 1870 731 1931 iibri
759 1869 924 1951 Apirtiroaii
956 1875 1231 1952 coniungerentur,
1267 1871 1321 1931 hos
1356 1871 1592 1952 quidem‘iuitio

265 1975 439 2038 dominatos
469 1992 535 2036 esse
565 1983 707 2054 apparet;
738 1981 768 2035 et
791 1975 857 2036 deri
881 1976 980 2057 putuit
1002 1984 1035 2037 ut
1058 1973 1161 2036 eadem
1187 1972 1309 2054 lacuna,
1335 1991 1392 2055 qua
1417 1992 1487 2054 pars
1510 1991 1592 2033 com·

254 2079 405 2151 ,ntentarii
430 2076 598 2138 «tattaeus
622 2077 729 2138 hausta
755 2088 807 2148 est,
833 2079 919 2160 plura
944 2081 1035 2140 etiaut
1060 2097 1095 2140 ex
1120 2081 1221 2160 priore
1246 2085 1331 2158 parte
1354 2077 1427 2138 iibri
1443 2078 1591 2157 perirent.

266 2199 362 2263 neque
394 2189 495 2242 tamen
523 2183 606 2241 casui
631 2189 660 2240 et
685 2182 778 2241 reteri
802 2183 900 2243 errori
923 2181 1119 2243 tribuendum
1144 2189 1205 2250 est,
1236 2181 1315 2262 quod
1341 2179 1467 2242 duorum
1492 2197 1591 2258 gram·

266 2285 444 2346 maticorum
477 2283 689 2345 commentarii
718 2291 748 2344 et
777 2287 899 2346 nomina
932 2304 992 2346 uuo
1020 2303 1115 2366 opere
1144 2287 1304 2347 coniuncta
1333 2291 1414 2346 suut.
1465 2301 1533 2344 nam
1563 2283 1591 2342 in

265 2391 304 2450 iis
332 2405 410 2468 quae
433 2385 598 2466 Apinbouii
628 2404 695 2448 esse
725 2385 786 2448 dixi
817 2405 895 2450 unus
925 2396 1009 2451 certe
1037 2389 1191 2451 invenitur
1221 2385 1318 2456 iocus,
1349 2387 1379 2446 in
1403 2405 1462 2468 quo
1486 2370 1612 2446 eoruru

267 2511 341 2572 quae
366 2498 454 2551 antea
478 2491 590 2570 scripto
615 2496 701 2550 erant
724 2492 837 2552 mentio
860 2491 972 2573 tiat,.p.
990 2487 1042 2562 35,
1066 2487 1105 2552 21
1126 2494 1277 2570 positione
1300 2507 1373 2553 uere
1396 2499 1463 2551 octo
1486 2491 1590 2554 arrodit.

183 2599 187 2602 “
266 2603 298 2655 ui
326 2611 425 2672 supro
447 2596 578 2653 relatum
601 2601 659 2662 est.
687 2597 782 2670 fiunt,
813 2611 853 2656 esc
882 2597 991 2672 quibus
1017 2611 1074 2656 sex
1096 2597 1237 2657 uidentur
1260 2597 1381 2672 operti,
1407 2593 1446 2653 de
1467 2595 1593 2670 septimo

266 2701 354 2769 etiem
378 2713 460 2757 necne
483 2705 659 2772 coeternus.
706 2697 781 2759 baec
805 2699 885 2759 enim
909 2699 945 2759 ad
970 2698 1205 2778 disputationem
1236 2697 1273 2758 de
1302 2695 1422 2778 spiiabis
1446 2695 1594 2776 positione

266 2800 364 2880 longis
386 2817 416 2879 p.
433 2795 486 2867 at,
513 2798 527 2860 1
548 2801 711 2878 pertinent.
737 2809 966 2882 propterquam
989 2800 1222 2882 disputationem
1241 2798 1298 2861 boe
1315 2799 1381 2860 ioco
1399 2817 1434 2860 ex
1450 2797 1593 2859 uberiore

267 2901 401 2965 eiusdem
425 2903 472 2962 rei
497 2904 687 2980 expositione
711 2921 805 2984 pauca
831 2913 971 2986 excerpta
996 2916 1076 2966 stent.
1109 2903 1188 2987 quod
1212 2911 1318 2966 contra
1339 2921 1372 2964 ea
1390 2921 1466 2984 quae
1484 2901 1593 2962 deinde

268 3006 408 3087 teguntur
425 3024 454 3086 p.
471 3001 523 3074 36,
548 3001 577 3073 9,
601 3024 684 3068 ourtc
708 3009 746 3088 de
768 3009 975 3070 coromunibus
992 3011 1169 3086 pteru'ssa'rne
1191 3015 1364 3078 tractentur,
1388 3006 1469 3068 ende
1491 3021 1594 3066 stemus

228 3121 233 3127 ·
267 3111 405 3186 dipressr‘,
430 3126 491 3169 non
516 3109 551 3169 ad
575 3107 653 3171 hanc
677 3120 805 3190 partem,
828 3110 881 3172 sed
906 3112 941 3172 ad
966 3130 994 3191 p.
1012 3108 1064 3180 32,
1091 3109 1131 3174 15
1154 3130 1215 3189 qao
1238 3114 1418 3174 condicione
1448 3111 1538 3169 etium
1562 3110 1593 3168 in
1677 3189 1678 3196 ἵ

267 3218 375 3274 taetris.
389 3229 562 3274 communes
584 3213 721 3291 sptiubus
740 3213 867 3286 socient
890 3214 1049 3276 reserenda
1072 3225 1151 3275 sunt.
1191 3216 1291 3296 itaque
1316 3231 1382 3276 curn
1408 3215 1472 3294 ipse
1497 3211 1594 3273 Victo-

270 3317 352 3376 rinus
375 3318 439 3376 suis
463 3317 692 3378 commentariis
715 3316 812 3378 libros
828 3315 989 3395 eipbtbonii
1014 3317 1185 3389 subiecerit,
1208 3317 1297 3380 simui
1321 3316 1378 3378 boc
1394 3311 1591 3392 intellegitur,

139 3421 143 3428 '
203 3488 208 3498 Ι
269 3435 336 3478 eum
361 3435 422 3478 rton
447 3419 581 3496 integros
605 3416 710 3489 iibros,
735 3422 815 3480 sicut
838 3439 852 3480 a
878 3422 1074 3499 gratnrnatico
1098 3421 1202 3501 scripti
1228 3429 1322 3488 eraut.
1349 3419 1516 3499 recepisse,
1540 3417 1592 3478 sed

268 3521 308 3582 ita
337 3521 366 3579 in
396 3538 483 3581 sunna
514 3539 602 3582 usum
634 3523 837 3591 convertisse,
862 3533 895 3584 ut
918 3523 1064 3602 quaedam
1087 3541 1141 3585 suo
1165 3523 1292 3586 arbitrio
1316 3531 1457 3586 mutaret.
1504 3531 1593 3602 atque

270 3622 347 3684 baud
378 3625 441 3684 scio
471 3642 508 3684 au
540 3625 604 3686 eius
635 3627 809 3688 mutationis
838 3625 948 3686 indicia
977 3627 1007 3687 in
1036 3626 1092 3688 hac
1116 3626 1294 3688 condicione
1323 3625 1484 3696 librorum,
1516 3642 1592 3705 quae

269 3743 347 3787 num
371 3735 425 3793 est,
452 3726 731 3808 deprehendantur.
774 3747 841 3790 nam
865 3731 962 3791 iustus
985 3733 1203 3793 sententiarum
1228 3729 1302 3791 ordo
1320 3730 1412 3792 rebus
1429 3726 1593 3810 dequibus

196 3813 202 3819 ⁸
271 3828 359 3890 modo
383 3829 497 3891 dictum
523 3841 586 3892 erat
609 3833 747 3914 repetitis
771 3831 814 3891 rei
840 3831 939 3892 verbis
963 3851 1022 3894 uon
1046 3835 1117 3896 satis
1134 3845 1204 3913 apto
1220 3831 1287 3895 ioco
1303 3834 1488 3915 interpositis
1504 3851 1593 3912 saepe

268 3933 306 3993 ita
330 3933 526 4014 perturbatus
550 3944 604 4001 est,
629 3947 662 3996 ut
686 3953 784 4015 neque
807 3935 845 3996 ab
869 3953 929 3996 uuo
952 3940 1149 4016 grammatico
1172 3936 1248 3999 haec
1269 3939 1318 4008 ita,
1344 3947 1375 3998 ut
1391 3955 1470 3999 nnuc
1487 3937 1593 4015 legun·

269 4045 326 4106 tur,
350 4029 441 4098 scribi
465 4039 632 4117 potuerint,
657 4054 755 4118 neque
780 4039 950 4101 camisilia
974 4039 1163 4121 perturbatio
1187 4041 1223 4102 ad
1242 4041 1378 4120 ruigores
1395 4039 1592 4101 librariorum

270 4157 390 4202 errores
420 4139 465 4200 rei
494 4138 531 4201 ad
561 4138 825 4220 interpolationem
858 4161 937 4211 rant,
968 4163 1058 4224 qnam
1089 4163 1195 4205 enarres
1223 4143 1488 4222 gratnmaticorum
1514 4141 1592 4208 titur,

268 4241 338 4303 tium
376 4243 530 4323 frequenti
564 4262 619 4305 usu
653 4247 684 4304 iu
715 4243 827 4306 scholis
855 4245 1010 4307 interioris
1044 4248 1150 4308 aetatis
1180 4257 1362 4316 tractantur,
1397 4248 1477 4326 passi
1511 4257 1591 4312 suut,

165 4423 170 4428 Ι
268 4345 376 4406 reierri
400 4355 500 4426 queat,
545 4347 575 4406 in
605 4345 652 4407 itis
683 4349 774 4428 igitur
798 4345 873 4410 lucis
897 4367 964 4410 cum
989 4348 1159 4411 Victorinus
1182 4351 1219 4410 iis
1248 4369 1323 4431 quae
1354 4347 1391 4409 ab
1422 4347 1593 4426 bpirtbouio

197 4471 204 4479 ·
268 4449 380 4527 scripta
410 4458 571 4527 acceperat
599 4447 656 4511 alia
682 4449 890 4532 neglegentius
919 4451 1059 4520 adderet,
1091 4452 1148 4514 atta
1178 4456 1347 4520 omitteret,
1376 4451 1476 4512 uriuus
1511 4461 1592 4513 rec-te

268 4544 574 4612 interduurduornm
599 4556 865 4630 grammaticorum
889 4554 980 4617 rerba
1006 4555 1145 4617 ridentur
1170 4559 1329 4617 coniuncta
1354 4573 1430 4615 esse.

355 4653 460 4716 Restat
485 4663 618 4716 extrema
644 4673 713 4734 pars
736 4660 846 4739 operia,
871 4661 902 4720 in
927 4677 983 4738 qua
1008 4662 1139 4740 primunr
1165 4669 1258 4720 metra
1276 4659 1408 4719 onrttium
1426 4659 1591 4718 rarntiuuur

217 4837 223 4850 ¹
269 4757 381 4818 liuratii
406 4757 541 4819 breviter
557 4758 781 4828 describuntur,
807 4761 926 4832 dcirtde,
952 4762 981 4823 id
1000 4761 1078 4840 quod
1096 4782 1164 4823 cum
1182 4762 1237 4822 bac
1255 4763 1378 4822 materia
1397 4763 1591 4823 ronitturtnru

318 4885 471 4918 cananea-mr
485 4885 568 4916 carm
581 4885 613 4917 rc
1368 4864 1383 4913 b
