3906 5564
351 295 413 362 136
849 293 958 346 nrnsu
980 291 1171 345 vrcrnmm

377 396 549 452 pmfflb

970 424 973 430 -
1481 405 1503 448 p.
1521 394 1564 438 tit.
1579 394 1604 436 ll
1617 391 1643 434 G.

703 492 749 548 est
770 483 852 548 celer
875 483 1016 568 phaselus
1037 481 1087 546 ille
1110 501 1201 566 quem
1224 481 1316 546 rides.

271 667 276 676 Ι
350 591 422 655 huic
445 593 525 655 enirn
548 591 572 654 si
595 589 743 654 adieceris
767 607 857 653 unam
881 586 1040 669 syllabam,
1064 589 1122 650 erit
1143 587 1291 650 iambicus
1314 587 1431 666 integer
1454 587 1513 660 sic,
1539 586 1543 666 l

711 694 770 756 ianr
793 692 927 776 luppiter
949 690 1052 756 salutis
1075 689 1190 756 arbiter
1213 709 1309 762 meae,

351 801 422 864 item
1129 847 1136 868 ,

682 899 768 964 adest
790 899 871 964 celer
894 901 1036 984 phaselus
1057 899 1109 965 ille
1132 917 1221 981 quem
1244 898 1336 962 rides.
1683 921 1697 962 e

351 1013 469 1072 curtum
494 1014 592 1070 autem
616 1023 671 1088 per
693 1004 910 1068 detractionem
935 1003 1057 1069 ultimae
1078 1003 1211 1088 syllabae
1235 1003 1319 1068 lecit:
1348 1001 1438 1066 buius
1465 1002 1546 1066 modi
1570 1022 1670 1066 exem·

352 1111 434 1195 plum
458 1111 517 1176 erit
538 1109 616 1193 apud
639 1109 796 1174 Horatium
820 1108 895 1182 tale,

624 1231 689 1278 seu
710 1221 845 1294 poscat
868 1230 998 1294 agnam
1023 1215 1103 1276 sire
1126 1211 1234 1276 malit
1264 1210 1394 1274 baeda.

352 1319 423 1383 hnic
444 1321 471 1382 si
494 1315 641 1381 adieceris
663 1314 822 1400 sybabam,
847 1317 905 1378 erit
927 1319 1044 1396 integer
1067 1318 1204 1380 trimeter
1225 1318 1284 1388 sic,

642 1423 644 1428 '
682 1439 737 1484 seu
759 1429 864 1503 poscat
885 1437 991 1502 agnam
1016 1423 1079 1484 sire
1102 1419 1185 1483 malit
1207 1418 1346 1483 haedulo.
1685 1442 1712 1483 ro

352 1527 382 1591 id
411 1533 511 1590 autem
540 1525 577 1590 ab
606 1525 730 1588 Horatio
764 1523 935 1613 exemplum
965 1524 1161 1606 protulimus,
1194 1533 1226 1586 ut
1253 1523 1498 1596 ostenderemus,
1535 1522 1615 1586 unde
1642 1521 1672 1585 id

352 1637 455 1695 noster
477 1628 590 1714 lyricus
612 1630 744 1692 imitatus
766 1630 813 1692 sit.

439 1733 492 1798 list
525 1717 569 1796 et'
584 1733 676 1796 altera
705 1733 822 1814 species
853 1733 983 1795 trimetri
1017 1733 1178 1809 scazontis,
1216 1749 1306 1814 quam
1334 1730 1492 1814 Hipponax
1522 1730 1674 1796 induxisse

353 1837 547 1923 perhibetur,
576 1838 662 1900 ouius
685 1837 864 1919 compositio
888 1835 956 1899 talis
980 1844 1040 1908 est,
1070 1841 1103 1898 ut
1125 1836 1258 1900 secunda
1281 1834 1318 1898 ab
1342 1833 1449 1900 ultima
1472 1853 1593 1918 semper
1615 1833 1673 1920 syl-

353 1942 419 2008 laba
448 1941 538 2023 longa
560 1947 705 2024 ponatur,
735 1940 766 2004 id
796 1949 843 2004 est
871 1949 986 2003 utnon
1016 1939 1117 2004 iambo
1140 1947 1241 2013 sexto,
1270 1939 1323 2002 sed
1353 1938 1488 2020 spondeo
1516 1939 1595 2022 pede
1623 1947 1714 2004 autu

353 2045 509 2119 trochaeo,
533 2053 638 2110 contra
654 2063 743 2127 quam
759 2043 807 2106 lex
830 2042 923 2106 iambi
938 2043 1083 2126 postulat,
1109 2045 1303 2114 terminetur,
1327 2044 1495 2126 meritoque
1518 2043 1674 2108 aGraeois

355 2149 523 2234 appellatus
545 2157 589 2213 ert
610 2167 735 2222 scazon,
760 2147 791 2210 id
807 2156 853 2211 est
869 2145 1003 2211 claudus.
1050 2147 1131 2211 unde
1152 2146 1372 2212 observandum
1395 2154 1441 2210 est
1463 2165 1501 2209 ne
1521 2147 1674 2228 spondeus

355 2254 401 2318 rel
424 2255 529 2337 quiex
552 2272 588 2316 eo
603 2260 805 2336 procreantur
827 2251 899 2315 sede
921 2254 1025 2333 quinta
1049 2253 1080 2314 in
1103 2251 1162 2314 hoc
1179 2270 1265 2315 versu
1281 2258 1443 2334 ponantur,
1474 2269 1512 2314 ne
1533 2259 1674 2334 quattuor

248 2375 251 2382 ·
354 2360 466 2441 iupiter
486 2356 594 2440 longae
616 2375 707 2420 omne
730 2356 887 2420 destruant
908 2363 1049 2419 metrum.
1094 2357 1153 2419 erit
1174 2357 1205 2417 in
1229 2353 1367 2436 exemplo
1390 2373 1496 2420 versus
1517 2351 1607 2439 bicll

628 2458 723 2525 sella
745 2461 783 2523 ln
806 2456 932 2524 curuli
954 2468 1098 2524 struma
1122 2457 1264 2524 Nonius
1287 2458 1410 2524 sedet:
1690 2490 1716 2532 ,ο

356 2569 406 2632 liat
429 2575 543 2631 mutato
566 2573 692 2630 accentu
715 2582 772 2648 pro
795 2561 881 2628 sedet
902 2561 994 2635 sedit,
1019 2564 1078 2626 erit
1100 2561 1233 2628 claudus.
1261 2581 1371 2628 rursus
1392 2565 1473 2644 bunc
1494 2562 1676 2646 permutatio

358 2669 519 2736 verborum
543 2670 632 2752 faciet
653 2666 816 2732 iambicum
839 2669 1000 2749 integrum,
1023 2677 1058 2731 ut

702 2769 774 2836 sella
797 2774 828 2834 in
851 2769 949 2835 curuli
971 2782 1086 2835 struma
1109 2771 1187 2836 sedit
1209 2771 1333 2838 Nonius.

358 2879 497 2943 similiter
521 2881 609 2943 etiarn
634 2876 718 2942 illum
743 2883 880 2940 scazonta
897 2877 1080 2958 permutatio
1097 2875 1201 2940 eadem
1218 2886 1335 2940 rectum
1350 2875 1511 2942 iambicum
1527 2876 1624 2949 laniet,
1645 2887 1678 2940 ut

718 2997 775 3046 neo
797 2982 944 3044 excitatur
967 2979 1093 3045 classico
1116 2982 1193 3044 truci
1216 2978 1315 3044 miles:
1675 3009 1717 3066 'a

358 3096 463 3152 contra

622 3247 625 3254 .
718 3207 776 3253 nec
798 3189 945 3253 excitatur
967 3187 1091 3252 classico
1114 3189 1202 3254 miles
1229 3189 1317 3256 truci.

359 3296 417 3360 lroc
446 3303 547 3358 autem
576 3301 647 3358 tunc
670 3293 792 3358 domum
821 3294 887 3356 lieri
902 3294 1038 3374 poterit,
1068 3295 1095 3356 si
1123 3291 1220 3358 ultimi
1250 3292 1310 3355 duo
1339 3290 1432 3375 pedes
1462 3311 1498 3356 ex
1526 3291 1677 3376 disyllabis

358 3399 459 3464 verbis
482 3397 663 3471 subsistunt,
689 3407 720 3461 ut
744 3401 824 3461 inter
847 3416 879 3460 se
902 3399 1068 3480 permutari
1091 3400 1217 3480 possint.
1252 3397 1328 3460 haec
1350 3398 1527 3478 compositio
1543 3397 1679 3477 queraris

361 3507 463 3568 vitiosa
480 3513 579 3567 tamen
596 3504 626 3566 in
642 3501 781 3567 iambico.
787 3501 916 3585 placuit:
940 3519 1008 3564 nam
1025 3499 1212 3565 oboliambos
1228 3500 1313 3564 nrnlti
1330 3508 1463 3564 ceterum
1479 3501 1676 3583 scripserunt.
1692 3528 1719 3570 ω

447 3607 528 3670 ldem
550 3608 707 3689 llipponax
739 3607 828 3680 etiarn
853 3612 1063 3670 tetrametrum
1093 3605 1160 3687 pari
1188 3602 1254 3686 lege
1277 3621 1335 3685 qua
1359 3605 1528 3668 trimetrum
1553 3603 1677 3674 induxit,

361 3713 445 3776 cuius
469 3712 526 3773 erit
548 3707 718 3792 exemplum

360 3858 565 3870 -a———=

430 3938 562 3988 brunum
581 3946 666 3986 autem
685 3951 711 4001 p.
730 3939 821 3996 tras
913 3938 944 3988 13
964 3935 1010 3987 list
1028 3945 1052 3985 et
1070 3932 1149 3985 altera
1168 3913 1269 4002 species
1288 3961 1320 3972 -
1342 3936 1428 3996 lent
1451 3937 1476 3984 in
1500 3934 1608 3985 dubium
1627 3949 1678 3986 uon

360 4006 430 4059 veuit
447 4007 513 4059 Atii.
532 4005 605 4057 Furi.
624 4005 696 4057 26⁷3

429 4216 512 4268 Sseu
530 4207 633 4282 poscat]
657 4213 958 4278 Hur.eeraa.1‹t,12
1040 4213 1109 4280 agna
1131 4211 1189 4263 siue
1208 4211 1233 4263 B
1260 4211 1422 4279 agna..sine
1445 4212 1471 4264 A
1503 4225 1599 4278 agnam
1623 4211 1680 4262 sine

366 4287 426 4340 Vct.
444 4301 514 4352 agna
533 4285 589 4334 siue
607 4296 624 4340 ς
688 4283 705 4335 9
724 4282 848 4334 adieceris
867 4295 884 4339 ς
902 4281 1024 4334 adiecerit
1042 4285 1066 4333 A
1080 4279 1106 4332 B
1170 4283 1203 4334 10
1221 4296 1315 4348 agnum
1334 4281 1391 4332 sina
1409 4278 1435 4330 B
1457 4295 1555 4348 agna..
1578 4280 1636 4331 slue
1652 4281 1678 4332 A

362 4369 430 4422 agna
448 4355 506 4406 siue
528 4353 617 4409 Vale
697 4353 729 4403 ll
748 4351 894 4419 appellatus
913 4366 1008 4403 scazon
1028 4353 1052 4403 A
1072 4349 1219 4419 appelletur
1236 4365 1332 4402 scazon
1350 4347 1405 4407 ςΒ
1480 4350 1512 4402 18
1529 4359 1681 4417 procreatur

362 4459 520 4575 {eddim
533 4446 594 4588 ‘ll’
607 4459 655 4568 ia
673 4443 905 4568 ittitldttt·
918 4425 1679 4589 {ttutttltlli,ttt‘ltdt‘ttlt‘ttdt

362 4599 468 4641 accentu
487 4602 535 4654 pro
554 4593 572 4650 p
589 4587 663 4638 sedet
680 4585 748 4637 sidet
766 4587 813 4635 erit
831 4588 856 4638 A
880 4585 925 4638 liat
943 4595 1040 4636 mutato
1059 4597 1165 4637 accentu
1184 4584 1311 4652 (‘nliquid
1328 4579 1456 4651 eruaum')
1478 4599 1494 4652 p
1514 4593 1544 4651 pt
1567 4583 1614 4634 sed
1632 4584 1680 4635 etsi

363 4682 454 4735 deterit
468 4681 492 4733 B
527 4701 528 4706 ¹
544 4682 577 4734 23
595 4680 691 4732 curulis
705 4657 775 4730 droia
790 4680 814 4731 A
833 4679 915 4730 curuli
927 4678 1009 4732 strela
1021 4678 1046 4729 B
1060 4679 1119 4731 Vel.
1137 4678 1219 4730 curuli
1232 4677 1318 4730 scrola
1335 4690 1353 4734 ς
1404 4679 1439 4730 24
1456 4690 1482 4730 et
1492 4678 1518 4728 in
1531 4676 1603 4729 illum
1616 4678 1642 4730 A
1654 4677 1681 4728 B

364 4767 389 4805 et
406 4751 513 4809 illume
582 4752 616 4803 nt
634 4765 682 4801 nec
700 4750 861 4806 excitatura
886 4763 937 4800 non
957 4750 1082 4800 excitetur
1101 4751 1193 4815 prlore
1211 4753 1267 4802 luco
1286 4744 1350 4799 AB
1419 4747 1453 4799 28
1470 4747 1561 4804 berle
1589 4745 1636 4798 leri
1654 4747 1681 4799 A
1791 4745 1796 4754 '

364 4821 434 4874 l'erlri
453 4818 480 4871 B
513 4811 516 4818 ’
565 4819 881 4884 nequamneuam
901 4833 957 4869 cnm
977 4816 1004 4869 B
1092 4821 1124 4871 30
1144 4810 1386 4874 ΟΙιΟΙιΙὸΜΒΟΥΕ
1405 4817 1430 4869 A
1457 4815 1637 4870 cboliambuibl
1656 4815 1682 4868 B

433 4893 465 4944 ³1
485 4889 624 4956 llipponax
643 4903 660 4946 ς
677 4889 822 4956 hipponam
841 4887 904 4940 AB
