3874 5556
374 347 439 412 ‘284
737 354 742 368 ·
829 347 945 400 aaron
963 346 1243 400 ronrvnnrmm

401 463 423 504 r·
437 451 496 492 2690-
510 452 534 494 ⁰¹
551 447 573 494 P·
1510 461 1532 505 p.
1545 449 1591 493 aaa.
1606 451 1631 492 aa
1644 448 1670 491 a.

375 550 504 602 rnetrnm
529 547 629 602 antem
660 547 690 602 et
711 539 838 602 heroum
869 537 974 602 volunt
996 537 1034 600 ab
1058 559 1094 600 eo
1117 537 1248 608 dictum,
1279 537 1323 600 vel
1353 537 1432 620 quod
1461 539 1587 602 heroum
1617 538 1692 602 lacta

375 647 494 724 primus
517 643 667 706 Homerus
689 644 747 704 hoe
771 661 859 706 tarsu
883 645 1043 712 cecinerit,
1070 641 1113 705 vel
1138 643 1218 721 ‹yrtod
1243 643 1462 704 vetustissimus
1485 651 1517 704 et
1538 651 1606 704 ante
1629 663 1690 704 om·

376 765 430 810 nes
452 748 568 828 primus
597 746 689 808 luerit
717 746 768 808 hic
796 765 902 808 versus
929 746 1062 823 (lteroica
1093 748 1173 809 enim
1204 753 1303 808 vetera
1333 747 1506 826 etantiqua
1530 746 1689 827 dixerunt),

376 849 421 912 rel
445 851 525 933 quod
550 851 607 912 hoc
630 869 736 931 magna
754 861 784 913 et
799 849 900 912 sobria
924 860 1082 920 canantur,
1113 861 1142 912 et
1159 851 1269 912 heroes
1293 850 1393 930 magni
1417 859 1447 913 et
1469 848 1575 911 sobrii.
1613 847 1689 910 idem

376 965 406 1018 et
428 957 532 1037 epicos
556 953 682 1022 dicitur,
706 953 784 1036 quod
809 971 984 1018 sermonum
1007 973 1115 1036 capax,
1141 964 1170 1017 et
1194 953 1273 1035 qnod
1299 972 1353 1034 per
1376 953 1441 1016 eius
1464 953 1557 1034 pedes
1580 953 1721 1034 simpli-⁵

377 1062 443 1122 cius
472 1067 502 1120 et
530 1055 648 1121 facilius
677 1057 766 1120 rerba
797 1069 868 1122 eant
902 1067 993 1141 atqtre
1023 1057 1200 1130 decurrant,
1229 1049 1299 1120 dard
1325 1055 1388 1119 τοῦ
1415 1053 1569 1120 ἕπεσθαι.
1616 1056 1693 1118 ircano

378 1162 492 1224 Ennius
514 1158 637 1242 longum
661 1170 760 1233 votat,
790 1164 898 1225 Graeci
928 1161 1117 1242 delphicum,
1147 1163 1216 1245 qnia
1241 1161 1296 1223 hoc
1320 1180 1434 1242 genere
1456 1165 1546 1222 metri
1567 1159 1691 1222 Phemo-

378 1284 445 1335 noe,
459 1262 608 1346 Apollinis
622 1274 711 1337 vates
730 1267 888 1329 vaticinata
902 1277 956 1337 est,
973 1263 985 1348 ΙΙ
1003 1275 1032 1328 ει
1045 1265 1197 1348 pythicum
1218 1285 1234 1328 a
1250 1265 1395 1346 Pythone.
1421 1283 1489 1327 nam
1502 1263 1692 1337 cunrlarcnm

377 1366 517 1450 Apolloin
531 1388 599 1432 eum
607 1369 788 1442 intenderet,
801 1369 859 1433 hoc
868 1388 956 1432 versu
965 1369 1192 1452 euntnymphae
1203 1371 1340 1432 hortatae
1350 1368 1503 1430 dicuntur.
1521 1369 1693 1430 hexameter

378 1483 480 1536 autem
503 1473 611 1543 dictus,
636 1474 714 1553 quod
738 1493 789 1535 sex
815 1475 928 1544 metris,
953 1475 1011 1537 hoc
1035 1482 1078 1536 est
1094 1492 1145 1536 sex
1171 1471 1308 1552 pedibus,
1333 1472 1447 1534 lenitur.
1485 1471 1565 1533 idem
1582 1481 1690 1540 tamen,
1707 1487 1731 1526 ιο

377 1579 428 1660 qui
451 1577 571 1648 herous,
596 1580 685 1640 etiam
708 1576 872 1659 dactylicus
889 1579 1072 1648 nominatur,
1098 1577 1232 1656 quamtis
1248 1577 1376 1638 inveniri
1399 1577 1492 1658 possit
1515 1579 1566 1658 qui
1588 1595 1692 1638 omues

377 1679 528 1762 spondeos
551 1679 670 1746 habeat.
717 1684 841 1763 recipit,
866 1680 998 1748 uldini,
1023 1681 1115 1763 pedes
1138 1679 1288 1762 dactylum
1313 1689 1343 1741 et
1364 1679 1533 1760 spondeum
1555 1678 1693 1742 omnibus

377 1785 452 1847 iocis
475 1784 691 1855 indifferenter,
716 1783 878 1863 aliquando
900 1787 929 1846 in
946 1783 1052 1846 ultimo
1076 1793 1106 1846 et
1128 1783 1315 1848 trochaeum.
1353 1787 1453 1846 omnis
1482 1785 1560 1846 enim
1590 1783 1692 1846 ultima

377 1887 489 1969 syllaba
524 1891 555 1949 in
587 1907 675 1950 versu
704 1888 887 1970 adiaphoros
915 1889 983 1950 erit.
1028 1890 1100 1950 item
1135 1887 1296 1969 diiigenter
1331 1887 1452 1950 attende
1481 1886 1559 1969 quod
1595 1889 1693 1950 omnis

377 1990 506 2072 syllaba,
530 2011 608 2074 quae
631 2001 749 2073 partem
771 1993 916 2054 orationis
939 1992 1017 2064 linit,
1047 1994 1078 2054 in
1102 1994 1183 2054 omni
1212 2011 1299 2054 versu
1323 1988 1463 2054 similiter
1486 1991 1730 2056 indifferentern

377 2093 530 2177 accipitur,
556 2106 657 2159 otest

517 2199 711 2263 inualidus
734 2201 925 2281 etiamque
948 2209 1134 2270 tremens,
1156 2202 1267 2262 etiam
1290 2201 1437 2262 inscius
1460 2200 1557 2261 aevi:

378 2303 434 2365 dus
457 2301 569 2386 syllaba
593 2303 778 2366 indillerens.
824 2308 973 2367 maximus
996 2308 1048 2386 qui
1071 2313 1116 2366 est
1140 2323 1257 2374 versus,
1282 2303 1411 2386 syllabas
1435 2301 1525 2366 habet
1548 2302 1635 2372 Xllll,
1659 2293 1694 2366 'ut

521 2416 557 2469 at
579 2407 668 2470 tuba
693 2407 914 2471 terribilem
938 2411 1105 2471 sortitum
1128 2407 1263 2491 procul
1287 2425 1374 2469 aere
1398 2425 1554 2478 canoro;

378 2512 519 2573 minimus
544 2509 633 2573 habel
657 2511 718 2582 Xll,
743 2522 775 2574 ut
797 2522 842 2574 cst
865 2513 1018 2575 Ettnianus
1695 2536 1731 2576 ‘eo

698 2614 764 2677 olli
789 2615 991 2696 respondit
1014 2635 1077 2678 rex
1101 2614 1208 2678 hibat
1233 2613 1371 2695 longai.

377 2716 430 2779 sed
455 2718 510 2780 hus
533 2728 563 2779 et
586 2737 637 2780 eos
666 2721 718 2800 qui
749 2717 852 2799 piures
881 2720 1031 2800 spondeos
1060 2738 1148 2800 qttam
1174 2718 1307 2802 dactylos
1331 2717 1456 2790 hahent,
1486 2721 1572 2801 quasi
1594 2719 1693 2781 nrinus

378 2819 473 2884 honos
496 2831 526 2883 et
548 2823 613 2884 sine
637 2821 754 2904 dactylo
779 2842 884 2904 parum
910 2834 1021 2885 teretes
1042 2815 1074 2884 'et
1098 2842 1255 2894 sonoros,‹
1271 2823 1502 2906 spondiazontas
1526 2820 1693 2904 appellare·

377 2935 458 2987 runt.
504 2928 660 3007 proprium
685 2927 776 2990 huius
800 2936 853 2997 est,
877 2929 956 3010 qood
981 2947 1102 3008 setrtper
1126 2948 1141 2989 a
1164 2928 1259 3008 longa
1276 2927 1383 3009 incipit
1405 2937 1435 2990 et
1456 2925 1602 3008 disyllabo
1618 2925 1694 3008 pede

377 3030 488 3092 linitur.
535 3031 667 3111 optimus
690 3031 827 3101 habetur,
853 3035 939 3093 carius
963 3033 1061 3112 prima
1084 3050 1209 3094 caesura
1232 3031 1494 3113 penthemimerim
1518 3029 1612 3092 habet
1626 3047 1692 3091 ora·
1706 3053 1732 3094 aa

377 3134 468 3195 tionis
491 3141 574 3213 parte
598 3135 719 3204 linitam,
744 3143 776 3196 ut

516 3272 617 3316 arma
642 3257 839 3336 virumque
863 3275 954 3318 cano
977 3255 1113 3318 Troiae
1138 3261 1200 3338 qui
1223 3259 1366 3340 primus
1390 3255 1435 3318 ah
1459 3255 1552 3327 oris,

377 3386 427 3436 aut
447 3374 524 3436 duos
548 3375 640 3455 pedes
662 3386 693 3438 et
716 3378 891 3440 trochaeum
916 3377 1056 3439 similiter
1080 3387 1195 3459 partem
1220 3379 1363 3439 orationis
1385 3379 1551 3448 linientem,
1575 3385 1608 3438 ut

564 3497 779 3568 infandum,
804 3501 953 3578 regina,
979 3497 1087 3560 iubes
1111 3517 1298 3561 renotare
1323 3498 1505 3560 dolorem.

379 3672 582 3682 .—-——-—.

446 3775 462 3825 3
480 3773 557 3825 luerit
575 3772 616 3824 lrlc
636 3775 659 3825 A
679 3774 720 3825 hie
738 3773 814 3826 luerit
832 3775 888 3832 ςΒ
941 3775 1043 3826 heroica
1063 3790 1079 3832 ς
1095 3775 1117 3825 Β
1136 3777 1231 3826 heroici
1252 3777 1277 3828 Α
1330 3777 1484 3826 destrantur
1497 3785 1523 3825 nt
1535 3773 1627 3826 heroes
1645 3776 1694 3831 ςΑ

286 3897 293 3911 “
376 3879 660 3945 εειιιιιιιειιιὴετεεεΒ
712 3887 948 3948 ddecurrautoiut'r
962 3863 1128 3949 radiatile
1143 3895 1694 3948 liutteAderatrmntotuoaoverredoetltnnc

377 3961 402 4014 B
420 3963 557 4014 deertrrant
575 3975 589 4012 a
607 3963 675 4014 hunc
694 3977 711 4020 ς
781 3967 796 4016 7
814 3966 964 4016 deliciacnm
984 3967 1119 4030 adscripto
1136 3968 1162 4016 in
1181 3969 1298 4033 marpine
1317 3966 1329 4016 l
1345 3967 1370 4017 A
1393 3964 1543 4016 deliciacum
1563 3963 1588 4015 B
1613 3963 1694 4014 delia—

376 4049 434 4082 enm
454 4045 479 4089 ς.
507 4031 670 4100 Delphicum,
688 4041 717 4084 ut
734 4037 811 4086 uoluit
829 4042 965 4087 conectat·
982 4037 1080 4086 codicia
1093 4037 1126 4091 A.
1145 4035 1281 4086 Fabricius
1299 4035 1358 4086 didi.
1374 4051 1415 4099 pr.
1435 4033 1454 4084 I
1469 4051 1496 4100 p.
1512 4036 1561 4084 1⁵4
1578 4041 1605 4085 et
1623 4033 1694 4084 Noe·

376 4101 433 4153 latua
452 4102 563 4156 Choerit.
582 4101 651 4152 Satn.
670 4119 736 4168 puae
758 4119 860 4167 ratpero.
883 4121 910 4168 p.
929 4106 984 4155 263
1007 4107 1065 4156 roll.
1084 4107 1153 4156 Ptot.
1175 4121 1201 4170 p.
1222 4107 1292 4156 2622
1379 4103 1452 4152 metri
1471 4119 1518 4156 ont.
1532 4103 1557 4153 A
1570 4101 1596 4152 B
1608 4115 1638 4157 3:
1658 4103 1693 4164 es.

381 4171 481 4223 Victor.
499 4172 533 4222 de
550 4180 622 4222 metr.
641 4189 669 4234 p.
689 4175 749 4226 215,
765 4175 796 4222 15
858 4172 1023 4228 Phemones
1080 4175 1194 4225 Suom.
1209 4171 1243 4232 B,
1263 4175 1391 4230 addest
1448 4186 1507 4221 nam
1527 4187 1584 4221 cnm
1605 4186 1692 4220 art-mn

377 4241 402 4290 in
422 4255 480 4291 eum
499 4240 641 4291 intenderet
661 4241 755 4306 Apollo
779 4241 908 4306 nymphae
931 4257 988 4292 enm
1008 4243 1057 4292 hoo
1076 4259 1154 4292 ttersu
1172 4243 1289 4294 hortatae
1311 4243 1431 4291 tiicnntnr
1448 4239 1514 4296 313,
1545 4241 1638 4291 deinde
1656 4243 1696 4291 uel

377 4327 393 4359 n
409 4311 577 4376 praemodico
595 4313 634 4361 uel
657 4326 674 4360 a
696 4309 811 4360 librario
830 4313 936 4362 amictus
954 4318 992 4362 est
1010 4327 1100 4362 versus
1119 4305 1148 4380 ἰὴ
1168 4303 1272 4374 παιάν,
1291 4303 1322 4377 ἰὴ
1340 4302 1444 4372 παιάν,
1463 4303 1494 4374 Iri
1513 4299 1606 4361 παισὶν
1748 4355 1752 4362 .

378 4381 410 4430 10
428 4379 498 4441 quod
518 4394 565 4429 sex
583 4380 671 4429 ntetris
695 4378 744 4429 hoc
763 4390 801 4429 est
823 4394 870 4429 sex
889 4381 999 4447 pedibus
1018 4380 1098 4430 iertur
1115 4394 1132 4437 ς
1154 4383 1223 4440 arrad
1244 4395 1276 4429 ex
1296 4381 1384 4430 metris
1406 4378 1455 4428 hoo
1474 4391 1564 4428 estex
1583 4377 1694 4445 pedibus

377 4445 438 4510 (hoc
461 4459 500 4498 est
524 4449 633 4514 pedibus
652 4446 691 4513 A)
713 4447 802 4498 ieritnr
821 4448 885 4499 AB
971 4451 1038 4499 idem
1065 4461 1148 4499 tamen
1172 4453 1215 4512 qui
1236 4449 1330 4500 herous
1352 4450 1403 4497 iam
1426 4461 1450 4496 et
1467 4447 1610 4512 dactylicus
1630 4446 1654 4497 A
1669 4445 1695 4496 B

377 4517 444 4566 idem
463 4528 547 4567 tamen
567 4519 642 4580 tyrtaei
661 4516 757 4568 heroos
771 4529 795 4567 et
806 4517 984 4582 dactylicuss
1038 4519 1069 4569 12
1088 4519 1167 4584 pedae
1186 4531 1264 4575 επις
1315 4516 1471 4582 dactylicum
1492 4515 1517 4566 B
1573 4517 1693 4567 omnihus

377 4587 402 4634 in
421 4585 485 4636 loeis
504 4599 521 4642 ς
578 4589 610 4637 14
629 4588 687 4636 item
702 4585 839 4651 diligenter·
849 4587 961 4650 attende]
980 4589 1015 4649 cs.
1030 4587 1107 4639 Max.
1125 4589 1224 4639 Victor.
1243 4590 1275 4638 de
1287 4594 1338 4637 rot.
1350 4593 1424 4636 metr.
1441 4603 1469 4650 p.
1485 4587 1544 4640 m,
1557 4587 1599 4635 26.
1621 4583 1693 4635 Mar.

382 4655 481 4708 Victor.
500 4673 526 4721 p.
547 4659 587 4711 71,
603 4659 636 4707 22
717 4659 747 4706 li
766 4653 909 4724 invalidus]
933 4657 1012 4720 Verp.
1030 4673 1119 4721 peoryy.
1142 4656 1192 4708 111
1213 4659 1261 4708 186
1332 4657 1363 4706 18
1386 4654 1463 4704 habet
1480 4651 1555 4704 xvh
1575 4653 1694 4717 Gairsor·

377 4726 435 4774 diua
454 4725 530 4774 habet
549 4723 609 4774 xvt
631 4727 653 4775 A
669 4725 723 4781 Be
789 4728 820 4778 12
839 4736 865 4776 nt
884 4723 956 4792 tuba]
979 4725 1059 4794 Verp.
1078 4729 1145 4778 Aen.
1169 4725 1262 4777 VIIII
1282 4727 1335 4775 50³
1399 4725 1432 4776 23
1451 4723 1694 4790 εροῐιὰίεεοῐιιιιες

377 4793 581 4858 spondinznntas
601 4794 665 4845 ΑΒ
752 4796 785 4844 ‘dl
804 4791 881 4861 pede]
902 4809 1003 4862 penes
1090 4799 1123 4846 25
1143 4795 1345 4862 ρεηιὶηιειηει·ἰπι
1365 4793 1455 4848 AB}
1541 4793 1576 4843 26
1595 4791 1693 4842 linitam

377 4863 486 4981 conieept
506 4863 670 4926 Goiaforda'ue
689 4862 760 4912 dnitn
779 4865 804 4914 Α
817 4863 873 4920 Βς
933 4867 967 4916 27
986 4861 1070 4933 armo]
1095 4865 1174 4931 Verp.
1194 4866 1260 4915 Aen.
1280 4862 1297 4912 1
1317 4865 1331 4913 1
1388 4863 1421 4914 29
1440 4857 1589 4929 infandum]
1613 4861 1693 4929 Verp.

382 4933 445 4984 ,lem
483 4931 534 4981 lo
