3874 5556
792 361 796 369 '
874 369 923 418 ou
946 331 1111 421 crrrnnm

652 547 700 612 Nil
723 548 871 610 Ausoniis
894 565 961 610 esse
985 565 1061 630 opus
1086 533 1108 608 tt
1130 565 1240 611 sonare
1264 548 1328 610 diri

609 661 639 716 et
661 649 743 734 ζῆτα
766 668 958 732 supremum,
983 651 1040 714 nisi
1063 653 1147 731 graia
1171 650 1262 714 rerba
1287 659 1407 732 cogent.

653 755 713 818 Sed
736 771 895 837 quorsum,
919 755 979 832 nis,
1005 753 1062 817 boc
1086 754 1204 818 discere
1227 755 1272 818 vol
1296 756 1407 819 docere
1430 754 1548 820 retorti

555 883 595 926 rso
609 860 731 922 tradunt
754 857 908 935 immines,
931 865 1013 932 secta
1037 859 1147 938 quibus
1171 859 1359 940 Pythagorea
1383 870 1437 930 est,

607 980 717 1026 arcana
740 965 838 1025 secuti
860 959 996 1044 physicis
1019 971 1135 1024 remota
1158 964 1267 1032 causis,
1428 975 1430 980 ·

606 1083 741 1130 summas
763 1065 884 1127 numeri
907 1081 968 1125 non
991 1064 1032 1126 ita
1055 1061 1164 1127 litteris
1188 1065 1295 1137 valere,

605 1186 735 1250 graecus
756 1177 870 1248 pueros
892 1175 925 1228 ut
948 1165 1035 1229 docet
1057 1167 1203 1230 insonans
1225 1164 1379 1249 magister,

606 1291 674 1336 cum
698 1269 805 1334 tollere
828 1279 955 1332 cunctos
976 1268 1061 1332 iubet
1084 1268 1172 1334 altius
1196 1273 1344 1342 sinistras,

553 1399 593 1440 sss
607 1393 701 1438 unum
724 1374 763 1436 sit
786 1381 818 1436 ut
840 1371 927 1454 alpba
952 1383 981 1435 et
1004 1370 1063 1434 duo
1087 1371 1156 1435 beta
1180 1384 1211 1436 et
1234 1377 1291 1437 tria
1315 1394 1442 1456 ganrnta.

607 1478 725 1542 diverse
749 1474 866 1546 volunt,
891 1476 948 1538 alia
971 1475 1082 1538 docent
1104 1475 1212 1540 ordine
1235 1476 1336 1541 nullo:

607 1581 724 1645 rolerre
747 1587 870 1662 putant,
895 1597 972 1662 quae
995 1579 1044 1641 cui
1067 1581 1107 1641 sit
1129 1579 1185 1642 sub
1209 1599 1262 1645 ore
1284 1581 1382 1665 sedes,

606 1693 641 1749 ut
663 1703 718 1747 nos
742 1682 831 1746 modo
856 1681 1069 1765 temptabimus
1094 1683 1238 1766 expedire
1262 1689 1381 1767 ruptim.

606 1791 691 1852 aiunt
713 1787 829 1870 aliquos
853 1785 991 1848 lauclbus
1015 1785 1120 1850 exilire
1144 1788 1181 1850 ab
1204 1773 1282 1860 imis,

554 1888 723 1974 ιωγάμμα
746 1901 780 1954 ut
802 1891 928 1973 penitus
950 1885 1070 1951 κάππα
1093 1899 1190 1964 sonat,
1215 1887 1250 1967 ξι
1269 1890 1358 1955 simul
1382 1901 1412 1955 ct
1434 1899 1484 1974 χις

605 1996 697 2058 ictam
719 1995 839 2074 gravius
863 1995 944 2055 vocis
968 2010 1043 2073 opus
1067 1993 1183 2074 lingere
1206 1993 1358 2078 linguam„

606 2101 631 2162 si
653 2095 734 2179 ζῆτα
756 2095 864 2176 loquor
887 2091 1047 2176 λάβδαιο,
1070 2093 1117 2159 νῦ
1140 2093 1185 2158 vel
1209 2096 1361 2180 bispidum
1385 2093 1444 2179 ῥῶ,

606 2211 637 2265 et
659 2201 778 2282 σίγμα,
802 2199 883 2280 quod
905 2201 970 2262 istis
994 2197 1082 2281 parili
1104 2199 1176 2262 sede
1200 2199 1350 2272 vibratur:

606 2304 714 2368 dentes
736 2305 869 2366 sonitum
893 2303 1007 2383 fingere
1030 2297 1260 2385 δέλτα-θῆτα,
1285 2312 1348 2367 turn
1370 2305 1438 2366 ταῦ
1445 2327 1452 2378 ;

972 2405 991 2446 s
1078 2404 1096 2442 s
1184 2401 1202 2442 s

552 2533 592 2577 sss
606 2511 711 2576 itidem
734 2507 824 2592 parili
847 2507 919 2572 sede
943 2509 1029 2591 sequi
1052 2515 1098 2590 φῖ
1118 2526 1259 2592 quoque,
1283 2516 1347 2573 turn
1371 2517 1420 2588 ψῖ.

604 2617 676 2678 binc
700 2623 731 2676 et
753 2613 872 2676 numeri
896 2631 957 2674 non
979 2611 1096 2674 similes
1118 2612 1232 2675 babere
1255 2633 1400 2686 summas,

567 2709 578 2789 ’,
605 2729 634 2782 et
657 2718 780 2781 nomina
804 2715 927 2778 tradunt
949 2716 991 2778 ita
1014 2714 1126 2780 litteris
1149 2727 1283 2800 peracta,

605 2822 679 2885 baec
702 2830 735 2882 ut
758 2821 893 2882 numeris
916 2817 1071 2900 pluribus,
1095 2819 1145 2883 illa
1168 2823 1231 2883 sint
1254 2823 1390 2891 minutis.

604 2921 787 3008 quandoque
809 2919 955 2984 subibunt
979 2921 1089 2984 dubiae
1111 2921 1226 3008 pericla
1250 2941 1381 3006 pugnae,

552 3050 591 3094 ero
605 3029 700 3093 maior
723 3045 869 3090 numerus
892 3044 949 3110 qua
973 3029 1107 3097 steterit,
1134 3026 1234 3088 lavere
1257 3026 1395 3108 palmam,

603 3133 761 3216 praesagIa
784 3127 986 3214 letilminima
1009 3137 1112 3210 patere
1137 3147 1265 3192 summa.

497 3309 505 3324 ,
604 3238 648 3300 sic
671 3231 832 3300 Patroclon
856 3237 928 3296 olim
951 3233 1098 3296 Hectorea
1122 3252 1210 3296 rnanu
1236 3235 1367 3316 perisse,

605 3343 648 3404 sic
671 3337 799 3402 Hectora
824 3335 947 3400 tradunt
969 3337 1116 3402 cecidisse
1139 3356 1209 3400 mox
1233 3337 1349 3401 Achilli.

605 3445 680 3508 haec
702 3451 775 3505 sunt
797 3443 937 3523 quoniam
963 3440 1076 3504 viribus
1099 3439 1203 3503 altiora
1228 3444 1351 3516 nostris,

552 3565 592 3607 ns
604 3551 630 3612 si
653 3557 714 3610 tam
739 3555 845 3608 tenues
868 3563 919 3606 res
942 3543 998 3606 tibi
1020 3547 1064 3607 sic
1086 3543 1205 3608 dissero
1229 3562 1318 3608 versu

605 3655 694 3714 vitem
717 3657 751 3712 ut
774 3647 930 3720 tenebras,
954 3666 1029 3730 quas
1052 3647 1129 3711 solet
1152 3656 1182 3710 et
1203 3647 1301 3712 soluta
1326 3669 1422 3720 versu,

605 3756 700 3818 orado
723 3752 822 3835 parvis
846 3743 947 3814 minus
971 3751 1124 3832 explicaro
1146 3750 1248 3823 rebus,
1349 3773 1354 3779 ·

605 3866 650 3922 sat
672 3859 749 3922 duco
774 3873 854 3920 meas
879 3853 1025 3917 hactenus
1048 3872 1212 3935 occupasse
1235 3857 1355 3936 nugas'

321 4001 529 4014 —ssn-

389 4071 440 4122 247
459 4067 529 4121 Nibil
549 4067 581 4120 M
633 4065 701 4127 dixi}
713 4083 736 4118 o.
750 4067 811 4120 1³5.
848 4063 881 4114 cle
900 4077 914 4111 z
932 4061 1022 4114 littera
1039 4063 1065 4112 in
1082 4061 1260 4126 superioribus
1277 4063 1370 4114 dictum
1389 4071 1505 4126 nonest,
1524 4073 1550 4114 et
1567 4064 1645 4129 ptura

320 4157 368 4210 boc
386 4159 442 4210 loco
461 4149 555 4222 legisse
572 4154 674 4206 videtur
692 4149 796 4202 diarius
818 4147 969 4200 Victorinus
985 4165 1013 4214 p.
1033 4151 1078 4212 dl,
1097 4149 1133 4198 20
1189 4150 1241 4200 255
1263 4163 1359 4216 gesimo
1378 4149 1409 4200 M
1470 4151 1520 4202 256
1539 4150 1645 4200 diuersa

321 4244 412 4295 uolunt
430 4243 611 4294 Laclrnnmrus
629 4237 739 4288 Diuersa
763 4233 850 4286 tinient
867 4234 900 4285 M
916 4234 1021 4286 diuersa
1044 4233 1131 4284 unlere
1150 4234 1271 4300 Micyllus
1341 4235 1431 4286 ordine
1451 4235 1519 4286 nullo
1539 4235 1645 4286 llelerre

320 4331 376 4382 sins
398 4330 564 4382 distinctione
583 4327 614 4378 M
683 4323 734 4375 268
762 4321 945 4386 temptabimus
969 4321 1150 4372 anlnnnnnns
1173 4322 1357 4387 temptauimus
1381 4321 1415 4372 M
1481 4323 1532 4372 260
1555 4309 1643 4387 νόμιμ’

321 4427 350 4468 ιιι
367 4417 473 4484 penitus
485 4414 608 4482 Micyllus
620 4427 676 4476 squ
695 4420 723 4460 ιιι
735 4407 840 4474 penitus
855 4407 886 4459 M
955 4407 1006 4458 262
1025 4395 1155 4472 baldricus
1173 4401 1209 4459 νῦ
1223 4407 1404 4459 herimannus
1422 4407 1503 4472 αλφα
1517 4422 1548 4456 ue
1566 4423 1603 4460 νυ
1616 4407 1646 4457 M

321 4499 439 4570 λαμβδα
464 4515 495 4552 ue
519 4495 559 4565 μῦ
578 4497 699 4564 Micyllus
721 4491 797 4560 βῆτα
816 4509 847 4543 ne
870 4489 906 4545 νῦ
925 4491 1068 4544 Brissaeus
1138 4494 1189 4544 266
1208 4496 1279 4544 ‘ante
1301 4491 1366 4544 dunc
1388 4493 1469 4558 perlit
1490 4508 1593 4558 uersus,
1618 4495 1644 4544 in

321 4585 626 4658 procurer-aetatiores
639 4579 933 4648 dorp'Lacltmannus.
969 4580 1025 4629 sine
1038 4579 1133 4630 lacuna
1145 4577 1176 4629 M
1228 4579 1277 4630 211
1292 4577 1437 4635 Ιοιίςιιιειί
1452 4577 1482 4628 M
1535 4581 1587 4631 272
1606 4581 1645 4630 sio

320 4675 458 4729 Patroclon
478 4671 539 4722 olim
551 4669 675 4721 ilectoren
694 4665 835 4718 Brissaeus
854 4663 897 4716 Sic
916 4665 1055 4715 Patroclon
1074 4663 1199 4715 Hectoreo
1218 4663 1250 4714 M
1266 4665 1304 4714 sic
1322 4675 1348 4714 et
1365 4663 1500 4716 Patroclen
1519 4664 1643 4718 Hectorea

323 4765 444 4833 ,lliepllus
