3874 5556
332 421 350 438 „
375 353 455 422 -330
670 339 687 348 ”
898 433 903 441 ,
927 369 1146 420 rauranum

387 469 412 508 p.
425 458 477 500 eset
489 458 515 498 Ρ.

618 563 674 610 nec
697 553 770 610 tuno
785 545 876 610 modo
899 567 967 610 cum
991 550 1144 629 iungimus
1165 549 1224 611 hoo
1246 533 1357 614 valebit
1377 551 1469 632 ipsas,

565 671 605 713 no
620 646 681 712 sed'
696 651 783 732 siqua
808 653 867 714 erit
889 651 936 714 his
959 650 1053 716 aitera
1077 651 1187 717 vocalis
1210 653 1389 725 adhaerens,

618 755 662 816 ris
685 753 761 816 haee
783 763 887 818 manet
909 753 983 826 iliis,
1008 757 1093 836 quasi
1116 775 1185 821 oum
1209 755 1299 820 simul
1322 759 1475 836 iugantur.

537 927 541 944 ἱ
617 877 687 922 nam
711 860 737 922 ει
759 859 846 939 iuga
870 860 937 940 quis
960 861 1112 930 nominet.
1136 874 1150 922 1
1174 855 1307 924 consona
1330 861 1390 932 liet,

616 975 639 1024 tt
662 960 759 1044 qualis
782 969 849 1026 erat
871 974 1029 1044 permanet
1053 966 1084 1026 iu
1107 961 1176 1026 loco
1201 965 1359 1046 sequenti:
1402 1028 1406 1033 ,

543 1050 546 1056 ’
618 1074 648 1127 ει
670 1083 740 1128 oum
762 1061 925 1128 iaculum
949 1074 1003 1130 aut
1025 1061 1098 1130 dieo
1117 1068 1226 1132 ieeur
1249 1066 1372 1130 iorem
1395 1067 1604 1137 iuvencum,

566 1171 604 1230 iss
618 1167 661 1229 nii
685 1169 761 1233 ordo
785 1169 927 1234 secundis
948 1169 1074 1242 tribuit,
1099 1173 1186 1251 prior
1207 1173 1337 1233 iuratur.

618 1275 790 1338 versa-rice
813 1273 839 1335 si
861 1276 900 1336 sit
922 1275 1008 1356 prior
1030 1285 1069 1345 ιι,
1093 1281 1240 1356 sequatur
1262 1272 1323 1346 iila,

462 1377 465 1383 '
554 1396 556 1400 ’
618 1394 689 1438 oum
713 1375 782 1440 dico
806 1377 908 1449 vide,
933 1376 1061 1441 contulit
1083 1391 1097 1438 1
1119 1395 1227 1441 sonum
1251 1379 1356 1460 priori,

618 1487 665 1541 ast
688 1481 753 1558 ipsa
776 1487 880 1543 manet
901 1488 1040 1563 tempore
1063 1497 1123 1563 quo
1147 1478 1275 1543 sonabat
1297 1488 1377 1545 ante.

618 1581 774 1646 vocalibus
796 1582 855 1645 hoo
877 1591 907 1645 ει
929 1581 1055 1664 reliquis
1077 1583 1214 1665 praedita
1237 1591 1346 1654 serrat,

481 1753 486 1758 ,
566 1703 605 1748 roo
619 1693 653 1766 ut
675 1686 766 1750 rade
789 1688 892 1757 reni,
916 1693 997 1748 rota
1021 1687 1120 1758 reier,
1145 1695 1247 1748 teneto
1269 1686 1428 1750 ruitum:

505 1788 510 1796 '
619 1791 751 1854 crevisse
775 1807 881 1853 sonum
905 1789 1053 1870 perspicis
1076 1797 1106 1852 et
1128 1791 1225 1852 coisse
1249 1807 1393 1852 erassum.

618 1893 699 1956 uude
722 1891 837 1956 Aeoliis
860 1892 963 1956 iittera
986 1893 1109 1973 fingitur
1132 1891 1310 1973 digamum,

521 2046 526 2054 .
619 2014 697 2078 quae
721 1994 759 2059 de
781 2014 909 2059 numero
932 1997 969 2059 sit
992 1998 1087 2076 magis
1109 2014 1169 2058 uua
1192 2003 1422 2067 consonarum,

440 2109 470 2130 ’·
522 2137 525 2143 -
619 2097 734 2162 roooiis
756 2101 788 2160 iu
811 2100 903 2162 istum
928 2117 1128 2182 magequam
1153 2117 1240 2162 versa
1263 2102 1302 2162 sit
1326 2117 1423 2162 usum.

568 2198 673 2266 rossad
698 2211 746 2274 ut,
771 2203 865 2266 altera
888 2221 948 2285 quo
972 2201 1093 2266 differat
1115 2201 1209 2266 altera
1231 2203 1371 2274 sciamus,

621 2319 634 2366 1
657 2323 725 2370 oum
749 2304 850 2368 medio
873 2304 995 2368 nomine
1017 2305 1061 2368 sio
1084 2309 1145 2367 erit
1168 2304 1273 2377 iocata,

622 2408 732 2471 rocaiis
755 2415 788 2470 ut
809 2406 890 2471 illam
915 2406 1068 2471 exlatere
1092 2417 1221 2487 utroque
1245 2417 1370 2482 coartet,

588 2498 600 2582 ’,
622 2511 762 2575 Baiana
786 2509 884 2582 velut,
908 2514 1029 2594 peior,
1055 2513 1126 2574 item
1150 2511 1261 2573 Troia
1286 2511 1331 2575 rel
1354 2511 1482 2586 huius,

622 2619 706 2697 ipsa,
730 2622 763 2678 ut
785 2613 890 2686 docui,
915 2634 1047 2680 consona
1071 2614 1161 2682 fieta
1183 2618 1333 2704 sequenti.

488 2739 491 2744 ·
568 2737 606 2777 no
620 2727 651 2780 ει
673 2719 699 2779 si
722 2716 823 2791 brevis
847 2729 893 2780 εει
916 2737 992 2800 quae
1015 2722 1113 2800 posita
1137 2729 1183 2781 est
1205 2717 1272 2781 looo
1296 2720 1416 2802 priore,

619 2805 740 2902 longam
763 2822 938 2884 iaciet·non
962 2825 1064 2886 miuus
1086 2823 1165 2886 hano
1188 2840 1319 2885 consona
1343 2823 1417 2890 sola.

539 2969 541 2974 .
599 2922 674 3010 [ceu
697 2925 787 3004 ionga
810 2926 844 2987 ιιι
866 2924 954 2998 oiim,
980 2927 1120 3005 quotiens
1143 2927 1219 2989 duae
1242 2935 1421 3006 sequuntur.

618 3037 671 3090 aut
693 3031 719 3091 si
742 3029 870 3092 nimium
895 3037 941 3090 est
963 3028 1021 3092 hoc
1045 3030 1135 3100 dare,
1160 3027 1270 3093 vocalis
1295 3037 1329 3092 ut
1351 3047 1409 3091 urna

568 3173 570 3179 ,
614 3120 670 3194 'ilat
690 3130 798 3194 similis
822 3140 962 3214 tempore
986 3135 1129 3196 consonis
1152 3132 1278 3203 duabus,

566 3253 605 3294 ns
619 3244 707 3316 atque
730 3249 744 3295 1
766 3237 919 3314 geminum
942 3234 1077 3304 scribere
1101 3254 1157 3298 nos
1180 3235 1284 3298 iubent
1307 3237 1454 3316 magistri.

619 3352 631 3398 1
655 3355 787 3400 consona
811 3337 861 3400 ilet
884 3337 973 3401 simui
997 3347 1027 3401 ει
1050 3358 1182 3421 sequens
1204 3343 1349 3420 priorem.

565 3467 573 3474 ·
619 3449 649 3502 et
672 3458 750 3521 quae
772 3442 857 3522 prior
881 3450 928 3502 est
950 3442 1062 3504 auxilio
1085 3445 1276 3524 posterioris.

569 3549 572 3555 '
619 3544 676 3606 hoo
699 3557 736 3616 U,
753 3543 844 3606 simili
867 3545 897 3605 si·
915 3545 1006 3607 fuerit
1029 3543 1113 3618 ioco,
1138 3545 1290 3629 nequibit:
1317 3591 1319 3597 ,

619 3634 687 3709 cunr'
712 3648 779 3709 dico
802 3645 923 3716 lator,
950 3647 1017 3710 dico
1042 3651 1146 3712 nives
1169 3647 1296 3730 piurio
1320 3647 1483 3720 novales,

454 3796 466 3814 ,
567 3773 605 3813 roo
620 3750 681 3812 sola
706 3767 876 3812 consonans
900 3753 965 3832 ipsa
989 3753 1035 3820 tu,
1061 3758 1093 3812 ut
1117 3755 1203 3832 prius
1227 3755 1353 3814 notasti:

618 3861 734 3937 perstat
757 3851 903 3925 brevitas,
930 3873 1007 3936 quae
1031 3855 1177 3918 mirante
1201 3845 1363 3920 eoiiocatis.

662 3957 723 4019 iam
747 3964 848 4018 cetera
872 3975 932 4018 non
956 3956 1062 4018 ordine
1086 3977 1146 4038 quo
1168 3955 1265 4020 soient
1288 3956 1457 4038 loquemur,

387 4135 590 4158 ψ
621 4079 720 4124 verum
744 4067 777 4121 ut
800 4060 910 4141 auique
934 4069 980 4122 est
1002 4064 1181 4142 proximitas
1205 4063 1285 4122 vocis
1308 4079 1429 4132 sonore,
1503 4041 1506 4048 ⁴

456 4185 591 4236 let-248
612 4182 682 4232 Mar.
706 4182 805 4232 Victor.
832 4181 878 4236 33,
898 4182 1013 4239 11-34,
1033 4184 1068 4232 22
1144 4183 1191 4234 183
1209 4183 1295 4234 Prisc.
1315 4185 1333 4234 i.
1351 4181 1430 4233 xm
1448 4199 1474 4249 p.
1494 4184 1534 4244 10,
1554 4184 1587 4231 25
1610 4181 1704 4231 Teren·

383 4273 470 4322 tiaous
489 4271 521 4322 de
539 4269 630 4322 litteris
649 4267 745 4316 Verum
764 4283 821 4334 sqq.
1722 4270 1725 4274 ’

385 4358 592 4368 ——-——

454 4392 502 4443 161
522 4393 562 4442 uis
581 4391 645 4440 heeo
663 4402 680 4445 ς
697 4389 739 4439 uis
757 4387 805 4439 hoo
824 4386 856 4436 M
926 4389 974 4438 152
992 4389 1052 4450 quis
1071 4403 1087 4445 ς
1106 4390 1150 4471 qui
1169 4389 1202 4440 M
1244 4438 1248 4444 ,
1270 4391 1319 4441 169
1337 4389 1455 4456 praedita
1474 4385 1614 4440 Briesaeus
1632 4405 1705 4455 prae·

385 4478 436 4529 latu
455 4477 487 4528 M
557 4478 606 4527 162
625 4475 723 4526 Aeoliis
742 4487 759 4531 ς
778 4472 858 4525 aeolis
872 4474 903 4524 M
974 4475 1023 4526 166
1041 4475 1122 4525 altera
1139 4491 1191 4540 quo
1210 4473 1315 4526 diiierat
1332 4473 1412 4524 altera
1426 4475 1535 4539 Lagona
1553 4473 1633 4525 altera
1652 4489 1705 4539 quo

386 4563 482 4614 reierat
500 4563 606 4616 aiterum
626 4563 664 4614 M.
701 4560 795 4612 reierot
811 4575 861 4626 pro
880 4559 982 4610 differat
1001 4563 1094 4612 Metaon
1113 4562 1231 4623 defendit
1249 4559 1389 4611 Sonteniua
1402 4577 1426 4610 o.
1445 4561 1523 4624 2117,
1541 4559 1585 4611 ubi
1602 4559 1647 4611 sed
1666 4575 1706 4611 re-

385 4649 435 4700 iert
454 4648 496 4700 iiio
516 4657 556 4700 eat
573 4651 600 4700 in
618 4643 711 4712 MJrs.
729 4666 753 4699 o.
772 4649 825 4698 ⁵20
843 4661 895 4710 quo
914 4645 1038 4696 diiiernnt
1109 4648 1158 4699 161
1177 4663 1209 4698 ex
1229 4647 1306 4697 latere
1326 4645 1507 4696 noannoeane
1525 4645 1604 4696 intere
1623 4663 1656 4720 ⁸¹.
1676 4647 1708 4698 M
1746 4658 1749 4662 ·

386 4737 434 4786 ltt
454 4747 479 4784 et
497 4751 564 4799 quoe
577 4737 647 4801 prior
665 4745 705 4786 est
717 4733 857 4785 Suntenius
869 4731 901 4782 Et
920 4747 978 4782 cunt
998 4734 1070 4799 prior
1088 4745 1128 4782 est
1148 4733 1179 4783 M
1196 4744 1221 4783 et
1239 4733 1279 4782 cui
1299 4731 1370 4798 prior
1389 4743 1428 4782 est
1440 4731 1622 4782 Lachmanntte
1640 4747 1707 4797 quae

385 4833 438 4870 tum
458 4822 529 4886 prior
547 4831 587 4871 est
605 4823 726 4885 Mioyiius
797 4822 845 4872 tto
865 4820 953 4884 pluuia
971 4818 1113 4870 Brisroeus
1131 4819 1255 4886 piuVinm
1276 4818 1309 4869 M
1376 4819 1424 4868 183
1445 4820 1515 4868 rocis
1534 4814 1628 4869 sonore
1647 4819 1706 4871 Μα-

385 4907 439 4956 rius
462 4905 610 4956 Victorinus
627 4924 654 4972 p.
675 4909 722 4967 33,
736 4909 768 4956 11
787 4906 835 4955 1οεί
855 4906 948 4955 ooniue
962 4905 992 4954 M
1012 4905 1075 4954 iocis
1096 4906 1156 4955 oriri
1176 4907 1279 4956 rodit-er
1297 4903 1429 4954 Prisciani
1440 4907 1457 4956 i.
1479 4903 1558 4955 xm
1575 4922 1601 4970 p.
1616 4908 1657 4972 10,
1672 4909 1707 4956 16
1789 4942 1791 4950 .

1883 4455 1886 4531 i
