<?xml version="1.0" encoding="UTF-8"?>
<!DOCTYPE html PUBLIC "-//W3C//DTD XHTML 1.0 Transitional//EN"
    "http://www.w3.org/TR/xhtml1/DTD/xhtml1-transitional.dtd">
<html xmlns="http://www.w3.org/1999/xhtml" xml:lang="en" lang="en">
 <head>
  <title>
</title>
<meta http-equiv="Content-Type" content="text/html;charset=utf-8" />
  <meta name='ocr-system' content='tesseract 3.04.00' />
  <meta name='ocr-capabilities' content='ocr_page ocr_carea ocr_par ocr_line ocrx_word'/>
</head>
<body>
  <div class='ocr_page' id='page_1' title='image "./grammaticilatin05hagagoog_0184.png"; bbox 0 0 3906 5564; ppageno 0'>
   <div class='ocr_carea' id='block_1_1' title="bbox 380 355 1672 516">
    <p class='ocr_par' dir='ltr' id='par_1_1' title="bbox 380 355 1672 516">
     <span class='ocr_line' id='line_1_1' title="bbox 380 355 1198 424; baseline -0.01 -8"><span class='ocrx_word' id='word_1_1' title='bbox 380 355 441 424; x_wconf 79' lang='grc'><strong>154</strong></span> <span class='ocrx_word' id='word_1_2' title='bbox 882 355 989 409; x_wconf 77' lang='lat' dir='ltr'><strong>blARll</strong></span> <span class='ocrx_word' id='word_1_3' title='bbox 1006 355 1198 410; x_wconf 67' lang='lat' dir='ltr'><strong>Vlffroltlhl</strong></span> 
     </span>
     <span class='ocr_line' id='line_1_2' title="bbox 405 459 1672 516; baseline -0.012 0"><span class='ocrx_word' id='word_1_4' title='bbox 405 473 428 516; x_wconf 83' lang='lat' dir='ltr'><strong>r·</strong></span> <span class='ocrx_word' id='word_1_5' title='bbox 442 461 501 502; x_wconf 76' lang='lat'><strong>²⁶⁰¹·</strong></span> <span class='ocrx_word' id='word_1_6' title='bbox 515 462 527 502; x_wconf 77' lang='lat'>²</span> <span class='ocrx_word' id='word_1_7' title='bbox 542 459 567 504; x_wconf 77' lang='grc' dir='ltr'><strong>Ρ·</strong></span> <span class='ocrx_word' id='word_1_8' title='bbox 1505 472 1527 515; x_wconf 80' lang='lat' dir='ltr'><strong>p.</strong></span> <span class='ocrx_word' id='word_1_9' title='bbox 1541 461 1631 502; x_wconf 74' lang='lat' dir='ltr'><strong>err-rs</strong></span> <span class='ocrx_word' id='word_1_10' title='bbox 1646 459 1672 501; x_wconf 87' lang='lat' dir='ltr'><strong>o.</strong></span> 
     </span>
    </p>
   </div>
   <div class='ocr_carea' id='block_1_2' title="bbox 368 540 1792 4062">
    <p class='ocr_par' dir='ltr' id='par_1_2' title="bbox 368 540 1792 4062">
     <span class='ocr_line' id='line_1_3' title="bbox 377 540 1697 633; baseline -0.002 -20"><span class='ocrx_word' id='word_1_11' title='bbox 377 548 457 633; x_wconf 91' lang='lat' dir='ltr'><strong>quod</strong></span> <span class='ocrx_word' id='word_1_12' title='bbox 481 558 607 621; x_wconf 87' lang='lat' dir='ltr'><strong>constat,</strong></span> <span class='ocrx_word' id='word_1_13' title='bbox 632 550 711 611; x_wconf 90' lang='lat' dir='ltr'><strong>sicut</strong></span> <span class='ocrx_word' id='word_1_14' title='bbox 732 547 869 630; x_wconf 80' lang='lat' dir='ltr'><strong>plerique</strong></span> <span class='ocrx_word' id='word_1_15' title='bbox 892 547 1053 620; x_wconf 78' lang='lat' dir='ltr'><strong>adserunt,</strong></span> <span class='ocrx_word' id='word_1_16' title='bbox 1084 567 1121 612; x_wconf 87' lang='lat' dir='ltr'><strong>ex</strong></span> <span class='ocrx_word' id='word_1_17' title='bbox 1143 549 1243 612; x_wconf 89' lang='lat' dir='ltr'><strong>ionico</strong></span> <span class='ocrx_word' id='word_1_18' title='bbox 1266 567 1356 630; x_wconf 87' lang='lat' dir='ltr'><strong>quem</strong></span> <span class='ocrx_word' id='word_1_19' title='bbox 1385 540 1452 610; x_wconf 77' lang='lat' dir='ltr'><strong>aiud</strong></span> <span class='ocrx_word' id='word_1_20' title='bbox 1474 548 1626 631; x_wconf 72' lang='grc' dir='ltr'><strong><em>μειζονος</em></strong></span> <span class='ocrx_word' id='word_1_21' title='bbox 1649 568 1697 611; x_wconf 85' lang='lat' dir='ltr'><strong>ro·</strong></span> 
     </span>
     <span class='ocr_line' id='line_1_4' title="bbox 377 642 1697 735; baseline -0.002 -17"><span class='ocrx_word' id='word_1_22' title='bbox 377 662 457 718; x_wconf 88' lang='lat' dir='ltr'><strong>caut.</strong></span> <span class='ocrx_word' id='word_1_23' title='bbox 504 672 571 716; x_wconf 90' lang='lat' dir='ltr'><strong>narn</strong></span> <span class='ocrx_word' id='word_1_24' title='bbox 600 654 625 716; x_wconf 87' lang='lat' dir='ltr'><strong>si</strong></span> <span class='ocrx_word' id='word_1_25' title='bbox 656 653 769 725; x_wconf 81' lang='lat' dir='ltr'><strong>versui,</strong></span> <span class='ocrx_word' id='word_1_26' title='bbox 800 671 889 735; x_wconf 89' lang='lat' dir='ltr'><strong>quem</strong></span> <span class='ocrx_word' id='word_1_27' title='bbox 912 670 1005 734; x_wconf 86' lang='lat' dir='ltr'><strong>supra</strong></span> <span class='ocrx_word' id='word_1_28' title='bbox 1029 655 1130 734; x_wconf 90' lang='lat' dir='ltr'><strong>posui.</strong></span> <span class='ocrx_word' id='word_1_29' title='bbox 1160 655 1297 734; x_wconf 78' lang='lat' dir='ltr'><strong>‘segetes</strong></span> <span class='ocrx_word' id='word_1_30' title='bbox 1324 671 1425 716; x_wconf 90' lang='lat' dir='ltr'><strong>meum</strong></span> <span class='ocrx_word' id='word_1_31' title='bbox 1448 642 1612 729; x_wconf 76' lang='lat' dir='ltr'><strong>laborem&#39;,</strong></span> <span class='ocrx_word' id='word_1_32' title='bbox 1643 671 1697 734; x_wconf 91' lang='lat' dir='ltr'><strong>pro</strong></span> 
     </span>
     <span class='ocr_line' id='line_1_5' title="bbox 378 755 1696 840; baseline -0.002 -20"><span class='ocrx_word' id='word_1_33' title='bbox 378 759 473 840; x_wconf 89' lang='lat' dir='ltr'><strong>prima</strong></span> <span class='ocrx_word' id='word_1_34' title='bbox 489 763 575 839; x_wconf 87' lang='lat' dir='ltr'><strong>parte</strong></span> <span class='ocrx_word' id='word_1_35' title='bbox 590 757 664 826; x_wconf 88' lang='lat' dir='ltr'><strong>eius,</strong></span> <span class='ocrx_word' id='word_1_36' title='bbox 688 774 777 838; x_wconf 92' lang='lat' dir='ltr'><strong>quam</strong></span> <span class='ocrx_word' id='word_1_37' title='bbox 794 755 920 828; x_wconf 77' lang='lat' dir='ltr'><strong>detraxi,</strong></span> <span class='ocrx_word' id='word_1_38' title='bbox 944 757 1120 829; x_wconf 64' lang='lat' dir='ltr'><strong>iuverunt,</strong></span> <span class='ocrx_word' id='word_1_39' title='bbox 1144 775 1293 839; x_wconf 87' lang='lat' dir='ltr'><strong>apponam</strong></span> <span class='ocrx_word' id='word_1_40' title='bbox 1317 755 1479 821; x_wconf 76' lang='lat' dir='ltr'>clausulam</span> <span class='ocrx_word' id='word_1_41' title='bbox 1502 755 1591 820; x_wconf 88' lang='lat' dir='ltr'><strong>huius</strong></span> <span class='ocrx_word' id='word_1_42' title='bbox 1606 755 1696 829; x_wconf 91' lang='lat' dir='ltr'><strong>modi,</strong></span> 
     </span>
     <span class='ocr_line' id='line_1_6' title="bbox 377 855 1418 944; baseline -0.001 -19"><span class='ocrx_word' id='word_1_43' title='bbox 377 864 408 924; x_wconf 88' lang='lat' dir='ltr'><strong>‘o</strong></span> <span class='ocrx_word' id='word_1_44' title='bbox 430 879 519 944; x_wconf 90' lang='lat' dir='ltr'><strong>quarn</strong></span> <span class='ocrx_word' id='word_1_45' title='bbox 543 857 739 931; x_wconf 83' lang='lat' dir='ltr'><strong>releuaruut’,</strong></span> <span class='ocrx_word' id='word_1_46' title='bbox 763 859 815 922; x_wconf 86' lang='lat' dir='ltr'><strong>liet</strong></span> <span class='ocrx_word' id='word_1_47' title='bbox 829 877 941 923; x_wconf 85' lang='lat' dir='ltr'><strong>¹versus</strong></span> <span class='ocrx_word' id='word_1_48' title='bbox 963 861 1082 924; x_wconf 90' lang='lat' dir='ltr'><strong>ionicus</strong></span> <span class='ocrx_word' id='word_1_49' title='bbox 1104 855 1171 925; x_wconf 78' lang='grc' dir='ltr'><strong>ἀπὸ</strong></span> <span class='ocrx_word' id='word_1_50' title='bbox 1193 859 1347 944; x_wconf 79' lang='grc' dir='ltr'><strong><em>μείζονος</em></strong></span> <span class='ocrx_word' id='word_1_51' title='bbox 1369 861 1418 932; x_wconf 84' lang='lat' dir='ltr'><strong>tn,</strong></span> 
     </span>
     <span class='ocr_line' id='line_1_7' title="bbox 636 959 1723 1052; baseline 0 -26"><span class='ocrx_word' id='word_1_52' title='bbox 636 981 767 1046; x_wconf 88' lang='lat' dir='ltr'><strong>oquaru</strong></span> <span class='ocrx_word' id='word_1_53' title='bbox 790 962 962 1027; x_wconf 80' lang='lat' dir='ltr'><strong>relevarunt</strong></span> <span class='ocrx_word' id='word_1_54' title='bbox 984 973 1102 1046; x_wconf 83' lang='lat' dir='ltr'><strong>segetes</strong></span> <span class='ocrx_word' id='word_1_55' title='bbox 1125 984 1226 1052; x_wconf 80' lang='lat' dir='ltr'><strong>meum</strong></span> <span class='ocrx_word' id='word_1_56' title='bbox 1250 963 1394 1037; x_wconf 86' lang='lat' dir='ltr'><strong>laborem,</strong></span> <span class='ocrx_word' id='word_1_57' title='bbox 1419 959 1433 1048; x_wconf 79' lang='lat' dir='ltr'><strong>ll</strong></span> <span class='ocrx_word' id='word_1_58' title='bbox 1710 997 1723 1038; x_wconf 77' lang='lat'><strong>5</strong></span> 
     </span>
     <span class='ocr_line' id='line_1_8' title="bbox 376 1065 1696 1154; baseline 0 -23"><span class='ocrx_word' id='word_1_59' title='bbox 376 1071 427 1152; x_wconf 91' lang='lat' dir='ltr'><strong>qui</strong></span> <span class='ocrx_word' id='word_1_60' title='bbox 455 1074 572 1131; x_wconf 88' lang='lat' dir='ltr'><strong>constat</strong></span> <span class='ocrx_word' id='word_1_61' title='bbox 600 1085 635 1130; x_wconf 85' lang='lat' dir='ltr'><strong>ex</strong></span> <span class='ocrx_word' id='word_1_62' title='bbox 665 1065 729 1130; x_wconf 88' lang='lat' dir='ltr'><strong>basi</strong></span> <span class='ocrx_word' id='word_1_63' title='bbox 751 1068 850 1132; x_wconf 90' lang='lat' dir='ltr'><strong>ionica</strong></span> <span class='ocrx_word' id='word_1_64' title='bbox 880 1075 909 1130; x_wconf 89' lang='lat' dir='ltr'><strong>et</strong></span> <span class='ocrx_word' id='word_1_65' title='bbox 938 1067 1089 1133; x_wconf 84' lang='lat' dir='ltr'><strong>trochaeis</strong></span> <span class='ocrx_word' id='word_1_66' title='bbox 1117 1067 1234 1154; x_wconf 79' lang='lat' dir='ltr'><strong>trilbus.</strong></span> <span class='ocrx_word' id='word_1_67' title='bbox 1279 1067 1419 1132; x_wconf 86' lang='lat' dir='ltr'><strong>similiter</strong></span> <span class='ocrx_word' id='word_1_68' title='bbox 1442 1077 1472 1132; x_wconf 92' lang='lat' dir='ltr'><strong>et</strong></span> <span class='ocrx_word' id='word_1_69' title='bbox 1493 1079 1582 1150; x_wconf 87' lang='lat' dir='ltr'><strong>quem</strong></span> <span class='ocrx_word' id='word_1_70' title='bbox 1605 1087 1696 1152; x_wconf 90' lang='lat' dir='ltr'><strong>supra</strong></span> 
     </span>
     <span class='ocr_line' id='line_1_9' title="bbox 376 1174 478 1256; baseline 0 -20"><span class='ocrx_word' id='word_1_71' title='bbox 376 1174 478 1256; x_wconf 88' lang='lat' dir='ltr'><strong>posui,</strong></span> 
     </span>
     <span class='ocr_line' id='line_1_10' title="bbox 468 1274 1275 1349; baseline 0.001 -10"><span class='ocrx_word' id='word_1_72' title='bbox 468 1293 471 1301; x_wconf 91' lang='grc'><strong><em>·</em></strong></span> <span class='ocrx_word' id='word_1_73' title='bbox 846 1276 965 1340; x_wconf 87' lang='lat' dir='ltr'><strong>Triviae</strong></span> <span class='ocrx_word' id='word_1_74' title='bbox 987 1284 1106 1341; x_wconf 89' lang='lat' dir='ltr'><strong>rotetur</strong></span> <span class='ocrx_word' id='word_1_75' title='bbox 1130 1274 1223 1349; x_wconf 90' lang='lat' dir='ltr'><strong>orbis,</strong></span> <span class='ocrx_word' id='word_1_76' title='bbox 1268 1323 1275 1347; x_wconf 88' lang='lat'><strong>,</strong></span> 
     </span>
     <span class='ocr_line' id='line_1_11' title="bbox 374 1379 1672 1462; baseline 0.002 -20"><span class='ocrx_word' id='word_1_77' title='bbox 374 1381 468 1462; x_wconf 89' lang='lat' dir='ltr'><strong>siquis</strong></span> <span class='ocrx_word' id='word_1_78' title='bbox 491 1379 600 1443; x_wconf 87' lang='lat' dir='ltr'><strong>adiciat</strong></span> <span class='ocrx_word' id='word_1_79' title='bbox 623 1383 741 1444; x_wconf 72' lang='lat' dir='ltr'><strong>‘cernis</strong></span> <span class='ocrx_word' id='word_1_80' title='bbox 765 1381 903 1461; x_wconf 89' lang='lat' dir='ltr'><strong>quotiens</strong></span> <span class='ocrx_word' id='word_1_81' title='bbox 926 1380 1004 1456; x_wconf 87' lang='lat' dir='ltr'><strong>hic&#39;,</strong></span> <span class='ocrx_word' id='word_1_82' title='bbox 1029 1380 1114 1445; x_wconf 91' lang='lat' dir='ltr'><strong>dabit</strong></span> <span class='ocrx_word' id='word_1_83' title='bbox 1135 1383 1287 1462; x_wconf 87' lang='lat' dir='ltr'><strong>integrum</strong></span> <span class='ocrx_word' id='word_1_84' title='bbox 1310 1383 1446 1445; x_wconf 89' lang='lat' dir='ltr'><strong>ionicum</strong></span> <span class='ocrx_word' id='word_1_85' title='bbox 1469 1382 1558 1445; x_wconf 89' lang='lat' dir='ltr'><strong>huius</strong></span> <span class='ocrx_word' id='word_1_86' title='bbox 1581 1383 1672 1453; x_wconf 92' lang='lat' dir='ltr'><strong>modi,</strong></span> 
     </span>
     <span class='ocr_line' id='line_1_12' title="bbox 668 1484 1734 1567; baseline 0.001 -22"><span class='ocrx_word' id='word_1_87' title='bbox 668 1487 770 1546; x_wconf 82' lang='lat' dir='ltr'><strong>cernis</strong></span> <span class='ocrx_word' id='word_1_88' title='bbox 793 1485 934 1567; x_wconf 89' lang='lat' dir='ltr'><strong>quotiens</strong></span> <span class='ocrx_word' id='word_1_89' title='bbox 956 1485 1007 1548; x_wconf 90' lang='lat' dir='ltr'><strong>hic</strong></span> <span class='ocrx_word' id='word_1_90' title='bbox 1029 1485 1148 1548; x_wconf 82' lang='lat' dir='ltr'><strong>‘l&#39;ririae</strong></span> <span class='ocrx_word' id='word_1_91' title='bbox 1170 1493 1286 1548; x_wconf 90' lang='lat' dir='ltr'><strong>rotetur</strong></span> <span class='ocrx_word' id='word_1_92' title='bbox 1309 1484 1402 1549; x_wconf 91' lang='lat' dir='ltr'><strong>orbis.</strong></span> <span class='ocrx_word' id='word_1_93' title='bbox 1496 1493 1501 1505; x_wconf 86' lang='grc'><em>·</em></span> <span class='ocrx_word' id='word_1_94' title='bbox 1710 1515 1734 1556; x_wconf 79' lang='lat'><strong>10</strong></span> 
     </span>
     <span class='ocr_line' id='line_1_13' title="bbox 374 1587 1479 1671; baseline 0.002 -23"><span class='ocrx_word' id='word_1_95' title='bbox 374 1588 454 1670; x_wconf 75' lang='lat' dir='ltr'><strong>‹qtrod</strong></span> <span class='ocrx_word' id='word_1_96' title='bbox 478 1587 566 1651; x_wconf 90' lang='lat' dir='ltr'><strong>colon</strong></span> <span class='ocrx_word' id='word_1_97' title='bbox 592 1587 778 1669; x_wconf 81' lang='lat' dir='ltr'><strong>pyrrichium</strong></span> <span class='ocrx_word' id='word_1_98' title='bbox 802 1596 831 1650; x_wconf 89' lang='lat' dir='ltr'><strong>et</strong></span> <span class='ocrx_word' id='word_1_99' title='bbox 854 1587 1013 1652; x_wconf 88' lang='lat' dir='ltr'><strong>trochacus</strong></span> <span class='ocrx_word' id='word_1_100' title='bbox 1036 1595 1150 1652; x_wconf 88' lang='lat' dir='ltr'><strong>tautum</strong></span> <span class='ocrx_word' id='word_1_101' title='bbox 1174 1597 1236 1652; x_wconf 91' lang='lat' dir='ltr'><strong>tres</strong></span> <span class='ocrx_word' id='word_1_102' title='bbox 1259 1591 1375 1671; x_wconf 88' lang='lat' dir='ltr'><strong>recipit,</strong></span> <span class='ocrx_word' id='word_1_103' title='bbox 1399 1589 1479 1652; x_wconf 82' lang='lat' dir='ltr'><strong>velut</strong></span> 
     </span>
     <span class='ocr_line' id='line_1_14' title="bbox 809 1690 1225 1774; baseline 0.002 -21"><span class='ocrx_word' id='word_1_104' title='bbox 809 1690 984 1774; x_wconf 85' lang='lat' dir='ltr'><strong>volucrique</strong></span> <span class='ocrx_word' id='word_1_105' title='bbox 1006 1691 1146 1756; x_wconf 82' lang='lat' dir='ltr'><strong>Phoebus</strong></span> <span class='ocrx_word' id='word_1_106' title='bbox 1169 1710 1225 1755; x_wconf 83' lang='lat' dir='ltr'><strong>are</strong></span> 
     </span>
     <span class='ocr_line' id='line_1_15' title="bbox 808 1794 1248 1878; baseline 0.007 -20"><span class='ocrx_word' id='word_1_107' title='bbox 808 1794 946 1878; x_wconf 91' lang='lat' dir='ltr'><strong>rapidum</strong></span> <span class='ocrx_word' id='word_1_108' title='bbox 970 1805 1110 1878; x_wconf 85' lang='lat' dir='ltr'><strong>pererret</strong></span> <span class='ocrx_word' id='word_1_109' title='bbox 1132 1796 1248 1869; x_wconf 88' lang='lat' dir='ltr'><strong>orbem,</strong></span> 
     </span>
     <span class='ocr_line' id='line_1_16' title="bbox 373 1903 446 1966; baseline 0.014 -1"><span class='ocrx_word' id='word_1_110' title='bbox 373 1903 446 1966; x_wconf 89' lang='lat' dir='ltr'><strong>itorn</strong></span> 
     </span>
     <span class='ocr_line' id='line_1_17' title="bbox 827 2002 1733 2082; baseline 0.001 -16"><span class='ocrx_word' id='word_1_111' title='bbox 827 2011 947 2082; x_wconf 78' lang='lat' dir='ltr'><strong>segetes</strong></span> <span class='ocrx_word' id='word_1_112' title='bbox 970 2023 1071 2068; x_wconf 87' lang='lat' dir='ltr'><strong>meum</strong></span> <span class='ocrx_word' id='word_1_113' title='bbox 1094 2002 1241 2067; x_wconf 90' lang='lat' dir='ltr'><strong>lahorem.</strong></span> <span class='ocrx_word' id='word_1_114' title='bbox 1342 2043 1347 2058; x_wconf 84' lang='lat'><strong>·</strong></span> <span class='ocrx_word' id='word_1_115' title='bbox 1378 2079 1380 2082; x_wconf 17' lang='lat'>¹</span> <span class='ocrx_word' id='word_1_116' title='bbox 1708 2033 1733 2074; x_wconf 76' lang='lat'><strong>15</strong></span> 
     </span>
     <span class='ocr_line' id='line_1_18' title="bbox 374 2106 1693 2192; baseline 0.002 -20"><span class='ocrx_word' id='word_1_117' title='bbox 374 2113 441 2174; x_wconf 88' lang='lat' dir='ltr'><strong>nam</strong></span> <span class='ocrx_word' id='word_1_118' title='bbox 466 2108 553 2192; x_wconf 91' lang='lat' dir='ltr'><strong>parili</strong></span> <span class='ocrx_word' id='word_1_119' title='bbox 576 2107 666 2170; x_wconf 90' lang='lat' dir='ltr'><strong>ruodo</strong></span> <span class='ocrx_word' id='word_1_120' title='bbox 690 2106 788 2170; x_wconf 85' lang='lat' dir='ltr'><strong>solent</strong></span> <span class='ocrx_word' id='word_1_121' title='bbox 811 2106 902 2189; x_wconf 88' lang='lat' dir='ltr'><strong>pedes</strong></span> <span class='ocrx_word' id='word_1_122' title='bbox 925 2107 1016 2171; x_wconf 89' lang='lat' dir='ltr'><strong>ionici</strong></span> <span class='ocrx_word' id='word_1_123' title='bbox 1041 2116 1073 2171; x_wconf 91' lang='lat' dir='ltr'><strong>ut</strong></span> <span class='ocrx_word' id='word_1_124' title='bbox 1096 2107 1182 2172; x_wconf 91' lang='lat' dir='ltr'><strong>binas</strong></span> <span class='ocrx_word' id='word_1_125' title='bbox 1204 2110 1245 2172; x_wconf 87' lang='lat' dir='ltr'><strong>ite</strong></span> <span class='ocrx_word' id='word_1_126' title='bbox 1269 2107 1404 2190; x_wconf 85' lang='lat' dir='ltr'><strong>singulas</strong></span> <span class='ocrx_word' id='word_1_127' title='bbox 1425 2107 1553 2192; x_wconf 76' lang='lat' dir='ltr'><strong>syllabas</strong></span> <span class='ocrx_word' id='word_1_128' title='bbox 1568 2108 1693 2174; x_wconf 86' lang='lat' dir='ltr'><strong>alternis</strong></span> 
     </span>
     <span class='ocr_line' id='line_1_19' title="bbox 373 2209 1693 2296; baseline 0.001 -20"><span class='ocrx_word' id='word_1_129' title='bbox 373 2213 487 2278; x_wconf 87' lang='lat' dir='ltr'><strong>vicibus</strong></span> <span class='ocrx_word' id='word_1_130' title='bbox 516 2221 567 2275; x_wconf 90' lang='lat' dir='ltr'><strong>aut</strong></span> <span class='ocrx_word' id='word_1_131' title='bbox 595 2209 695 2291; x_wconf 86' lang='lat' dir='ltr'><strong>longis</strong></span> <span class='ocrx_word' id='word_1_132' title='bbox 724 2209 832 2273; x_wconf 78' lang='lat' dir='ltr'><strong>breves</strong></span> <span class='ocrx_word' id='word_1_133' title='bbox 859 2219 911 2275; x_wconf 90' lang='lat' dir='ltr'><strong>aut</strong></span> <span class='ocrx_word' id='word_1_134' title='bbox 938 2210 1080 2274; x_wconf 80' lang='lat' dir='ltr'><strong>brevibus</strong></span> <span class='ocrx_word' id='word_1_135' title='bbox 1109 2211 1213 2293; x_wconf 92' lang='lat' dir='ltr'><strong>longas</strong></span> <span class='ocrx_word' id='word_1_136' title='bbox 1242 2213 1404 2295; x_wconf 81' lang='lat' dir='ltr'><strong>adnectere</strong></span> <span class='ocrx_word' id='word_1_137' title='bbox 1427 2232 1606 2296; x_wconf 83' lang='lat' dir='ltr'><strong>versumque</strong></span> <span class='ocrx_word' id='word_1_138' title='bbox 1628 2213 1693 2278; x_wconf 91' lang='lat' dir='ltr'><strong>basi</strong></span> 
     </span>
     <span class='ocr_line' id='line_1_20' title="bbox 373 2312 1692 2397; baseline 0.001 -17"><span class='ocrx_word' id='word_1_139' title='bbox 373 2316 524 2381; x_wconf 89' lang='lat' dir='ltr'><strong>trochaica</strong></span> <span class='ocrx_word' id='word_1_140' title='bbox 541 2315 730 2395; x_wconf 80' lang='lat' dir='ltr'><strong>frequentius</strong></span> <span class='ocrx_word' id='word_1_141' title='bbox 750 2312 902 2386; x_wconf 84' lang='lat' dir='ltr'><strong>claudere.</strong></span> <span class='ocrx_word' id='word_1_142' title='bbox 941 2314 981 2379; x_wconf 86' lang='lat' dir='ltr'><strong>ex&#39;</strong></span> <span class='ocrx_word' id='word_1_143' title='bbox 1000 2316 1058 2378; x_wconf 91' lang='lat' dir='ltr'><strong>hoc</strong></span> <span class='ocrx_word' id='word_1_144' title='bbox 1081 2315 1303 2396; x_wconf 88' lang='lat' dir='ltr'><strong>galliarnbicum</strong></span> <span class='ocrx_word' id='word_1_145' title='bbox 1327 2314 1407 2397; x_wconf 93' lang='lat' dir='ltr'><strong>quod</strong></span> <span class='ocrx_word' id='word_1_146' title='bbox 1432 2327 1539 2379; x_wconf 88' lang='lat' dir='ltr'><strong>vocant</strong></span> <span class='ocrx_word' id='word_1_147' title='bbox 1561 2326 1692 2381; x_wconf 90' lang='lat' dir='ltr'><strong>metrum</strong></span> 
     </span>
     <span class='ocr_line' id='line_1_21' title="bbox 373 2415 1693 2497; baseline 0 -13"><span class='ocrx_word' id='word_1_148' title='bbox 373 2420 505 2485; x_wconf 86' lang='lat' dir='ltr'><strong>emollita</strong></span> <span class='ocrx_word' id='word_1_149' title='bbox 533 2437 568 2482; x_wconf 87' lang='lat' dir='ltr'><strong>ac</strong></span> <span class='ocrx_word' id='word_1_150' title='bbox 597 2415 724 2480; x_wconf 89' lang='lat' dir='ltr'><strong>tremula</strong></span> <span class='ocrx_word' id='word_1_151' title='bbox 759 2416 962 2497; x_wconf 83' lang='lat' dir='ltr'><strong>modulatione</strong></span> <span class='ocrx_word' id='word_1_152' title='bbox 991 2418 1152 2483; x_wconf 79' lang='lat' dir='ltr'><strong>formatum</strong></span> <span class='ocrx_word' id='word_1_153' title='bbox 1190 2439 1312 2483; x_wconf 88' lang='lat' dir='ltr'><strong>manare</strong></span> <span class='ocrx_word' id='word_1_154' title='bbox 1341 2419 1516 2482; x_wconf 90' lang='lat' dir='ltr'><strong>dinoscitur.</strong></span> <span class='ocrx_word' id='word_1_155' title='bbox 1570 2439 1639 2484; x_wconf 86' lang='lat' dir='ltr'><strong>uam</strong></span> <span class='ocrx_word' id='word_1_156' title='bbox 1666 2423 1693 2484; x_wconf 89' lang='lat' dir='ltr'><strong>sl</strong></span> 
     </span>
     <span class='ocr_line' id='line_1_22' title="bbox 372 2520 1732 2606; baseline -0.001 -17"><span class='ocrx_word' id='word_1_157' title='bbox 372 2543 487 2589; x_wconf 87' lang='lat' dir='ltr'><strong>comma</strong></span> <span class='ocrx_word' id='word_1_158' title='bbox 510 2522 677 2606; x_wconf 90' lang='lat' dir='ltr'><strong>superioris</strong></span> <span class='ocrx_word' id='word_1_159' title='bbox 700 2520 841 2585; x_wconf 83' lang='lat' dir='ltr'><strong>versiculi</strong></span> <span class='ocrx_word' id='word_1_160' title='bbox 868 2523 1033 2604; x_wconf 90' lang='lat' dir='ltr'><strong>repetendo</strong></span> <span class='ocrx_word' id='word_1_161' title='bbox 1057 2525 1266 2604; x_wconf 86' lang='lat' dir='ltr'><strong>geminaveris,</strong></span> <span class='ocrx_word' id='word_1_162' title='bbox 1297 2525 1338 2586; x_wconf 90' lang='lat' dir='ltr'><strong>ita</strong></span> <span class='ocrx_word' id='word_1_163' title='bbox 1361 2531 1460 2586; x_wconf 89' lang='lat' dir='ltr'><strong>temen</strong></span> <span class='ocrx_word' id='word_1_164' title='bbox 1484 2533 1517 2586; x_wconf 89' lang='lat' dir='ltr'><strong>ut</strong></span> <span class='ocrx_word' id='word_1_165' title='bbox 1539 2527 1692 2606; x_wconf 89' lang='lat' dir='ltr'><strong>sequentis</strong></span> <span class='ocrx_word' id='word_1_166' title='bbox 1706 2554 1732 2595; x_wconf 75' lang='lat'><strong>20</strong></span> 
     </span>
     <span class='ocr_line' id='line_1_23' title="bbox 371 2623 1648 2709; baseline -0.001 -17"><span class='ocrx_word' id='word_1_167' title='bbox 371 2626 523 2692; x_wconf 85' lang='lat' dir='ltr'><strong>clausulae</strong></span> <span class='ocrx_word' id='word_1_168' title='bbox 548 2625 682 2688; x_wconf 89' lang='lat' dir='ltr'><strong>ultimam</strong></span> <span class='ocrx_word' id='word_1_169' title='bbox 705 2623 850 2708; x_wconf 83' lang='lat' dir='ltr'><strong>syllabam</strong></span> <span class='ocrx_word' id='word_1_170' title='bbox 872 2624 1039 2700; x_wconf 86' lang='lat' dir='ltr'><strong>subtrahas,</strong></span> <span class='ocrx_word' id='word_1_171' title='bbox 1063 2646 1183 2690; x_wconf 83' lang='lat' dir='ltr'><strong>versum</strong></span> <span class='ocrx_word' id='word_1_172' title='bbox 1205 2625 1430 2709; x_wconf 85' lang='lat' dir='ltr'><strong>galliambieum</strong></span> <span class='ocrx_word' id='word_1_173' title='bbox 1454 2627 1567 2692; x_wconf 88' lang='lat' dir='ltr'><strong>ellicies</strong></span> <span class='ocrx_word' id='word_1_174' title='bbox 1589 2631 1648 2701; x_wconf 88' lang='lat' dir='ltr'><strong>sio,</strong></span> 
     </span>
     <span class='ocr_line' id='line_1_24' title="bbox 642 2723 1419 2813; baseline 0.001 -21"><span class='ocrx_word' id='word_1_175' title='bbox 642 2738 760 2810; x_wconf 90' lang='lat' dir='ltr'><strong>segetes</strong></span> <span class='ocrx_word' id='word_1_176' title='bbox 784 2723 885 2794; x_wconf 82' lang='lat' dir='ltr'><strong>meum</strong></span> <span class='ocrx_word' id='word_1_177' title='bbox 908 2729 1052 2802; x_wconf 90' lang='lat' dir='ltr'><strong>laborem,</strong></span> <span class='ocrx_word' id='word_1_178' title='bbox 1076 2738 1193 2813; x_wconf 87' lang='lat' dir='ltr'><strong>segetes</strong></span> <span class='ocrx_word' id='word_1_179' title='bbox 1217 2750 1302 2796; x_wconf 87' lang='lat' dir='ltr'><strong>meus</strong></span> <span class='ocrx_word' id='word_1_180' title='bbox 1324 2729 1419 2794; x_wconf 91' lang='lat' dir='ltr'><strong>labor.</strong></span> 
     </span>
     <span class='ocr_line' id='line_1_25' title="bbox 371 2819 1691 2920; baseline -0.004 -15"><span class='ocrx_word' id='word_1_181' title='bbox 371 2843 428 2905; x_wconf 91' lang='lat' dir='ltr'><strong>hoc</strong></span> <span class='ocrx_word' id='word_1_182' title='bbox 450 2855 547 2920; x_wconf 89' lang='lat' dir='ltr'><strong>genus</strong></span> <span class='ocrx_word' id='word_1_183' title='bbox 575 2835 663 2896; x_wconf 88' lang='lat' dir='ltr'><strong>metri</strong></span> <span class='ocrx_word' id='word_1_184' title='bbox 692 2833 821 2897; x_wconf 87' lang='lat' dir='ltr'><strong>maxime</strong></span> <span class='ocrx_word' id='word_1_185' title='bbox 849 2833 1001 2898; x_wconf 88' lang='lat' dir='ltr'><strong>desiderat</strong></span> <span class='ocrx_word' id='word_1_186' title='bbox 1029 2837 1164 2918; x_wconf 89' lang='lat' dir='ltr'><strong>separari</strong></span> <span class='ocrx_word' id='word_1_187' title='bbox 1194 2837 1224 2898; x_wconf 91' lang='lat' dir='ltr'><strong>in</strong></span> <span class='ocrx_word' id='word_1_188' title='bbox 1248 2834 1321 2898; x_wconf 88' lang='lat' dir='ltr'><strong>duas</strong></span> <span class='ocrx_word' id='word_1_189' title='bbox 1344 2819 1507 2907; x_wconf 89' lang='lat' dir='ltr'><strong>clausulas,</strong></span> <span class='ocrx_word' id='word_1_190' title='bbox 1539 2845 1691 2920; x_wconf 82' lang='lat' dir='ltr'><strong>tamquam</strong></span> 
     </span>
     <span class='ocr_line' id='line_1_26' title="bbox 370 2937 1690 3024; baseline -0.002 -20"><span class='ocrx_word' id='word_1_191' title='bbox 370 2945 504 3024; x_wconf 75' lang='lat' dir='ltr'><strong>‘super</strong></span> <span class='ocrx_word' id='word_1_192' title='bbox 526 2937 601 3002; x_wconf 89' lang='lat' dir='ltr'><strong>alta</strong></span> <span class='ocrx_word' id='word_1_193' title='bbox 623 2947 753 3001; x_wconf 86' lang='lat' dir='ltr'><strong>vectus</strong></span> <span class='ocrx_word' id='word_1_194' title='bbox 776 2940 901 3011; x_wconf 76' lang='lat' dir='ltr'><strong>Attis&#39;,</strong></span> <span class='ocrx_word' id='word_1_195' title='bbox 926 2939 1037 3002; x_wconf 91' lang='lat' dir='ltr'><strong>dehinc</strong></span> <span class='ocrx_word' id='word_1_196' title='bbox 1068 2939 1205 3002; x_wconf 79' lang='lat' dir='ltr'><strong>‘celeri</strong></span> <span class='ocrx_word' id='word_1_197' title='bbox 1229 2947 1310 3004; x_wconf 88' lang='lat' dir='ltr'><strong>rate</strong></span> <span class='ocrx_word' id='word_1_198' title='bbox 1333 2941 1480 3002; x_wconf 89' lang='lat' dir='ltr'><strong>maria’.</strong></span> <span class='ocrx_word' id='word_1_199' title='bbox 1523 2939 1603 3024; x_wconf 92' lang='lat' dir='ltr'><strong>quod</strong></span> <span class='ocrx_word' id='word_1_200' title='bbox 1626 2943 1690 3023; x_wconf 92' lang='lat' dir='ltr'><strong>qui·</strong></span> 
     </span>
     <span class='ocr_line' id='line_1_27' title="bbox 370 3042 1730 3126; baseline -0.001 -14"><span class='ocrx_word' id='word_1_201' title='bbox 370 3050 438 3112; x_wconf 89' lang='lat' dir='ltr'><strong>dam</strong></span> <span class='ocrx_word' id='word_1_202' title='bbox 456 3045 663 3113; x_wconf 89' lang='lat' dir='ltr'><strong>metroiacum,</strong></span> <span class='ocrx_word' id='word_1_203' title='bbox 687 3061 723 3104; x_wconf 89' lang='lat' dir='ltr'><strong>eo</strong></span> <span class='ocrx_word' id='word_1_204' title='bbox 739 3043 820 3124; x_wconf 90' lang='lat' dir='ltr'><strong>quod</strong></span> <span class='ocrx_word' id='word_1_205' title='bbox 836 3042 926 3106; x_wconf 88' lang='lat' dir='ltr'><strong>deum</strong></span> <span class='ocrx_word' id='word_1_206' title='bbox 942 3045 1048 3106; x_wconf 87' lang='lat' dir='ltr'><strong>matris</strong></span> <span class='ocrx_word' id='word_1_207' title='bbox 1064 3043 1202 3107; x_wconf 87' lang='lat' dir='ltr'><strong>cantibus</strong></span> <span class='ocrx_word' id='word_1_208' title='bbox 1217 3052 1319 3126; x_wconf 89' lang='lat' dir='ltr'><strong>aptum</strong></span> <span class='ocrx_word' id='word_1_209' title='bbox 1336 3045 1385 3115; x_wconf 91' lang='lat' dir='ltr'><strong>sit,</strong></span> <span class='ocrx_word' id='word_1_210' title='bbox 1409 3043 1576 3126; x_wconf 88' lang='lat' dir='ltr'><strong>meritoque</strong></span> <span class='ocrx_word' id='word_1_211' title='bbox 1600 3045 1688 3108; x_wconf 88' lang='lat' dir='ltr'><strong>etiam</strong></span> <span class='ocrx_word' id='word_1_212' title='bbox 1703 3069 1730 3110; x_wconf 78' lang='lat' dir='ltr'><strong>ss</strong></span> 
     </span>
     <span class='ocr_line' id='line_1_28' title="bbox 370 3143 1688 3235; baseline -0.003 -19"><span class='ocrx_word' id='word_1_213' title='bbox 370 3147 564 3235; x_wconf 88' lang='lat' dir='ltr'><strong>galliambum</strong></span> <span class='ocrx_word' id='word_1_214' title='bbox 588 3165 604 3208; x_wconf 88' lang='lat' dir='ltr'><strong>a</strong></span> <span class='ocrx_word' id='word_1_215' title='bbox 629 3143 728 3217; x_wconf 88' lang='lat' dir='ltr'><strong>Gallis,</strong></span> <span class='ocrx_word' id='word_1_216' title='bbox 753 3147 901 3210; x_wconf 86' lang='lat' dir='ltr'><strong>ministris</strong></span> <span class='ocrx_word' id='word_1_217' title='bbox 925 3145 1007 3219; x_wconf 87' lang='lat' dir='ltr'><strong>deae,</strong></span> <span class='ocrx_word' id='word_1_218' title='bbox 1032 3145 1231 3230; x_wconf 89' lang='lat' dir='ltr'><strong>appellarunt,</strong></span> <span class='ocrx_word' id='word_1_219' title='bbox 1257 3156 1289 3210; x_wconf 91' lang='lat' dir='ltr'><strong>ut</strong></span> <span class='ocrx_word' id='word_1_220' title='bbox 1311 3166 1415 3210; x_wconf 85' lang='lat' dir='ltr'><strong>versus</strong></span> <span class='ocrx_word' id='word_1_221' title='bbox 1437 3149 1488 3210; x_wconf 91' lang='lat' dir='ltr'><strong>isti</strong></span> <span class='ocrx_word' id='word_1_222' title='bbox 1514 3147 1688 3232; x_wconf 71' lang='lat' dir='ltr'><strong>restaurari!</strong></span> 
     </span>
     <span class='ocr_line' id='line_1_29' title="bbox 499 3247 1558 3334; baseline 0.002 -22"><span class='ocrx_word' id='word_1_223' title='bbox 499 3247 686 3314; x_wconf 89' lang='lat' dir='ltr'><strong>tremulos</strong></span> <span class='ocrx_word' id='word_1_224' title='bbox 708 3249 805 3332; x_wconf 92' lang='lat' dir='ltr'><strong>quod</strong></span> <span class='ocrx_word' id='word_1_225' title='bbox 830 3268 915 3313; x_wconf 88' lang='lat' dir='ltr'><strong>esse</strong></span> <span class='ocrx_word' id='word_1_226' title='bbox 939 3250 1059 3314; x_wconf 90' lang='lat' dir='ltr'><strong>Gallis</strong></span> <span class='ocrx_word' id='word_1_227' title='bbox 1083 3249 1233 3314; x_wconf 91' lang='lat' dir='ltr'><strong>habiles</strong></span> <span class='ocrx_word' id='word_1_228' title='bbox 1258 3259 1390 3334; x_wconf 90' lang='lat' dir='ltr'><strong>putant</strong></span> <span class='ocrx_word' id='word_1_229' title='bbox 1413 3250 1558 3323; x_wconf 89' lang='lat' dir='ltr'><strong>modos,</strong></span> 
     </span>
     <span class='ocr_line' id='line_1_30' title="bbox 499 3352 1432 3436; baseline -0.001 -17"><span class='ocrx_word' id='word_1_230' title='bbox 499 3363 610 3419; x_wconf 89' lang='lat' dir='ltr'><strong>sonat</strong></span> <span class='ocrx_word' id='word_1_231' title='bbox 633 3353 701 3416; x_wconf 91' lang='lat' dir='ltr'><strong>hoc</strong></span> <span class='ocrx_word' id='word_1_232' title='bbox 723 3352 886 3417; x_wconf 87' lang='lat' dir='ltr'><strong>subinde</strong></span> <span class='ocrx_word' id='word_1_233' title='bbox 910 3364 1023 3419; x_wconf 89' lang='lat' dir='ltr'><strong>cantu</strong></span> <span class='ocrx_word' id='word_1_234' title='bbox 1046 3352 1262 3436; x_wconf 86' lang='lat' dir='ltr'><strong>Cybeleium</strong></span> <span class='ocrx_word' id='word_1_235' title='bbox 1286 3373 1432 3426; x_wconf 90' lang='lat' dir='ltr'><strong>nemus,</strong></span> 
     </span>
     <span class='ocr_line' id='line_1_31' title="bbox 500 3455 1474 3538; baseline -0.001 -17"><span class='ocrx_word' id='word_1_236' title='bbox 500 3475 710 3538; x_wconf 77' lang='lat' dir='ltr'><strong>nomenque</strong></span> <span class='ocrx_word' id='word_1_237' title='bbox 733 3455 951 3538; x_wconf 89' lang='lat' dir='ltr'><strong>galliambis</strong></span> <span class='ocrx_word' id='word_1_238' title='bbox 973 3467 1207 3521; x_wconf 90' lang='lat' dir='ltr'><strong>memoratur</strong></span> <span class='ocrx_word' id='word_1_239' title='bbox 1230 3459 1317 3522; x_wconf 91' lang='lat' dir='ltr'><strong>hinc</strong></span> <span class='ocrx_word' id='word_1_240' title='bbox 1340 3459 1474 3522; x_wconf 88' lang='lat' dir='ltr'><strong>datum.</strong></span> 
     </span>
     <span class='ocr_line' id='line_1_32' title="bbox 370 3560 1730 3647; baseline -0.004 -15"><span class='ocrx_word' id='word_1_241' title='bbox 370 3567 481 3647; x_wconf 86' lang='lat' dir='ltr'><strong>recipit</strong></span> <span class='ocrx_word' id='word_1_242' title='bbox 497 3563 546 3624; x_wconf 90' lang='lat' dir='ltr'><strong>hic</strong></span> <span class='ocrx_word' id='word_1_243' title='bbox 562 3578 668 3624; x_wconf 82' lang='lat' dir='ltr'><strong>versus</strong></span> <span class='ocrx_word' id='word_1_244' title='bbox 690 3560 746 3623; x_wconf 88' lang='lat' dir='ltr'><strong>sub</strong></span> <span class='ocrx_word' id='word_1_245' title='bbox 770 3560 825 3624; x_wconf 86' lang='lat' dir='ltr'><strong>alie</strong></span> <span class='ocrx_word' id='word_1_246' title='bbox 842 3562 1038 3644; x_wconf 88' lang='lat' dir='ltr'><strong>percussione</strong></span> <span class='ocrx_word' id='word_1_247' title='bbox 1055 3571 1250 3643; x_wconf 89' lang='lat' dir='ltr'><strong>anapaestum</strong></span> <span class='ocrx_word' id='word_1_248' title='bbox 1275 3571 1326 3626; x_wconf 88' lang='lat' dir='ltr'><strong>ant</strong></span> <span class='ocrx_word' id='word_1_249' title='bbox 1347 3563 1514 3644; x_wconf 88' lang='lat' dir='ltr'><strong>spondeum</strong></span> <span class='ocrx_word' id='word_1_250' title='bbox 1539 3565 1569 3626; x_wconf 91' lang='lat' dir='ltr'><strong>in</strong></span> <span class='ocrx_word' id='word_1_251' title='bbox 1591 3565 1688 3645; x_wconf 87' lang='lat' dir='ltr'><strong>prima</strong></span> <span class='ocrx_word' id='word_1_252' title='bbox 1703 3597 1730 3638; x_wconf 63' lang='grc' dir='ltr'>ω</span> 
     </span>
     <span class='ocr_line' id='line_1_33' title="bbox 369 3663 1688 3748; baseline -0.004 -12"><span class='ocrx_word' id='word_1_253' title='bbox 369 3670 451 3743; x_wconf 88' lang='lat' dir='ltr'><strong>sodo,</strong></span> <span class='ocrx_word' id='word_1_254' title='bbox 475 3665 584 3731; x_wconf 91' lang='lat' dir='ltr'><strong>dehinc</strong></span> <span class='ocrx_word' id='word_1_255' title='bbox 600 3663 676 3726; x_wconf 92' lang='lat' dir='ltr'><strong>duos</strong></span> <span class='ocrx_word' id='word_1_256' title='bbox 694 3663 821 3736; x_wconf 90' lang='lat' dir='ltr'><strong>iambos,</strong></span> <span class='ocrx_word' id='word_1_257' title='bbox 845 3663 997 3742; x_wconf 87' lang='lat' dir='ltr'><strong>interdpnr</strong></span> <span class='ocrx_word' id='word_1_258' title='bbox 1023 3677 1051 3728; x_wconf 92' lang='lat' dir='ltr'><strong>et</strong></span> <span class='ocrx_word' id='word_1_259' title='bbox 1075 3665 1258 3748; x_wconf 87' lang='lat' dir='ltr'><strong>tribrachyn.</strong></span> <span class='ocrx_word' id='word_1_260' title='bbox 1298 3685 1367 3729; x_wconf 93' lang='lat' dir='ltr'><strong>nam</strong></span> <span class='ocrx_word' id='word_1_261' title='bbox 1391 3667 1550 3748; x_wconf 87' lang='lat' dir='ltr'><strong>superlluit</strong></span> <span class='ocrx_word' id='word_1_262' title='bbox 1573 3677 1632 3730; x_wconf 88' lang='lat' dir='ltr'><strong>tam</strong></span> <span class='ocrx_word' id='word_1_263' title='bbox 1656 3671 1688 3731; x_wconf 93' lang='lat' dir='ltr'><strong>in</strong></span> 
     </span>
     <span class='ocr_line' id='line_1_34' title="bbox 368 3768 1686 3855; baseline -0.002 -17"><span class='ocrx_word' id='word_1_264' title='bbox 368 3777 425 3839; x_wconf 91' lang='lat' dir='ltr'><strong>hoc</strong></span> <span class='ocrx_word' id='word_1_265' title='bbox 454 3789 544 3855; x_wconf 87' lang='lat' dir='ltr'><strong>quarn</strong></span> <span class='ocrx_word' id='word_1_266' title='bbox 572 3769 602 3829; x_wconf 90' lang='lat' dir='ltr'><strong>iu</strong></span> <span class='ocrx_word' id='word_1_267' title='bbox 631 3769 768 3848; x_wconf 88' lang='lat' dir='ltr'><strong>sequenti</strong></span> <span class='ocrx_word' id='word_1_268' title='bbox 797 3768 862 3831; x_wconf 94' lang='lat' dir='ltr'><strong>colo</strong></span> <span class='ocrx_word' id='word_1_269' title='bbox 892 3788 1139 3852; x_wconf 88' lang='lat' dir='ltr'><strong>nonnumquam</strong></span> <span class='ocrx_word' id='word_1_270' title='bbox 1169 3772 1314 3852; x_wconf 88' lang='lat' dir='ltr'><strong>semipes,</strong></span> <span class='ocrx_word' id='word_1_271' title='bbox 1345 3771 1374 3832; x_wconf 91' lang='lat' dir='ltr'><strong>id</strong></span> <span class='ocrx_word' id='word_1_272' title='bbox 1405 3781 1450 3833; x_wconf 90' lang='lat' dir='ltr'><strong>est</strong></span> <span class='ocrx_word' id='word_1_273' title='bbox 1479 3789 1535 3833; x_wconf 91' lang='lat' dir='ltr'><strong>uua</strong></span> <span class='ocrx_word' id='word_1_274' title='bbox 1564 3770 1686 3855; x_wconf 85' lang='lat' dir='ltr'><strong>syllaba,</strong></span> 
     </span>
     <span class='ocr_line' id='line_1_35' title="bbox 369 3871 1542 3960; baseline -0.003 -21"><span class='ocrx_word' id='word_1_275' title='bbox 369 3875 448 3960; x_wconf 90' lang='lat' dir='ltr'><strong>quod</strong></span> <span class='ocrx_word' id='word_1_276' title='bbox 473 3874 559 3937; x_wconf 72' lang='lat' dir='ltr'><strong>«solon</strong></span> <span class='ocrx_word' id='word_1_277' title='bbox 584 3890 619 3934; x_wconf 84' lang='lat' dir='ltr'><strong>err</strong></span> <span class='ocrx_word' id='word_1_278' title='bbox 642 3871 797 3953; x_wconf 89' lang='lat' dir='ltr'><strong>pariambo</strong></span> <span class='ocrx_word' id='word_1_279' title='bbox 822 3881 851 3935; x_wconf 87' lang='lat' dir='ltr'><strong>el</strong></span> <span class='ocrx_word' id='word_1_280' title='bbox 874 3873 937 3935; x_wconf 92' lang='lat' dir='ltr'><strong>basi</strong></span> <span class='ocrx_word' id='word_1_281' title='bbox 962 3873 1112 3955; x_wconf 70' lang='lat' dir='ltr'><strong>trochaica</strong></span> <span class='ocrx_word' id='word_1_282' title='bbox 1136 3883 1186 3937; x_wconf 91' lang='lat' dir='ltr'><strong>aut</strong></span> <span class='ocrx_word' id='word_1_283' title='bbox 1210 3873 1362 3956; x_wconf 86' lang='lat' dir='ltr'><strong>tribrachy</strong></span> <span class='ocrx_word' id='word_1_284' title='bbox 1384 3873 1542 3937; x_wconf 89' lang='lat' dir='ltr'><strong>constabit.</strong></span> 
     </span>
     <span class='ocr_line' id='line_1_36' title="bbox 455 3959 1792 4062; baseline -0.001 -20"><span class='ocrx_word' id='word_1_285' title='bbox 455 3979 601 4060; x_wconf 86' lang='lat' dir='ltr'><strong>Superest</strong></span> <span class='ocrx_word' id='word_1_286' title='bbox 623 3974 863 4058; x_wconf 88' lang='lat' dir='ltr'><strong>hendecasyllabi</strong></span> <span class='ocrx_word' id='word_1_287' title='bbox 888 3985 968 4039; x_wconf 86' lang='lat' dir='ltr'><strong>torno</strong></span> <span class='ocrx_word' id='word_1_288' title='bbox 992 3979 1152 4041; x_wconf 83' lang='lat' dir='ltr'><strong>norissima</strong></span> <span class='ocrx_word' id='word_1_289' title='bbox 1171 3977 1256 4062; x_wconf 88' lang='lat' dir='ltr'><strong>[est],</strong></span> <span class='ocrx_word' id='word_1_290' title='bbox 1274 3997 1350 4062; x_wconf 89' lang='lat' dir='ltr'><strong>quae</strong></span> <span class='ocrx_word' id='word_1_291' title='bbox 1374 3979 1431 4041; x_wconf 88' lang='lat' dir='ltr'><strong>erit</strong></span> <span class='ocrx_word' id='word_1_292' title='bbox 1447 3959 1582 4060; x_wconf 85' lang='lat' dir='ltr'><strong>septima.</strong></span> <span class='ocrx_word' id='word_1_293' title='bbox 1614 3997 1687 4041; x_wconf 89' lang='lat' dir='ltr'><strong>cou-</strong></span> <span class='ocrx_word' id='word_1_294' title='bbox 1786 3997 1792 4009; x_wconf 87' lang='lat'><em>·</em></span> 
     </span>
    </p>
   </div>
   <div class='ocr_carea' id='block_1_3' title="bbox 369 4131 575 4148">
    <p class='ocr_par' dir='ltr' id='par_1_3' title="bbox 369 4131 575 4148">
     <span class='ocr_line' id='line_1_37' title="bbox 369 4131 575 4148; baseline -0.019 0"><span class='ocrx_word' id='word_1_295' title='bbox 369 4131 575 4148; x_wconf 50' lang='grc' dir='ltr'><strong>,μ’-</strong></span> 
     </span>
    </p>
   </div>
   <div class='ocr_carea' id='block_1_4' title="bbox 439 4209 1142 4278">
    <p class='ocr_par' dir='ltr' id='par_1_4' title="bbox 439 4209 1142 4278">
     <span class='ocr_line' id='line_1_38' title="bbox 439 4209 1142 4278; baseline -0.003 -13"><span class='ocrx_word' id='word_1_296' title='bbox 439 4213 471 4264; x_wconf 81' lang='grc'><strong>16</strong></span> <span class='ocrx_word' id='word_1_297' title='bbox 490 4225 548 4262; x_wconf 91' lang='lat' dir='ltr'><strong>unm</strong></span> <span class='ocrx_word' id='word_1_298' title='bbox 568 4209 643 4278; x_wconf 85' lang='lat' dir='ltr'><strong>parili</strong></span> <span class='ocrx_word' id='word_1_299' title='bbox 662 4209 740 4260; x_wconf 84' lang='lat' dir='ltr'><strong>morlo</strong></span> <span class='ocrx_word' id='word_1_300' title='bbox 759 4235 792 4246; x_wconf 90' lang='lat'>-</span> <span class='ocrx_word' id='word_1_301' title='bbox 810 4213 844 4264; x_wconf 88' lang='grc'><strong>33</strong></span> <span class='ocrx_word' id='word_1_302' title='bbox 861 4212 990 4264; x_wconf 87' lang='lat' dir='ltr'><strong>constabit</strong></span> <span class='ocrx_word' id='word_1_303' title='bbox 1007 4228 1034 4278; x_wconf 89' lang='lat' dir='ltr'><strong>p.</strong></span> <span class='ocrx_word' id='word_1_304' title='bbox 1054 4214 1095 4272; x_wconf 73' lang='lat'><strong>95,</strong></span> <span class='ocrx_word' id='word_1_305' title='bbox 1109 4214 1142 4263; x_wconf 69' lang='lat'><strong>2⁸2</strong></span> 
     </span>
    </p>
   </div>
   <div class='ocr_carea' id='block_1_5' title="bbox 372 4350 575 4363">
    <p class='ocr_par' dir='ltr' id='par_1_5' title="bbox 372 4350 575 4363">
     <span class='ocr_line' id='line_1_39' title="bbox 372 4350 575 4363; baseline -0.02 0"><span class='ocrx_word' id='word_1_306' title='bbox 372 4350 575 4363; x_wconf 47' lang='grc' dir='ltr'>...ψ-</span> 
     </span>
    </p>
   </div>
   <div class='ocr_carea' id='block_1_6' title="bbox 367 4415 1782 4709">
    <p class='ocr_par' dir='ltr' id='par_1_6' title="bbox 367 4415 1782 4709">
     <span class='ocr_line' id='line_1_40' title="bbox 440 4415 1782 4504; baseline -0.001 -15"><span class='ocrx_word' id='word_1_307' title='bbox 440 4417 616 4489; x_wconf 65' lang='grc' dir='ltr'><strong>ἱεοιιειῧιΒ</strong></span> <span class='ocrx_word' id='word_1_308' title='bbox 686 4435 849 4493; x_wconf 69' lang='lat' dir='ltr'><strong>sedicione</strong></span> <span class='ocrx_word' id='word_1_309' title='bbox 871 4437 1011 4490; x_wconf 80' lang='lat' dir='ltr'><strong>ndiei.t.d</strong></span> <span class='ocrx_word' id='word_1_310' title='bbox 1032 4437 1229 4504; x_wconf 66' lang='lat' dir='ltr'><strong>nrliritBan,</strong></span> <span class='ocrx_word' id='word_1_311' title='bbox 1308 4438 1339 4486; x_wconf 74' lang='lat'><strong>12</strong></span> <span class='ocrx_word' id='word_1_312' title='bbox 1363 4436 1513 4501; x_wconf 80' lang='lat' dir='ltr'><strong>uolucrique</strong></span> <span class='ocrx_word' id='word_1_313' title='bbox 1532 4437 1687 4500; x_wconf 74' lang='lat' dir='ltr'><strong>Phoebus3</strong></span> <span class='ocrx_word' id='word_1_314' title='bbox 1777 4415 1782 4428; x_wconf 54' lang='lat'><strong><em>¹</em></strong></span> 
     </span>
     <span class='ocr_line' id='line_1_41' title="bbox 368 4499 1686 4574; baseline -0.002 -14"><span class='ocrx_word' id='word_1_315' title='bbox 368 4507 519 4571; x_wconf 89' lang='lat' dir='ltr'><strong>uolucrique</strong></span> <span class='ocrx_word' id='word_1_316' title='bbox 537 4505 689 4573; x_wconf 88' lang='lat' dir='ltr'><strong>dephoebus</strong></span> <span class='ocrx_word' id='word_1_317' title='bbox 709 4505 734 4556; x_wconf 91' lang='lat' dir='ltr'><em>B</em></span> <span class='ocrx_word' id='word_1_318' title='bbox 755 4505 905 4571; x_wconf 85' lang='lat' dir='ltr'><strong>uolucrique</strong></span> <span class='ocrx_word' id='word_1_319' title='bbox 923 4508 1056 4574; x_wconf 88' lang='lat' dir='ltr'><strong>depoebus</strong></span> <span class='ocrx_word' id='word_1_320' title='bbox 1077 4509 1101 4558; x_wconf 85' lang='grc' dir='ltr'><em>Α</em></span> <span class='ocrx_word' id='word_1_321' title='bbox 1174 4509 1206 4558; x_wconf 81' lang='lat'><strong>14</strong></span> <span class='ocrx_word' id='word_1_322' title='bbox 1224 4499 1297 4572; x_wconf 85' lang='lat' dir='ltr'><strong>irem]</strong></span> <span class='ocrx_word' id='word_1_323' title='bbox 1318 4507 1352 4554; x_wconf 87' lang='lat' dir='ltr'><strong>ita</strong></span> <span class='ocrx_word' id='word_1_324' title='bbox 1372 4505 1459 4562; x_wconf 77' lang='lat' dir='ltr'><strong>.qu</strong></span> <span class='ocrx_word' id='word_1_325' title='bbox 1531 4509 1561 4557; x_wconf 81' lang='lat' dir='ltr'><strong>ll</strong></span> <span class='ocrx_word' id='word_1_326' title='bbox 1582 4523 1686 4558; x_wconf 86' lang='lat' dir='ltr'><strong>uorsus-</strong></span> 
     </span>
     <span class='ocr_line' id='line_1_42' title="bbox 368 4572 1687 4644; baseline 0 -18"><span class='ocrx_word' id='word_1_327' title='bbox 368 4576 463 4642; x_wconf 90' lang='lat' dir='ltr'><strong>queB</strong></span> <span class='ocrx_word' id='word_1_328' title='bbox 528 4574 560 4628; x_wconf 86' lang='lat'><strong>18</strong></span> <span class='ocrx_word' id='word_1_329' title='bbox 578 4574 819 4642; x_wconf 74' lang='lat' dir='ltr'><strong>golliiumbicunrA</strong></span> <span class='ocrx_word' id='word_1_330' title='bbox 879 4579 912 4628; x_wconf 74' lang='lat' dir='ltr'><strong>ul</strong></span> <span class='ocrx_word' id='word_1_331' title='bbox 931 4572 1093 4644; x_wconf 76' lang='lat' dir='ltr'><strong>supersita]</strong></span> <span class='ocrx_word' id='word_1_332' title='bbox 1115 4575 1207 4628; x_wconf 83' lang='lat' dir='ltr'><strong>Catuli.</strong></span> <span class='ocrx_word' id='word_1_333' title='bbox 1227 4578 1300 4640; x_wconf 55' lang='grc'><strong>631</strong></span> <span class='ocrx_word' id='word_1_334' title='bbox 1366 4574 1443 4626; x_wconf 88' lang='lat' dir='ltr'><strong>celeri</strong></span> <span class='ocrx_word' id='word_1_335' title='bbox 1462 4585 1514 4625; x_wconf 88' lang='lat' dir='ltr'><strong>rate</strong></span> <span class='ocrx_word' id='word_1_336' title='bbox 1533 4575 1687 4634; x_wconf 56' lang='lat' dir='ltr'><strong>mariage</strong></span> 
     </span>
     <span class='ocr_line' id='line_1_43' title="bbox 367 4643 1686 4709; baseline -0.001 -11"><span class='ocrx_word' id='word_1_337' title='bbox 367 4645 611 4698; x_wconf 80' lang='lat' dir='ltr'><strong>celeritutcnrariA</strong></span> <span class='ocrx_word' id='word_1_338' title='bbox 665 4646 698 4696; x_wconf 78' lang='lat'><strong>25</strong></span> <span class='ocrx_word' id='word_1_339' title='bbox 717 4645 860 4709; x_wconf 85' lang='lat' dir='ltr'><strong>meritoque</strong></span> <span class='ocrx_word' id='word_1_340' title='bbox 879 4645 934 4702; x_wconf 72' lang='grc' dir='ltr'><strong>ςΙί</strong></span> <span class='ocrx_word' id='word_1_341' title='bbox 953 4647 1087 4709; x_wconf 87' lang='lat' dir='ltr'><strong>meritique</strong></span> <span class='ocrx_word' id='word_1_342' title='bbox 1106 4647 1130 4696; x_wconf 87' lang='lat' dir='ltr'><em>A</em></span> <span class='ocrx_word' id='word_1_343' title='bbox 1184 4647 1217 4696; x_wconf 75' lang='grc'><strong>27</strong></span> <span class='ocrx_word' id='word_1_344' title='bbox 1237 4643 1358 4694; x_wconf 79' lang='lat' dir='ltr'><strong>tremulos</strong></span> <span class='ocrx_word' id='word_1_345' title='bbox 1377 4643 1448 4707; x_wconf 89' lang='lat' dir='ltr'><strong>quod</strong></span> <span class='ocrx_word' id='word_1_346' title='bbox 1468 4646 1686 4701; x_wconf 72' lang='lat' dir='ltr'><strong>essectrenrulo</strong></span> 
     </span>
    </p>
   </div>
   <div class='ocr_carea' id='block_1_7' title="bbox 335 4723 1688 5016">
    <p class='ocr_par' dir='ltr' id='par_1_7' title="bbox 335 4723 1688 4948">
     <span class='ocr_line' id='line_1_44' title="bbox 335 4723 1687 4812; baseline 0.001 -22"><span class='ocrx_word' id='word_1_347' title='bbox 335 4783 351 4812; x_wconf 53' lang='lat'>0</span> <span class='ocrx_word' id='word_1_348' title='bbox 369 4741 439 4806; x_wconf 91' lang='lat' dir='ltr'><strong>quod</strong></span> <span class='ocrx_word' id='word_1_349' title='bbox 452 4755 511 4791; x_wconf 89' lang='lat' dir='ltr'><strong>esso</strong></span> <span class='ocrx_word' id='word_1_350' title='bbox 529 4739 554 4790; x_wconf 85' lang='lat' dir='ltr'><em>B</em></span> <span class='ocrx_word' id='word_1_351' title='bbox 572 4723 732 4804; x_wconf 64' lang='lat' dir='ltr'><strong>tremulo‘sh&#39;?</strong></span> <span class='ocrx_word' id='word_1_352' title='bbox 749 4742 774 4791; x_wconf 84' lang='grc' dir='ltr'><em>Α</em></span> <span class='ocrx_word' id='word_1_353' title='bbox 793 4739 944 4804; x_wconf 85' lang='lat' dir='ltr'><strong>tremulosq.</strong></span> <span class='ocrx_word' id='word_1_354' title='bbox 964 4755 1022 4790; x_wconf 87' lang='lat' dir='ltr'><strong>csse</strong></span> <span class='ocrx_word' id='word_1_355' title='bbox 1044 4741 1119 4795; x_wconf 82' lang='lat' dir='ltr'><strong>Val:</strong></span> <span class='ocrx_word' id='word_1_356' title='bbox 1146 4740 1251 4792; x_wconf 75' lang='lat' dir='ltr'><strong>Terent.</strong></span> <span class='ocrx_word' id='word_1_357' title='bbox 1271 4737 1359 4790; x_wconf 78' lang='lat' dir='ltr'><strong>Mesua.</strong></span> <span class='ocrx_word' id='word_1_358' title='bbox 1379 4740 1447 4790; x_wconf 65' lang='lat'><strong>2889</strong></span> <span class='ocrx_word' id='word_1_359' title='bbox 1464 4755 1521 4806; x_wconf 57' lang='lat' dir='ltr'><strong>sqq,</strong></span> <span class='ocrx_word' id='word_1_360' title='bbox 1591 4741 1625 4793; x_wconf 78' lang='lat'><strong>28</strong></span> <span class='ocrx_word' id='word_1_361' title='bbox 1643 4755 1687 4792; x_wconf 88' lang='lat' dir='ltr'><strong>so-</strong></span> 
     </span>
     <span class='ocr_line' id='line_1_45' title="bbox 370 4806 1688 4875; baseline 0 -14"><span class='ocrx_word' id='word_1_362' title='bbox 370 4823 414 4861; x_wconf 85' lang='lat' dir='ltr'><strong>not</strong></span> <span class='ocrx_word' id='word_1_363' title='bbox 432 4823 449 4867; x_wconf 82' lang='grc' dir='ltr'><strong>ς</strong></span> <span class='ocrx_word' id='word_1_364' title='bbox 467 4809 561 4871; x_wconf 85' lang='lat' dir='ltr'><strong>so&#39;naqr</strong></span> <span class='ocrx_word' id='word_1_365' title='bbox 580 4811 604 4860; x_wconf 88' lang='grc' dir='ltr'><em>Α</em></span> <span class='ocrx_word' id='word_1_366' title='bbox 624 4823 719 4860; x_wconf 86' lang='lat' dir='ltr'><strong>sonunt</strong></span> <span class='ocrx_word' id='word_1_367' title='bbox 736 4809 762 4859; x_wconf 89' lang='lat' dir='ltr'><em>B</em></span> <span class='ocrx_word' id='word_1_368' title='bbox 778 4808 837 4864; x_wconf 81' lang='lat' dir='ltr'><strong>Vol.</strong></span> <span class='ocrx_word' id='word_1_369' title='bbox 909 4806 997 4875; x_wconf 84' lang='lat' dir='ltr'><strong>cautu]</strong></span> <span class='ocrx_word' id='word_1_370' title='bbox 1018 4821 1109 4860; x_wconf 81' lang='lat' dir='ltr'><strong>centus</strong></span> <span class='ocrx_word' id='word_1_371' title='bbox 1128 4809 1223 4864; x_wconf 69' lang='lat' dir='ltr'><strong>Alis</strong></span> <span class='ocrx_word' id='word_1_372' title='bbox 1241 4819 1322 4860; x_wconf 86' lang='lat' dir='ltr'><strong>rrrctro</strong></span> <span class='ocrx_word' id='word_1_373' title='bbox 1346 4806 1514 4860; x_wconf 74' lang='lat' dir='ltr'><strong>Terentianus</strong></span> <span class='ocrx_word' id='word_1_374' title='bbox 1581 4811 1614 4861; x_wconf 74' lang='lat' dir='ltr'><strong>cu</strong></span> <span class='ocrx_word' id='word_1_375' title='bbox 1632 4825 1688 4861; x_wconf 89' lang='lat' dir='ltr'><strong>mc·</strong></span> 
     </span>
     <span class='ocr_line' id='line_1_46' title="bbox 370 4875 1687 4948; baseline -0.002 -16"><span class='ocrx_word' id='word_1_376' title='bbox 370 4890 485 4932; x_wconf 78' lang='lat' dir='ltr'><strong>moretur</strong></span> <span class='ocrx_word' id='word_1_377' title='bbox 504 4891 520 4936; x_wconf 85' lang='grc' dir='ltr'><strong>ς</strong></span> <span class='ocrx_word' id='word_1_378' title='bbox 539 4879 722 4929; x_wconf 79' lang='lat' dir='ltr'><strong>memorabitur</strong></span> <span class='ocrx_word' id='word_1_379' title='bbox 742 4876 805 4930; x_wconf 78' lang='grc' dir='ltr'><strong>ΑΒ</strong></span> <span class='ocrx_word' id='word_1_380' title='bbox 876 4879 909 4930; x_wconf 92' lang='grc'><strong>30</strong></span> <span class='ocrx_word' id='word_1_381' title='bbox 928 4879 968 4928; x_wconf 88' lang='lat' dir='ltr'><strong>hic</strong></span> <span class='ocrx_word' id='word_1_382' title='bbox 988 4895 1080 4930; x_wconf 89' lang='lat' dir='ltr'><strong>uersus</strong></span> <span class='ocrx_word' id='word_1_383' title='bbox 1099 4891 1120 4936; x_wconf 88' lang='grc' dir='ltr'><strong>ς.</strong></span> <span class='ocrx_word' id='word_1_384' title='bbox 1135 4878 1195 4929; x_wconf 88' lang='lat' dir='ltr'><strong>hinc</strong></span> <span class='ocrx_word' id='word_1_385' title='bbox 1214 4892 1305 4928; x_wconf 86' lang='lat' dir='ltr'><strong>uorsus</strong></span> <span class='ocrx_word' id='word_1_386' title='bbox 1324 4875 1388 4927; x_wconf 80' lang='lat' dir='ltr'><strong>AB</strong></span> <span class='ocrx_word' id='word_1_387' title='bbox 1457 4880 1489 4931; x_wconf 89' lang='grc'><strong>31</strong></span> <span class='ocrx_word' id='word_1_388' title='bbox 1510 4875 1573 4948; x_wconf 85' lang='lat' dir='ltr'><strong>tem]</strong></span> <span class='ocrx_word' id='word_1_389' title='bbox 1590 4879 1642 4930; x_wconf 83' lang='lat' dir='ltr'><strong>iem</strong></span> <span class='ocrx_word' id='word_1_390' title='bbox 1661 4883 1687 4933; x_wconf 82' lang='grc' dir='ltr'><em>Α</em></span> 
     </span>
    </p>

    <p class='ocr_par' dir='ltr' id='par_1_8' title="bbox 439 4947 1507 5016">
     <span class='ocr_line' id='line_1_47' title="bbox 439 4947 1507 5016; baseline -0.001 -16"><span class='ocrx_word' id='word_1_391' title='bbox 439 4949 472 5001; x_wconf 81' lang='lat'><strong>32</strong></span> <span class='ocrx_word' id='word_1_392' title='bbox 492 4949 624 5016; x_wconf 85' lang='lat' dir='ltr'><strong>semipede</strong></span> <span class='ocrx_word' id='word_1_393' title='bbox 643 4960 682 4999; x_wconf 90' lang='lat' dir='ltr'><strong>est</strong></span> <span class='ocrx_word' id='word_1_394' title='bbox 700 4949 725 5000; x_wconf 82' lang='lat' dir='ltr'><em>A</em></span> <span class='ocrx_word' id='word_1_395' title='bbox 739 4947 765 4999; x_wconf 88' lang='lat' dir='ltr'><em>B</em></span> <span class='ocrx_word' id='word_1_396' title='bbox 784 4947 915 5015; x_wconf 86' lang='lat' dir='ltr'><strong>semipede</strong></span> <span class='ocrx_word' id='word_1_397' title='bbox 934 4949 961 4998; x_wconf 93' lang='lat' dir='ltr'><strong>id</strong></span> <span class='ocrx_word' id='word_1_398' title='bbox 980 4957 1054 5004; x_wconf 70' lang='lat' dir='ltr'><strong>estc</strong></span> <span class='ocrx_word' id='word_1_399' title='bbox 1124 4950 1158 5000; x_wconf 68' lang='lat'><strong>34</strong></span> <span class='ocrx_word' id='word_1_400' title='bbox 1176 4948 1321 4999; x_wconf 85' lang='lat' dir='ltr'><strong>nouissima</strong></span> <span class='ocrx_word' id='word_1_401' title='bbox 1340 4959 1406 5010; x_wconf 87' lang='lat' dir='ltr'><strong>quuc</strong></span> <span class='ocrx_word' id='word_1_402' title='bbox 1425 4947 1507 5006; x_wconf 71' lang='lat' dir='ltr'><strong>erite</strong></span> 
     </span>
    </p>
   </div>
   <div class='ocr_carea' id='block_1_8' title="bbox 0 0 1958 5564">
    <p class='ocr_par' dir='ltr' id='par_1_9' title="bbox 0 0 1958 5564">
     <span class='ocr_line' id='line_1_48' title="bbox 0 0 1958 5564; baseline 0 3"><span class='ocrx_word' id='word_1_403' title='bbox 0 0 1958 5564; x_wconf 95' lang='lat' dir='ltr'><strong> </strong></span> 
     </span>
    </p>
   </div>
  </div>
 </body>
</html>
