3888 5550
410 298 476 364 470
519 295 622 363 nisan
644 311 766 362 ecorn
790 273 842 381 [u.
867 295 1030 380 onavnn]
1057 309 1277 362 snccnoorrs
1294 289 1381 360 'enm
1406 311 1516 360 onan.
1540 310 1611 359 nan.
1634 293 1665 358 1·

411 414 432 452 p.
446 403 472 444 ld
486 403 515 444 V.
1504 409 1510 416 ·

409 567 413 576 Ι
496 491 538 553 ile
562 499 727 553 metanoea.
773 487 928 550 lietanoea
951 486 996 548 vel
1021 487 1202 568 metagnnsis
1226 499 1271 548 est
1294 487 1389 548 dictio
1412 488 1571 548 continens
1593 466 1729 568 paenitu-

411 595 513 656 dinem
544 595 589 654 rei
618 600 670 656 aut
699 593 810 663 iactae,
840 609 915 672 quae
940 592 1006 652 tleri
1038 609 1098 652 non
1128 589 1246 660 debuit,
1281 597 1314 650 ut
1336 592 1546 651 ‘insontem
1576 587 1733 652 iniando

411 697 574 766 indicio,
599 695 686 779 quia
711 694 738 758 b.
762 715 789 757 r.
814 695 842 757 d.
867 715 898 757 n.
922 712 951 756 u.
975 713 1003 757 c.
1028 693 1047 756 l.
1072 691 1237 774 lugent’,
1268 702 1400 754 autnon
1425 690 1539 764 iactae,
1571 709 1648 772 quae
1668 691 1733 754 lieri

334 819 337 824 ·
412 799 582 871 debuisset,
607 807 640 862 ut

566 921 684 984 saepe.
700 903 826 982 sugam
848 901 967 966 Danai
988 899 1103 963 'iroia
1127 902 1284 983 cupiere
1308 897 1449 962 relicta
1747 913 1761 954 s

567 1006 695 1068 moliri
719 1014 753 1067 ει
775 1002 887 1086 longo
909 1006 1008 1068 lessi
1031 1003 1232 1068 discedere
1256 1001 1373 1071 hello:

567 1110 831 1190 fecissentque
856 1109 1016 1172 utinam!

497 1213 539 1275 lle
563 1211 688 1274 exoche.
736 1211 856 1274 Exoche
886 1221 931 1276 est
963 1213 1058 1274 oratio
1086 1207 1234 1291 incipiens
1263 1208 1300 1272 ab
1330 1211 1433 1290 specie
1462 1218 1491 1272 ει
1519 1210 1668 1291 gradatim
1698 1212 1731 1273 ad

410 1334 505 1397 genus
528 1333 596 1377 cum
620 1317 832 1396 coniunctione
857 1315 1001 1378 decenter
1024 1312 1222 1386 adscendens.
1268 1311 1358 1377 huius
1381 1315 1499 1395 species
1523 1322 1594 1377 stant
1615 1322 1688 1377 tres.

498 1419 540 1481 De
564 1419 677 1481 exoche
701 1421 808 1500 prima.
854 1416 975 1481 Exoche
1005 1419 1102 1500 prima
1133 1417 1165 1478 fla
1188 1417 1246 1478 hoc
1270 1417 1368 1486 modo,
1394 1417 1514 1497 quando
1537 1439 1596 1482 una
1619 1421 1773 1500 specieseo

412 1522 549 1602 ponitur,
579 1529 609 1584 ει
636 1523 737 1585 statim
761 1539 856 1600 genus
876 1540 931 1602 per
954 1519 1200 1583 coniunctionem
1224 1521 1343 1590 crescit,
1369 1529 1401 1582 ut
1425 1529 1471 1583 est
1493 1521 1623 1584 ‘leonem
1647 1530 1734 1602 atque

328 1699 333 1706 ,
412 1624 485 1688 alias
506 1625 622 1688 ieras’:
647 1643 715 1688 nam
738 1624 785 1686 leo
808 1623 940 1706 speciale
964 1632 1025 1694 est,
1049 1615 1111 1685 iera
1134 1623 1277 1703 generale
1301 1633 1357 1685 est.
1432 1605 1438 1612 ’

499 1727 540 1791 De
563 1727 678 1790 exoche
701 1726 843 1790 secunda.
895 1727 1015 1789 Exoche
1031 1726 1162 1788 secunda
1187 1734 1245 1797 est,
1271 1746 1338 1788 cum
1363 1726 1422 1788 duo
1447 1730 1569 1790 nomina
1592 1723 1732 1810 specialia

407 1840 573 1913 ponuntur,
599 1833 686 1894 etsie
703 1834 842 1894 eminens
859 1835 960 1893 oratio
977 1831 1021 1890 nd
1037 1828 1181 1909 'gerrerale
1207 1849 1316 1892 nomen
1333 1831 1478 1902 ascendit,
1504 1842 1536 1894 ut
1560 1841 1606 1894 est
1629 1835 1733 1910 fpro-

321 1959 327 1972 ’
411 1931 1364 2016 hitatemiudustriamceterasqueorteshonas’.
1742 1953 1768 1992 ιε

295 2115 297 2118 ¹
498 2037 540 2100 De
563 2036 677 2099 exoche
701 2039 800 2100 tertia.
847 2037 966 2099 Exoche
985 2039 1072 2100 tertia
1090 2038 1195 2100 eodem
1213 2035 1304 2100 modo
1327 2056 1387 2119 quo
1412 2047 1442 2100 ει
1464 2035 1640 2121 superiores
1663 2059 1732 2103 con-

347 2173 350 2179 ·
411 2144 550 2224 ponitur,
576 2158 635 2203 uno
659 2139 882 2210 tantummodo
905 2139 1006 2202 addito
1031 2142 1152 2202 nomine
1169 2127 1292 2222 speciali
1316 2149 1385 2202 ante
1408 2139 1580 2222 generalem
1604 2143 1734 2226 appella·
1761 2151 1765 2157 '

411 2247 540 2314 tionem,
564 2250 598 2305 ut
621 2253 665 2306 est
690 2241 920 2325 ‘Hipponem
945 2243 1190 2306 Adrumetum
1216 2241 1361 2322 Leptim
1393 2255 1618 2327 ceterasque
1642 2248 1733 2308 ciri·

195 2367 199 2374 ’
231 2361 238 2377 ·
298 2405 302 2412 ,
411 2348 539 2410 tates'.
585 2345 700 2408 exoche
726 2345 833 2408 'autem
866 2339 944 2408 dicta
968 2355 1030 2417 est,
1067 2345 1146 2427 quod
1175 2345 1323 2426 gradatim
1356 2349 1453 2409 oratio
1486 2350 1630 2411 emineat:
1667 2368 1749 2412 narn-

304 2459 312 2468 ·
411 2451 546 2511 eminere
570 2466 678 2529 graece
703 2441 830 2530 ἐξέχειν
853 2447 966 2532 dicunt.
1507 2506 1515 2515 ,
1746 2467 1771 2508 eo

498 2551 681 2634 Hucusque
697 2553 805 2614 artium
821 2554 1087 2632 grammaticarum
1105 2553 1234 2615 fecimus
1250 2555 1395 2617 instituta.
1443 2553 1479 2616 de
1497 2554 1650 2619 catholicis
1665 2576 1734 2620 rero

411 2657 566 2719 nominum
591 2665 683 2736 atque
708 2655 871 2718 verborum
894 2655 986 2719 latins
1010 2655 1233 2739 exponemus!
1382 2649 1389 2654 ’

482 2847 495 2894 1
515 2854 651 2896 metanoea
674 2855 714 2896 esa
732 2844 772 2895 uel
791 2845 953 2911 meaagnosis
978 2837 1060 2896 dictio
1080 2843 1105 2895 B
1192 2847 1208 2895 ε
1228 2829 1371 2911 insontem]
1395 2845 1475 2914 Verp.
1495 2849 1562 2901 Aen.
1582 2847 1615 2898 11
1633 2851 1670 2900 at

411 2933 499 2982 3non
518 2929 611 2996 luctae]
631 2945 682 2981 non
702 2929 769 2980 laeta
788 2947 815 2981 re
833 2930 865 2981 B·
931 2927 1056 2999 hsaepe]
1081 2933 1162 2997 Verp.
1182 2935 1249 2983 Aen.
1268 2930 1304 2982 ΙΙ
1323 2933 1373 2982 108
1444 2934 1535 2982 troiam
1555 2931 1581 2982 B
1649 2936 1734 2985 ddis-

411 3016 505 3068 dederc
524 3017 550 3068 B
619 3017 636 3066 8
659 3019 690 3066 ab
709 3015 862 3083 speeiemB
935 3017 1225 3070 sarracenatorum
1296 3015 1463 3086 probitatem]
1482 3017 1589 3072 Sallust.
1609 3019 1733 3086 Ieg.1‚.l

448 3104 479 3155 18
499 3095 660 3169 hipponem]
679 3099 786 3152 Sallust.
805 3101 863 3170 Iup.
889 3106 959 3165 19,1
1030 3105 1063 3156 20
1082 3103 1189 3156 exeeh'm
1211 3103 1235 3154 B
1314 3106 1347 3154 22
1367 3119 1529 3170 exponemus
1555 3107 1588 3158 hi.
1614 3104 1734 3158 cesum

410 3185 620 3240 SAGERDOTIS
647 3185 778 3240 aaaron
802 3187 1108 3240 GilliiiiATlChiiUil
1134 3187 1311 3241 FELICITER
1337 3201 1340 3252 ι
1367 3193 1388 3242 Α
1417 3189 1502 3242 littera
1527 3195 1678 3244 terminatus
1703 3193 1733 3247 B.

381 3331 391 3337 ,
412 3275 591 3338 incriptionem
613 3275 722 3325 secundi
737 3273 797 3324 libri
819 3275 923 3325 addidit
946 3275 1033 3326 editor
1055 3275 1271 3326 Vindobonenaa'r.
1307 3280 1475 3344 princepum
1493 3277 1560 3340 libri,
1579 3282 1605 3329 in
1624 3296 1675 3346 qua
1693 3297 1734 3330 en-

413 3361 469 3410 dem
487 3375 554 3428 quae
572 3361 597 3409 in
617 3359 751 3410 catholicis
772 3359 852 3410 Preti
867 3376 896 3426 p.
911 3361 989 3421 3-6,
1009 3363 1044 3411 24
1063 3361 1183 3426 legenter
1200 3365 1300 3427 scriptu
1317 3370 1403 3422 erunt,
1423 3381 1472 3415 noa
1492 3365 1597 3428 defertu
1615 3365 1722 3416 membru

414 3461 503 3496 auream
521 3447 611 3511 periit,
631 3447 680 3496 aed
697 3447 803 3496 concilio
822 3446 863 3496 vel
880 3448 1043 3512 neglegentia
1060 3447 1198 3498 arridentis
1217 3449 1311 3500 omiaau
1329 3457 1376 3500 eat.
