3904 5556
635 308 716 367 utic.
734 307 846 396 enam
867 309 936 367 ula.
956 313 969 366 1
988 315 1030 376 11,
1047 311 1160 364 »to-ee
1318 355 1322 365 .
1517 308 1561 376 49

269 405 439 459 1111919111
1381 425 1403 466 p.
1416 413 1494 458 bd-db
1508 413 1534 459 G.

242 495 386 559 trochaeo
409 505 551 580 quattuor
566 497 703 581 disyllabi
725 500 817 583 pedes
841 503 939 564 eiieeti
962 512 1043 565 sunt.
1077 520 1206 584 quorum
1222 509 1325 565 'status
1349 501 1517 566 adiectione
1533 501 1545 586 ΙΙ

243 597 425 680 syllabarum
447 600 536 665 simul
566 621 601 666 ao
625 611 796 688 temporum
819 615 1003 687 propagatus
1025 607 1057 669 iu
1079 603 1252 688 trIsyllabos
1283 603 1376 688 pedes
1399 616 1467 670 oeto
1490 625 1559 689 pro·

243 705 347 777 cessit,
370 707 423 788 qui
446 707 512 787 pari
533 710 651 772 ratione
674 708 885 772 adcrescentes
908 707 1116 792 tetrasyllabos
1140 728 1176 773 ex
1199 728 1232 773 se
1254 711 1406 792 geminato
1430 708 1559 793 trisylla-

242 806 348 872 borum
372 827 500 874 numero
523 825 585 874 xvt
610 811 780 875 ediderunt.
825 829 932 876 rursus
948 827 1010 876 xvt
1026 811 1210 895 tetrasyllabi
1229 813 1322 904 simili
1337 823 1370 876 ut
1384 816 1560 894 superiores
1613 809 1625 826 '

188 907 445 993 ‘speminatioue
475 915 598 996 triginta
628 923 658 978 et
681 914 739 977 duo
769 933 805 978 ex
834 935 867 979 se
889 915 1057 991 schemata,
1087 916 1117 978 id
1140 923 1186 978 est
1208 918 1417 998 figurationes,
1447 917 1558 1000 pedum

241 1015 514 1100 pentasyllaborum
550 1019 757 1084 reddiderunt.
802 1019 834 1082 hi
854 1005 982 1104 'quoque
1012 1019 1083 1083 dum
1113 1036 1168 1102 per
1195 1018 1340 1104 syllabas,
1371 1031 1403 1084 ut
1431 1023 1559 1104 priores.

241 1129 389 1201 augentur
419 1140 455 1186 ae
483 1132 637 1206 tempora,
673 1121 883 1204 hexasyllabos
914 1123 1008 1206 pedes
1041 1125 1107 1205 pari
1136 1107 1320 1188 rationein
1354 1125 1560 1190 schematibus

242 1227 396 1307 sexaginta
420 1234 616 1310 etquattuor
638 1226 728 1290 simili
749 1227 951 1310 duplicatione
974 1227 1174 1309 protulerunt.
1219 1231 1260 1292 ita
1277 1226 1339 1314 [nt]
1364 1247 1480 1294 summa
1497 1248 1561 1293 om·

241 1333 324 1393 nium
355 1329 393 1394 ad
422 1339 545 1395 eentum
570 1333 672 1412 viginti
696 1340 893 1415 etquattuor
920 1331 1014 1415 pedes
1037 1330 1158 1394 redacta
1182 1341 1244 1408 est,
1275 1333 1316 1396 ita
1344 1341 1378 1396 ut
1405 1333 1560 1416 simplices

206 1453 229 1494 m
242 1452 368 1498 numero
391 1433 567 1508 duodecim,
590 1437 751 1518 compositi
773 1441 893 1500 centum
917 1445 947 1498 et
969 1434 1127 1498 duodecim
1144 1434 1322 1500 habeantur.
1368 1436 1400 1498 hi
1415 1446 1467 1501 aut
1481 1441 1559 1502 elus·

241 1537 308 1602 dem
332 1537 412 1602 inter
434 1557 468 1602 se
490 1555 651 1602 mensurae
675 1547 746 1604 sunt
768 1547 820 1603 aut
842 1538 983 1622 sescuplo
1004 1547 1147 1604 anteeuut
1169 1550 1220 1602 aut
1243 1539 1343 1622 duplo.
1389 1559 1426 1604 ex
1450 1539 1560 1621 quibus

241 1643 333 1724 magis
356 1641 435 1706 mele
457 1649 488 1704 et
502 1641 635 1724 rhythmi
658 1641 824 1724 lyricorum
839 1643 1031 1707 modulorum
1047 1661 1137 1724 quarn
1154 1651 1251 1706 metra
1266 1642 1391 1707 iormari
1406 1652 1558 1727 poterunt.

240 1745 389 1826 incipiunt
411 1753 512 1809 autem
536 1753 565 1809 et
588 1749 788 1830 porriguntur
809 1755 946 1832 tempora
969 1749 1000 1812 iu
1031 1745 1245 1830 pentasyllabis
1268 1767 1284 1811 a
1308 1750 1441 1830 quinque
1464 1767 1560 1829 usque

241 1850 276 1912 ad
298 1849 414 1920 decem
439 1849 533 1914 idest
555 1869 571 1914 a
594 1857 772 1933 pentasemo
788 1851 825 1915 ad
848 1851 1038 1914 deessemum
1055 1849 1200 1934 χρονικῇ
1221 1848 1441 1935 capabilius,
1465 1860 1498 1916 ut
1520 1857 1560 1916 sit

205 1963 432 2034 upeutasemus
448 1951 674 2037 Philopolemus
690 1974 706 2018 e
725 1957 858 2037 quinque
876 1953 1028 2027 brevibus,
1052 1974 1069 2017 a
1092 1973 1108 2017 a
1131 1972 1147 2015 a
1171 1973 1187 2018 a
1211 1975 1242 2026 a;
1267 1954 1444 2020 deessemus
1459 1965 1559 2020 sutem

243 2076 258 2118 e
280 2059 415 2145 quinque
444 2057 559 2139 longis,
589 2066 622 2121 ut
643 2057 859 2132 Atroxielides‚
889 2059 977 2123 culus
1006 2075 1103 2131 ennon
1132 2075 1187 2138 per
1215 2059 1348 2141 quinque
1370 2057 1390 2121 b
1412 2058 1432 2120 b
1457 2059 1475 2121 b
1498 2059 1560 2122 hb

240 2158 417 2241 signabitur.
464 2162 535 2224 item
569 2160 754 2245 hexasyllabi
791 2162 829 2226 ab
862 2162 1026 2227 hexasemo
1059 2161 1096 2225 ad
1131 2160 1383 2226 duodecasemum
1416 2163 1561 2246 χρονικῇ

242 2258 464 2348 παραυξήσει,
488 2275 522 2329 ut
537 2263 790 2348 hlenelsophorus
813 2287 829 2330 e
851 2285 905 2330 sex
927 2265 1081 2330 brevibus:
1106 2265 1196 2328 huius
1212 2283 1310 2329 conon
1333 2285 1350 2328 a
1373 2285 1389 2328 o
1412 2285 1428 2327 n
1452 2286 1469 2330 a
1493 2285 1509 2328 a
1533 2285 1559 2336 n,

242 2370 290 2447 qui
313 2378 359 2431 est
382 2367 493 2451 duplex
518 2368 697 2451 tribrachys.
743 2370 821 2434 alter
844 2389 861 2433 e
884 2387 937 2434 sex
960 2369 1073 2452 longis,
1108 2368 1217 2452 quibus
1239 2378 1375 2450 tempora
1399 2368 1558 2432 duodecim

205 2471 423 2543 „subsistuue
448 2481 482 2535 ut
498 2472 814 2546 Callistochermedes‚
841 2475 890 2554 qui
908 2482 954 2537 est
976 2472 1088 2557 duplex
1109 2474 1267 2545 molossus,
1288 2473 1346 2536 hoe
1369 2491 1486 2536 canone
1502 2475 1559 2554 sig·

242 2574 374 2647 nabiter,
399 2576 418 2639 b
442 2576 461 2638 b
484 2575 504 2640 b
528 2575 547 2638 b
571 2576 590 2640 b
612 2576 647 2650 b,
670 2587 704 2642 ut
725 2578 764 2640 sil
785 2575 1033 2642 duodecasemus.

323 2679 390 2744 Nou
414 2698 506 2762 parva
530 2689 631 2745 autem
654 2683 686 2746 lu
708 2679 925 2764 pentasyllabis
949 2679 1127 2763 copulandis
1149 2681 1284 2761 quaestio
1308 2691 1368 2753 est,
1392 2697 1450 2759 quo
1475 2678 1558 2743 oolli-

241 2791 351 2863 guntur
374 2783 565 2848 differentiae
581 2785 755 2866 ngurarum.
788 2803 917 2868 namque
940 2785 1066 2848 interest
1081 2783 1208 2847 mediam
1226 2781 1369 2866 syllabam
1393 2786 1441 2847 cui
1458 2786 1536 2864 parti
1554 2783 1557 2869 Ι

241 2885 311 2950 reiis
333 2886 507 2952 adnectere.
553 2887 634 2952 aliud
664 2896 710 2950 est
732 2889 829 2961 enim,
859 2889 886 2952 si
909 2886 1026 2952 duabus
1049 2887 1301 2970 praecedentibus
1328 2890 1440 2951 sociata
1471 2887 1560 2950 iaciat

204 2992 482 3058 scouiunetionem
507 3009 541 3055 ex
566 2990 722 3074 trisyllaba
746 3004 776 3054 et
798 2988 959 3074 disyllabo:
977 2988 989 3076 l
1006 2993 1190 3054 contrarium
1206 3001 1329 3068 antem.
1354 2995 1378 3054 si
1393 2972 1419 3055 'a
1442 2990 1560 3054 duabus

240 3094 492 3176 praecedentibus
521 3094 636 3160 divulsa
659 3097 821 3178 postremis
845 3093 962 3158 duabus
983 3093 1239 3174 subsequentibus
1261 3093 1434 3178 copuletur,
1465 3104 1498 3158 ut
1520 3097 1560 3158 sit

241 3199 409 3280 coniugatio
433 3217 450 3261 e
473 3196 619 3280 disyllabo
643 3208 673 3262 et
695 3196 859 3282 trisyllaba.
905 3199 957 3280 qui
979 3199 1012 3260 iit
1034 3207 1068 3260 ut
1090 3198 1246 3282 multiplex
1270 3199 1377 3262 harum
1393 3199 1558 3279 figurarum

241 3319 383 3367 uumerus
405 3320 462 3385 per
485 3302 668 3368 differentias
691 3304 816 3364 oriatur.
862 3303 921 3364 erit
935 3303 1026 3382 igitur
1049 3304 1080 3365 iu
1105 3303 1243 3385 exemplo
1266 3305 1316 3368 hie
1332 3320 1444 3375 versus,

544 3426 677 3505 armiger
698 3424 729 3484 in
753 3422 804 3486 lda
827 3422 904 3504 petie
926 3438 1001 3502 rapo
1024 3422 1112 3486 litora
1136 3431 1252 3505 petens.

206 3563 306 3610 aonam
329 3547 354 3607 si
378 3554 411 3606 ut
435 3545 620 3609 trochaicum
644 3544 786 3614 scandas,
818 3552 909 3605 erunt
931 3561 1036 3606 omnes
1064 3545 1294 3626 coniugationes
1324 3563 1339 3607 e
1363 3545 1505 3608 trochaeo
1529 3555 1560 3607 et

240 3657 414 3729 anapaesto;
444 3650 469 3710 si
493 3660 612 3721 eontra,
642 3656 676 3711 ut
703 3666 719 3710 a
749 3645 901 3729 trisyllabo
925 3649 1067 3729 incipias,
1091 3658 1183 3711 eruut
1204 3667 1310 3711 omnes
1333 3651 1560 3730 coniugatioues
1611 3719 1613 3722 ,

240 3770 276 3813 cx
302 3750 421 3834 dactylo
451 3759 481 3816 ct
507 3751 608 3816 iambo
638 3761 667 3814 et
695 3751 842 3813 eiiicietur
872 3747 1020 3813 iambicus
1048 3769 1161 3815 versus.
1208 3754 1289 3816 iuxta
1319 3771 1396 3834 quae
1424 3752 1559 3832 intellegi

189 3919 195 3930 ,
241 3853 324 3918 datur
351 3855 433 3918 varia
462 3855 608 3919 diuisione
636 3855 881 3936 coniugationum
909 3863 1047 3916 astruam
1077 3873 1215 3918 versuum
1239 3854 1284 3918 vel
1308 3875 1323 3918 a
1349 3857 1503 3919 trochaico
1527 3859 1557 3918 in

240 3957 399 4022 iambicum
429 3957 475 4022 vel
497 3959 534 4022 ab
564 3956 693 4022 iambico
722 3961 754 4022 iu
782 3957 968 4021 trochaicum
998 3976 1086 4040 posse
1115 3959 1279 4022 transduci.
1326 3959 1383 4022 hoc
1408 3961 1498 4041 igitur
1521 3959 1557 4022 de

206 4085 229 4126 sa
242 4063 351 4125 cunetis
368 4063 491 4144 triginta
507 4060 624 4126 duobus
640 4060 853 4144 pentasyllabis
868 4059 995 4143 pedibus
1013 4062 1221 4143 accipiendum
1247 4073 1307 4126 est:
1337 4081 1413 4143 quae
1436 4064 1557 4146 quidem

243 4167 362 4228 variatio
386 4183 446 4228 non
475 4168 507 4229 in
536 4166 601 4229 aliis
630 4183 717 4246 quum
746 4166 777 4227 iu
805 4163 1020 4246 pentasyllabis
1049 4166 1311 4247 coniugationibus
1339 4168 1458 4229 euenire
1488 4186 1558 4230 con·

306 4402 322 4452 3
344 4398 538 4465 trisyllaborum
561 4413 668 4448 numero
693 4395 794 4448 BVol.
813 4409 830 4454 ς
848 4376 1040 4464 trisyllabairum
1065 4413 1171 4450 numero
1197 4401 1220 4450 A
1307 4400 1324 4448 4
1352 4414 1443 4449 rarrsus
1461 4401 1514 4444 xi'i
1533 4397 1559 4448 B

245 4467 300 4520 Vni.
318 4471 475 4520 rursusxttl
491 4470 544 4524 Ας
618 4467 756 4520 9redaeta
774 4467 844 4523 site
919 4468 951 4518 10
970 4465 1094 4517 hiantem
1108 4469 1222 4518 eiusdem
1243 4465 1334 4522 Alte
1406 4469 1436 4520 11
1456 4469 1559 4530 imqui-

241 4537 281 4604 pio
299 4536 389 4594 Aee
460 4532 593 4598 atateeuut]
613 4533 762 4587 attteumB
833 4551 865 4586 ex
884 4536 978 4601 quihus
996 4550 1054 4603 sqq.
1073 4539 1109 4588 ud
1125 4539 1206 4603 pedes
1224 4537 1418 4603 pentasyllabos
1436 4543 1462 4587 et
1475 4537 1557 4588 heco-

240 4607 350 4674 rpiiudor
366 4607 502 4674 pertinere
525 4613 647 4674 apparel.
671 4621 757 4658 anam
778 4611 862 4656 tenea
879 4607 1041 4672 yrammattet
1062 4608 1239 4672 aeyylepeatiae
1262 4606 1310 4656 hoe
1332 4606 1493 4656 tribuendum
1511 4614 1558 4662 est,

242 4679 307 4742 quod
326 4679 484 4744 interposito
506 4676 686 4729 obrmmiooe
709 4677 742 4728 de
762 4676 915 4741 repectione
938 4683 964 4726 et
985 4689 1105 4726 recasura
1127 4677 1218 4741 perium
1237 4675 1268 4724 ab
1291 4677 1392 4727 illoram
1410 4677 1559 4738 definitione
1625 4701 1635 4722 s

242 4747 336 4813 tonyise
352 4753 452 4799 remota
465 4745 616 4798 minerba
686 4746 718 4798 18
737 4743 814 4795 huius
833 4747 977 4808 cancupA
1048 4745 1082 4794 20
1100 4745 1232 4795 molossus
1252 4743 1378 4801 stirace
1447 4746 1480 4796 at
1500 4741 1557 4811 cytri}

241 4827 303 4875 tyriae
320 4814 346 4865 B
418 4813 557 4882 multiplex
577 4815 676 4866 Onerat·
697 4830 760 4866 mue.
782 4811 890 4865 alimen.
914 4815 954 4866 VI
974 4831 997 4864 u.
1016 4816 1083 4864 isse
1100 4831 1126 4879 p.
1147 4817 1194 4864 160
1218 4813 1370 4881 irruitiplices
1396 4813 1485 4869 Aue

242 4883 274 4934 30
290 4899 304 4934 e
321 4885 441 4937 trochaeo
461 4911 493 4922 -
513 4886 546 4936 at
565 4885 764 4951 couittgatioues
782 4884 809 4935 ia
826 4899 907 4948 mor-p.
926 4885 988 4934 adri.
1008 4885 1031 4933 A

290 4985 438 5020 benammi
451 4987 535 5020 carran
551 4986 581 5017 vx.
1333 4973 1349 5020 4
