3888 5550
1041 89 1046 98 ι

779 111 781 120 ι

927 121 930 128 ι

900 136 921 166 ⁸
969 133 974 140 ι
1078 129 1082 138 r

859 167 862 177 ι

696 369 778 420 aar.
802 369 911 420 cuin.
933 349 1007 420 bra.
1032 371 1045 420 1
1069 366 1206 419 tos-reo
1230 345 1238 356 ⁴
1315 443 1323 452 Ι

281 469 305 508 p.
323 458 353 501 ll.
367 460 393 501 19
407 458 435 500 V.
548 451 549 454 ¹

438 545 593 619 incidit,
617 555 675 610 aut
697 546 861 631 rapidus
884 555 1060 610 montano
1085 546 1244 610 llumlne
1269 556 1425 611 torrens
1478 521 1484 532 ¹
1591 625 1592 630 ἵ

441 637 585 714 sternit
607 668 728 731 agros,
751 653 890 716 sternit
911 653 990 713 sata
1014 651 1114 714 laeta
1136 641 1322 732 ‘boumque
1347 649 1520 724 iabores,
1647 707 1649 714 .

383 820 388 829 ,
441 755 756 836 praecipitesque
779 754 901 817 trahit
924 751 1055 822 silvas:
1080 762 1212 832 stupet
1233 755 1381 817 inscius
1404 752 1483 818 alto

288 853 292 860 '
441 859 633 937 accipiens
655 861 819 921 sonitum
844 858 924 919 saxi
948 855 991 917 de
1016 859 1158 917 vertice
1182 867 1333 937 pastor:

259 977 341 1043 sper
364 979 541 1032 numerum,
573 971 605 1023 ut
628 963 755 1043 ‘qnam
780 959 894 1023 multa
919 955 1107 1040 grandine
1131 958 1247 1022 nimbi
1270 959 1503 1025 culminibus
1527 980 1612 1026 cre·

288 1064 486 1144 pitant’et
1185 1083 1188 1087 ·
1414 1053 1418 1059 ’

441 1185 552 1250 quam
576 1167 681 1231 multi
705 1167 843 1249 Libyco
868 1165 1076 1254 volt-untur
1100 1183 1284 1228 marmore
1306 1165 1468 1240 tinctus.

441 1268 500 1334 rel
523 1289 603 1334 cutu
627 1271 708 1334 sole
731 1289 826 1334 novo
850 1268 991 1332 densae
1015 1276 1215 1332 torrentur
1238 1271 1401 1342 aristae;

287 1390 343 1452 per
365 1374 458 1436 animi
483 1375 670 1456 passionem,
695 1382 728 1437 ut

248 1503 275 1544 ιο
445 1479 549 1558 nigra
574 1474 675 1539 reiut
699 1494 854 1558 magnas
877 1476 1024 1539 domini
1047 1477 1126 1538 cuni
1152 1476 1286 1539 divitis
1309 1474 1418 1539 aedis

445 1578 623 1663 pervolat
645 1588 680 1644 et
702 1583 834 1664 pinnis
858 1579 938 1644 alta
956 1581 1053 1642 atria
1079 1578 1226 1642 lustrat
1249 1577 1429 1651 hirundo;

288 1702 344 1765 per
367 1681 637 1766 pulchritudinem,
663 1691 695 1746 ut

641 1788 720 1869 ipse
744 1796 831 1852 ante
854 1787 954 1850 alios
978 1785 1267 1868 pulcherrimus
1290 1790 1410 1850 omnis

446 1891 567 1953 lnlert
589 1909 626 1952 se
651 1892 792 1954 soci-nm
816 1893 955 1954 deneas
978 1898 1089 1973 atque
1112 1891 1259 1969 agmina
1284 1891 1420 1971 iungit,

251 2017 277 2060 aa
445 1991 570 2076 qttalis
594 1992 655 2056 nbi
679 1993 886 2056 hibernam
904 1993 1053 2075 Lyciam
1078 1991 1296 2075 Xanthique
1318 1992 1465 2056 liuenta

241 2083 244 2090 ⁸
445 2097 608 2178 deserit,
738 2107 739 2112 ’

875 2200 969 2264 baud
993 2197 1061 2261 illo
1085 2201 1238 2281 segnior
1261 2200 1340 2262 ibat

446 2305 599 2374 Aeneas:
626 2312 772 2368 tantum
797 2305 952 2386 egregio
975 2303 1091 2366 decus
1115 2303 1238 2366 enitet
1262 2324 1337 2368 ore.
1451 2297 1457 2310 '

378 2407 421 2470 lle
445 2407 661 2490 paradigmate.
707 2408 884 2490 Paradigma
909 2415 954 2470 est
970 2407 1015 2470 rei
1038 2410 1222 2488 praeteritae
1239 2407 1347 2470 relatio
1363 2407 1399 2470 ad
1416 2407 1617 2470 hortationem

254 2537 280 2579 ω
296 2510 341 2572 rel
365 2497 620 2574 dehortationem:
645 2513 929 2586 adhortationem,
954 2521 985 2574 ut
1009 2519 1055 2572 est

448 2618 613 2678 Antenor
637 2618 765 2698 potnit
788 2615 928 2700 mediis
952 2615 1105 2697 elapsus
1128 2613 1297 2686 heblvis3

292 2718 327 2782 ad
346 2717 594 2791 dehortationem,
620 2720 775 2801 ut‘quin
800 2719 946 2782 occidit
969 2738 1038 2783 una
1056 2718 1263 2801 Sarpedon,
1288 2737 1363 2782 mea
1380 2719 1612 2801 progenies’.

298 2853 302 2860 ·
380 2821 421 2885 lle
444 2823 544 2884 icone.
591 2821 663 2884 icon
687 2832 732 2884 cst
757 2841 954 2904 personarum
979 2823 1124 2886 similium
1147 2825 1350 2906 comparatio,
1375 2831 1408 2884 ut

449 2923 542 2988 talis
565 2923 753 3008 Amyclaei
777 2926 937 2989 domitus
960 2924 1130 2988 Pollucis
1154 2925 1314 2989 habenis

240 3051 280 3104 ¹ae
329 3083 333 3090 .
448 3026 634 3110 Cyllarus:

295 3135 391 3214 equus
414 3133 493 3193 enim
518 3151 596 3213 equo
619 3129 850 3216 comparatur.l
946 3173 952 3188 ·

291 3295 297 3301 .
381 3234 423 3297 lle
446 3233 622 3317 hyperbole.
668 3234 840 3320 Hyperbole
863 3245 909 3300 est
932 3237 1024 3300 dictio
1042 3237 1119 3299 ultra
1136 3236 1226 3298 fidem
1249 3233 1366 3318 prolata
1381 3242 1442 3300 tam
1466 3237 1497 3298 in
1522 3235 1620 3298 maius

290 3357 384 3421 quam
407 3342 439 3400 in
462 3339 575 3410 minus,
600 3350 633 3402 ut
656 3338 855 3402 candidior
877 3342 1026 3422 cycnis,
1052 3335 1164 3401 vilior
1187 3339 1281 3420 alga.
1326 3339 1403 3402 hanc
1427 3349 1533 3420 poetae
1555 3338 1619 3419 qui·

296 3441 365 3503 dem
393 3441 459 3504 sine
487 3440 580 3504 colasi
608 3442 727 3513 dicunt,
758 3451 791 3503 ut
819 3445 1053 3522 ‘geminique
1083 3443 1280 3506 minantur
1310 3443 1345 3504 in
1369 3442 1514 3505 caelum
1539 3459 1621 3502 sco·

257 3569 282 3611 ea
296 3544 405 3624 puli'‚
431 3562 492 3606 non
516 3544 634 3607 addidit
655 3547 778 3626 ‘paene'
802 3555 855 3608 aut
877 3544 936 3608 tale
960 3545 1089 3627 aliquid;
1114 3554 1252 3608 oratores
1275 3564 1346 3626 tero
1371 3565 1441 3608 cum
1465 3545 1566 3616 coleti,
1591 3543 1619 3604 id

297 3654 342 3708 est
365 3664 433 3708 cum
457 3645 573 3710 cautela
598 3646 882 3721 verisimilitudinis,
911 3658 943 3710 ut
967 3649 1074 3711 Cicero
1098 3651 1288 3730 ‘parietes
1318 3647 1621 3716 mediusfidius,
1720 3667 1723 3671 ·

297 3755 336 3811 ut
366 3749 460 3815 mihi
485 3749 680 3820 videntur.
711 3752 821 3814 huius
844 3754 977 3814 curiae
1000 3751 1073 3814 tibi
1098 3753 1248 3831 gratias
1276 3770 1388 3831 agere
1416 3752 1619 3830 gestiunt':

297 3849 478 3932 hyperbole,
503 3850 555 3914 sed
579 3851 694 3914 addidit
718 3854 831 3918 colasin
856 3856 901 3916 ‘ut
923 3855 997 3916 mihi
1020 3853 1184 3916 videntur’.
1569 3845 1572 3848 ’

367 4079 399 4130 19
417 4074 456 4126 De
475 4075 656 4142 paradigmate
673 4093 701 4144 p.
722 4079 782 4142 469,
803 4081 836 4129 lli

299 4215 505 4229 .--.——.

367 4281 540 4338 {intormB
629 4297 706 4347 quam
726 4280 819 4351 multa]
838 4282 918 4349 Verg.
937 4285 1003 4338 Acir.
1029 4284 1054 4331 V
1070 4286 1121 4336 458
1210 4283 1335 4334 nimuiB
1421 4284 1535 4346 'tqnam
1549 4280 1622 4332 multi
1730 4311 1733 4316 ·

303 4373 382 4440 Verp.
402 4373 469 4422 Aen.
493 4369 553 4420 VII
572 4371 631 4422 718.
651 4370 701 4419 720
789 4369 928 4421 uolbnntnr
946 4367 972 4418 B
1061 4372 1092 4421 10
1112 4365 1199 4438 nigra]
1229 4369 1307 4436 Verp.
1331 4371 1398 4423 Aen.
1418 4369 1479 4421 XII
1498 4369 1552 4419 473

299 4453 401 4528 divitis]
425 4456 520 4524 uidetis
546 4452 572 4503 B
643 4456 674 4506 1³
694 4453 762 4525 ipse]
793 4457 872 4522 Verg.
896 4457 963 4510 Aen.
984 4455 1052 4507 1111
1077 4458 1127 4506 m
1145 4471 1201 4523 sqq.
1274 4458 1307 4508 14
1325 4450 1414 4523 inient]
1440 4455 1506 4504 inter
1528 4452 1555 4503 B

301 4547 333 4596 17
351 4537 435 4612 haud]
456 4555 500 4594 out
513 4541 538 4592 B
611 4541 643 4592 19
662 4539 751 4592 relatio
771 4543 803 4593 nd
823 4541 985 4592 horationem
1004 4541 1043 4592 uel
1063 4541 1243 4592 dehortatione
1256 4553 1283 4593 ut
1296 4541 1373 4593 estB
1442 4542 1474 4591 21
1494 4535 1622 4606 Antenor]

304 4631 386 4698 Verp.
405 4633 474 4683 Aen.
494 4629 582 4680 1212
653 4629 686 4680 22
706 4625 781 4698 quin]
811 4628 891 4694 Verp.
916 4629 983 4679 Aen.
1001 4625 1030 4679 Χ
1048 4630 1099 4678 tto
1170 4628 1203 4678 ‘24
1222 4628 1280 4678 talis
1304 4627 1410 4692 amyclei
1433 4625 1559 4676 domitum
1583 4623 1623 4674 B:

264 4765 268 4770 .
305 4717 491 4784 Verpgeorp.
515 4713 565 4766 III
583 4717 617 4766 89
687 4717 719 4766 27
740 4715 929 4764 tamimmaius
954 4728 1031 4775 quam
1051 4713 1182 4764 minusB
1252 4715 1286 4765 98
1304 4708 1451 4780 candidior]
1476 4713 1557 4776 Verg.
1577 4709 1623 4763 bu·

301 4805 349 4855 eol.
375 4807 399 4868 7,
424 4805 469 4857 ³8.
490 4803 524 4853 42
595 4803 628 4854 29
648 4795 812 4870 geminique]
841 4798 920 4867 Verg.
946 4799 1013 4851 Aen.
1033 4799 1051 4850 I
1069 4801 1118 4850 102
1189 4801 1220 4852 ³1
1241 4795 1365 4868 parietes]
1388 4798 1439 4852 Cic.
1461 4813 1512 4864 pro
1538 4797 1624 4849 ellare.

303 4891 330 4953 a,
349 4892 382 4939 to
436 4913 439 4922 ι
