3866 5562
292 328 296 336 '
359 326 425 398 500
533 347 539 353 ·
728 377 730 380 -
774 348 878 398 naarr
902 349 1024 399 ranan
1048 350 1268 429 saccanorrs
1510 397 1516 402 .

359 447 382 486 p.
395 434 454 476 2627.
467 434 492 476 28
506 432 541 476 tt-
785 471 791 479 ,
1510 455 1531 496 p.
1544 444 1590 485 2li.
1604 445 1644 485 248
1660 441 1684 483 G.

359 525 439 586 sicut
467 509 755 604 proceleumaticus,
785 525 839 588 sed
870 525 1005 606 spondeo
1033 537 1064 589 et
1090 525 1226 609 dactylo:
1256 531 1302 591 sic
1330 531 1420 590 etiam
1450 531 1475 593 si
1504 549 1539 594 er
1563 531 1683 594 duobus

226 717 231 722 ι
360 623 484 708 dactylis
507 635 715 708 componatur.
762 627 815 692 sed
832 628 941 691 horum
958 629 1091 692 omnium
1107 627 1295 721 subiungere
1319 631 1472 696 schemata
1495 634 1681 716 estquidam

256 819 264 824 Ἰ
359 721 595 810 possibile,‘sed
619 730 792 794 molestum.
1031 795 1033 800 ,
1063 722 1092 791 ’.

741 875 750 887 ’
818 977 841 1012 ,ἱ
919 922 1132 988 causatus
1509 925 1513 932 ·
1695 965 1708 1006 ,

449 1037 617 1106 bletroruu
646 1041 702 1106 alia
732 1054 802 1106 sunt
829 1044 992 1129 simplicia.
1023 1044 1080 1107 alia
1109 1049 1286 1126 composita.
1332 1045 1369 1109 de
1397 1045 1585 1129 simplicibus
1614 1058 1682 1112 ante

361 1153 542 1216 tractemus:
568 1147 599 1207 in
623 1146 735 1228 quibus
750 1148 903 1228 generalia
919 1157 990 1212 sunt
1013 1157 1100 1218 octo,
1121 1146 1159 1209 de
1182 1147 1369 1230 simplicibus
1385 1149 1515 1231 pedibus
1530 1159 1681 1233 quattuor,

262 1251 266 1256 '
312 1325 315 1334 Ι
359 1248 397 1310 de
421 1246 597 1330 compositis
619 1249 746 1312 totidem
771 1259 800 1312 et
822 1252 885 1330 ipsa
909 1250 1058 1332 simplicia
1082 1260 1264 1334 nuncupata.
1310 1271 1347 1314 ex
1370 1251 1487 1334 dactylo
1503 1252 1681 1336 dactylicum

359 1360 488 1415 metrum
512 1349 644 1423 dictum,
669 1372 706 1416 ex
729 1363 891 1434 anapaesto
907 1357 1146 1437 anapaesticum.
1171 1373 1207 1418 ea
1230 1354 1332 1418 iambo
1356 1353 1535 1428 iambicum,
1558 1375 1596 1418 ex
1619 1367 1680 1418 tro·

359 1455 453 1517 chaeo
477 1454 676 1519 trocbaicutn.
721 1456 797 1519 baec
819 1457 940 1538 quidem
963 1455 999 1519 e‘x
1022 1457 1214 1538 simplicibus
1235 1457 1364 1539 pedibus
1386 1461 1551 1522 factasunt
1573 1469 1679 1522 metra.
1696 1474 1718 1514 ιο

251 1615 253 1620 .
297 1625 301 1631 ,
359 1577 395 1620 ex
419 1559 597 1639 compositis
613 1577 692 1631 vero,
716 1579 793 1641 quae
809 1558 947 1622 similiter
970 1568 1065 1622 metra
1087 1561 1235 1642 simplicia
1259 1570 1482 1640 nuncupantur,
1506 1562 1580 1624 baec
1603 1572 1680 1634 sunt.

212 1667 218 1674 '
360 1680 374 1723 a
399 1661 576 1724 choriambo
599 1661 676 1742 pede
699 1660 956 1734 choriambicum,
981 1682 1017 1726 ex
1040 1665 1205 1745 antispasto
1228 1665 1477 1745 antispasticunr,
1501 1683 1538 1726 ex
1562 1661 1681 1727 ionibus

360 1765 511 1834 ionicum,
541 1783 578 1827 ex
606 1762 775 1846 paeonibus
798 1766 986 1846 paeonicum.
1035 1765 1109 1829 lracc
1134 1775 1228 1829 metra
1253 1767 1346 1830 divisa
1369 1785 1425 1848 per
1449 1775 1518 1830 octo
1543 1766 1681 1830 undecim

359 1868 566 1946 reperiuntur.
619 1865 739 1930 additur
769 1867 849 1930 enim
881 1853 1028 1950 dactylico
1056 1869 1178 1950 quidum
1206 1849 1447 1950 spondeadeum,
1483 1868 1561 1932 unde
1592 1874 1679 1932 etiam

298 2011 303 2020 ·
349 1967 438 2050 apud
463 1952 626 2032 Homerum
650 1969 799 2032 invenitur
824 1987 928 2032 versus
951 1972 1091 2060 ornatibus
1113 1971 1256 2054 spondeis
1279 1980 1436 2043 constans,
1694 1985 1717 2028 ¹⁵

563 2066 734 2154 Ἀτρείδης
755 2066 801 2134 τώ
825 2065 859 2134 d'·
878 2059 951 2134 αὖτ’
976 2069 1014 2135 ἐκ
1037 2071 1166 2158 δίφρου
1189 2071 1458 2156 provectioriqu-
1558 2109 1562 2116 ·

360 2176 438 2256 apud
456 2173 637 2256 Vergilium,
661 2175 686 2236 si
711 2194 800 2238 uuam
824 2176 1045 2240 detraxerimus
1061 2176 1205 2258 syllabam
1230 2177 1272 2240 illi
1296 2179 1411 2249 versui,
1436 2178 1582 2241 iaciemus
1593 2198 1680 2260 spon·

359 2278 542 2348 dlazootem,
615 2281 619 2288 '
739 2287 749 2295 ’
1416 2269 1419 2276 ’

521 2418 527 2425 ·
566 2369 747 2475 au't'levis
770 2401 903 2445 ocreas
926 2381 1029 2446 leuto
1053 2385 1196 2446 ducunt
1219 2391 1395 2462 argento,

335 2505 376 2572 ,e
400 2483 500 2548 littera
523 2482 648 2556 sublata,
673 2484 723 2547 ubi
747 2495 793 2548 est
816 2485 928 2567 syllaba
952 2507 1013 2551 cre.
1054 2487 1247 2569 anapaestico
1271 2494 1368 2550 metro
1386 2484 1679 2568 'prrrceleunraticurn
1693 2505 1716 2542 et

360 2586 489 2650 additur.
529 2607 595 2651 narn
613 2591 757 2669 quoniam
774 2587 891 2680 dactylo
915 2599 1094 2672 anapaestus
1111 2589 1279 2654 contrarius
1302 2599 1357 2660 est,
1382 2588 1451 2652 ideo
1475 2589 1680 2671 proceleuma-

192 2706 200 2720 “·
361 2693 452 2754 ticum
470 2689 481 2773 ll
499 2701 628 2753 metrum
646 2711 681 2752 ex
699 2689 841 2754 brevibus
864 2693 1004 2756 omnibus
1021 2703 1160 2756 constans
1176 2702 1282 2755 contra
1305 2693 1531 2774 spaudcadeum
1547 2693 1680 2775 nudique

281 2777 284 2783 ⁴
359 2794 501 2875 longum,
531 2795 611 2876 quod
641 2792 789 2874 dactylico
812 2795 948 2868 additur,
978 2815 1082 2858 secum
1108 2795 1207 2858 habet.
1255 2797 1385 2860 ionicum
1411 2793 1519 2876 duplex
1545 2805 1604 2858 est:
1637 2807 1681 2858 cst

359 2900 441 2960 enirn
464 2917 480 2958 a
505 2899 635 2968 maiore,
660 2908 707 2962 est
729 2918 745 2961 a
769 2899 896 2960 minore.
942 2899 985 2960 sic
1009 2917 1080 2979 ergo
1104 2907 1199 2960 metra
1224 2911 1294 2962 sunt
1309 2897 1460 2980 generalia
1485 2915 1521 2958 ex
1536 2906 1605 2961 octo
1623 2918 1677 2960 un·

360 2999 471 3090 decim,
502 2999 696 3084 dactylicum,
721 2999 961 3083 spondeadeuur,
985 3003 1222 3084 arrupaesticum,
1248 3001 1551 3084 proceleumaticum,
1576 3000 1714 3064 iambi-ro

360 3121 443 3176 cum,
469 3089 669 3176 trochaicum,
695 3102 950 3176 choriambicum,
977 3105 1219 3186 antispaslicum,
1243 3107 1438 3186 paeonicum,
1463 3091 1594 3167 ionicum
1619 3124 1680 3166 nra·

289 3225 296 3236 ··
360 3207 421 3277 ius,
451 3207 582 3270 ionicum
612 3211 722 3270 rnirrus.
769 3206 948 3290 dactylicum
977 3205 1133 3292 metrum}
1180 3207 1277 3271 solum
1307 3205 1496 3288 simplicibus
1525 3207 1679 3271 scanditur

359 3308 504 3387 pedibus,
528 3309 659 3391 dactylo,
683 3309 835 3391 spondeo,
859 3310 1018 3382 trochaeo,
1041 3311 1141 3374 sedin
1158 3314 1320 3375 novissima
1338 3320 1440 3391 parte;
1464 3313 1678 3391 quamvisqui·

360 3413 428 3474 dam
452 3412 628 3475 trochaeum
644 3432 701 3476 nec
725 3416 756 3475 in
773 3413 933 3476 novissima
951 3413 1088 3494 dactylici
1113 3415 1200 3475 metri
1225 3423 1309 3493 parte
1332 3411 1514 3484 comedant,
1539 3415 1678 3494 quoniam

360 3517 523 3588 arctissima
546 3514 657 3596 syllaba
681 3516 711 3576 in
736 3519 820 3578 omui
838 3526 935 3577 aretro
958 3517 1135 3579 iudillereus
1159 3525 1231 3580 est·
1260 3515 1312 3578 sed
1337 3517 1392 3578 hac
1415 3533 1469 3578 sua
1493 3517 1609 3577 ratione
1633 3531 1714 3576 ema

360 3625 438 3680 rant.
484 3617 541 3680 alia
565 3637 636 3700 uero
660 3626 755 3681 metra
779 3636 834 3698 per
855 3618 993 3700 syzygiam
1024 3617 1068 3680 vel
1092 3619 1232 3699 dipodlan
1256 3619 1451 3683 scanduntur.
1496 3615 1615 3699 syzygia
1637 3617 1679 3679 di·

430 3758 460 3806 11
480 3751 610 3823 similiter]
631 3753 782 3822 simpliciter
795 3754 871 3806 ABG
940 3758 971 3806 13
990 3755 1075 3806 diuisa
1095 3770 1141 3822 par
1160 3754 1224 3806 Ulll.
1237 3755 1274 3804 xi
1293 3757 1475 3822 repperiuntur
1494 3756 1519 3807 B
1536 3755 1623 3806 diuisa
1636 3770 1680 3822 per

359 3840 412 3894 llll.
434 3839 469 3890 xt
489 3843 672 3909 repperiuntur
684 3841 733 3892 Ac
804 3842 836 3891 14
854 3835 957 3892 additur
975 3842 1043 3890 euim
1063 3841 1180 3892 dactilico
1194 3841 1299 3904 quidem
1313 3839 1360 3893 AC
1378 3842 1482 3893 additur
1500 3841 1603 3905 quidem
1622 3841 1680 3890 dac-

360 3927 466 3978 tilicoB
535 3927 730 3993 spondeadeum
753 3927 1015 3992 BspomleednmA
1036 3927 1214 3993 spondedeum
1229 3926 1463 3994 Capondoaaoup
1518 3927 1549 3977 to
1569 3922 1679 3990 ΑΤΡΕΙς

340 4081 342 4088 Α
359 4009 477 4066 aecta
488 4008 491 4074 l
503 4009 1046 4066 ΔΑΙΘΕΚΑΙΦΡΟΥΤΟΥΝΑΖΕΕΘΗΝ
1060 4015 1086 4064 Α
1097 4025 1125 4063 ut
1134 4012 1245 4062 atreides
1259 4009 1413 4066 ΤΟΔΛΙΤΕ
1426 4068 1429 4078 ,
1442 4007 1679 4064 ΚΑΙΦΡΟΥΤΟΥ

360 4096 581 4154 ΤΥΕΝΑΖεειειι
604 4100 632 4150 Β.
686 4114 784 4164 praeca
806 4099 885 4149 cerba
908 4115 958 4150 aaa
982 4100 1098 4150 indicata
1122 4103 1214 4149 iaorraa
1236 4106 1388 4150 constanter
1411 4099 1503 4152 omissa
1525 4106 1585 4148 auat
1608 4098 1634 4147 ia
1652 4095 1679 4145 0.

336 4215 338 4222 ι
360 4185 437 4237 Hom.
450 4185 485 4236 Il.
500 4187 524 4238 Α
538 4187 590 4236 130
662 4185 693 4234 li
712 4183 735 4234 si
754 4197 831 4233 unam
850 4183 1038 4234 detraxerimus
1057 4182 1182 4247 syllabam
1201 4184 1237 4233 illi
1257 4185 1342 4235 aaroni
1362 4185 1486 4236 iaciemus
1502 4185 1548 4250 pA
1568 4183 1590 4233 si
1604 4197 1679 4232 unam

360 4270 504 4321 detraxeris
528 4269 653 4334 syllabam
678 4267 714 4317 illi
734 4269 820 4318 uersui
841 4266 905 4318 lacis
925 4267 985 4318 Csi
1005 4283 1081 4318 urtam
1102 4269 1245 4320 detraxeris
1267 4267 1304 4319 illi
1324 4271 1411 4320 uersui
1429 4269 1553 4334 syllabam
1574 4269 1637 4319 lacis
1655 4267 1680 4316 B

396 4355 619 4424 spondsyaoutem
639 4353 665 4404 B
758 4350 1136 4422 ι9ιιιι1ενῑε]νινρ.Αεη.
1160 4354 1218 4404 VII
1237 4357 1291 4404 634
1377 4356 1543 4407 ‘ibelittera
1566 4349 1677 4418 sublata]

360 4439 407 4492 Est
427 4441 508 4493 littera
528 4439 628 4491 sullaba
646 4439 672 4490 B
758 4438 857 4505 syllaba
877 4455 919 4490 cre
934 4457 953 4506 ρ
973 4438 1072 4504 syllaba
1090 4455 1166 4506 greca
1187 4438 1239 4491 AB
1257 4437 1356 4505 syllaba
1375 4456 1451 4507 grece
1470 4440 1533 4491 AO
1617 4439 1722 4488 aaa·'

246 4512 248 4516 ’
323 4528 478 4594 ¹paestico
502 4521 597 4594 metro]
622 4527 788 4591 elipsim
859 4525 1171 4577 alestaminorsom.
1192 4525 1390 4585 arcanea
1460 4523 1682 4590 bisolurapAC

361 4613 426 4664 solis
445 4613 485 4682 B!
559 4613 691 4662 scanditur·
702 4611 798 4662 metris
818 4611 938 4677 pedibus,
962 4613 1011 4662 ted
1028 4611 1112 4663 deleto
1131 4613 1219 4662 metris
1241 4611 1264 4660 B
1351 4614 1385 4664 28
1404 4613 1428 4662 in
1450 4611 1593 4661 nouissima
1610 4623 1681 4676 parte

363 4699 412 4748 Ata
428 4699 454 4748 in
474 4699 619 4750 nouissimo
637 4696 706 4758 loco,
729 4699 778 4748 sed
799 4699 933 4762 adscripto
952 4699 977 4747 r'a
995 4713 1075 4764 morp.
1094 4699 1153 4748 ead.
1171 4711 1330 4766 maa.,parae
1348 4696 1375 4760 Β
1443 4698 1476 4748 ‘29
1494 4695 1680 4761 concedantar

294 4823 297 4830 Δ
361 4783 586 4849 concednatpAC
667 4786 698 4835 31
718 4781 768 4831 alia
787 4797 849 4832 uero
867 4795 947 4832 metra
967 4781 992 4832 B
1011 4781 1060 4832 alia
1079 4796 1158 4832 aretae
1178 4798 1239 4832 rrero
1255 4783 1325 4847 pell]
1405 4782 1596 4848 persyucygia't
1615 4783 1681 4846 (sia-

361 4867 439 4934 cygia
452 4855 486 4931 Cl'
503 4869 542 4918 uel
561 4869 686 4934 dipodiaa
700 4867 748 4919 Ac
766 4883 812 4933 per
827 4861 1010 4920 ΕΙΝΖΥΓΙΑΝ
1033 4867 1071 4916 uel
1085 4865 1261 4920 ΔΙΠΟΔΙΑΝ
1274 4870 1378 4933 praecia
1390 4869 1483 4918 litteris
1495 4867 1679 4950 comtaaterB
