3904 5556
344 340 388 407 34
846 341 953 394 mann
975 341 1165 396 vicennam

371 455 394 498 p.
408 443 467 485 1156.
482 445 535 486 tlte
549 442 573 489 P.
1490 457 1511 500 p.
1525 447 1559 486 41.
1572 445 1599 486 tn
1612 443 1639 487 G.

347 530 440 616 [non]
464 533 541 598 nihil
565 540 665 596 tamen
682 534 820 601 interest,
845 541 911 594 utra
928 551 1030 596 earum
1055 536 1138 616 prior
1161 533 1213 605 sil,
1237 553 1254 596 c
1276 550 1329 595 seu
1353 553 1372 615 q
1395 535 1458 596 sire
1476 535 1505 598 lr.
1537 519 1663 614 quarum

346 647 505 720 utramque
529 636 657 719 exprimi
680 635 829 708 faucibus,
858 634 982 700 alteram
1007 637 1153 707 distento,
1182 636 1307 700 alteram
1330 636 1478 717 producto
1501 637 1578 702 rictu
1601 655 1665 701 ma-

344 741 488 805 nifestum
518 753 574 804 est.
620 741 639 803 b
668 757 787 822 quoque
823 740 903 803 inter
937 739 1052 804 litteras
1085 742 1213 804 otiosam
1247 741 1436 820 grammatici
1465 740 1663 808 tradiderunt.

345 863 472 926 eamque
496 844 709 928 adspirationis
738 853 838 907 notam
862 847 979 908 cunctis
1000 843 1153 908 vocalibus
1176 846 1314 927 praefici,
1343 845 1401 926 ipsi
1429 853 1528 908 autem
1557 862 1664 907 conso·
1769 916 1771 920 ¹

344 959 452 1013 nantes
475 958 589 1013 tantum
613 956 754 1030 quabuor
778 951 939 1030 praeponi,
963 950 1103 1032 quotiens
1125 949 1242 1028 graecis
1257 946 1431 1011 nominibus
1454 947 1544 1012 latina
1567 949 1691 1010 formas

343 1063 408 1124 est,
432 1061 661 1134 persuaserunt,
683 1050 713 1114 id
737 1061 783 1114 est
805 1070 822 1115 c
844 1072 865 1134 p
887 1070 902 1114 r
926 1061 955 1134 t,
978 1063 1011 1116 ut
1033 1053 1119 1116 chori
1134 1051 1247 1136 Phyllis
1267 1050 1413 1114 rhombos
1428 1052 1559 1134 thymos:
1588 1042 1664 1134 quae

345 1157 496 1238 profundo
512 1158 636 1238 spiritu,
654 1154 770 1220 anhelis
785 1155 937 1228 faucibus,
957 1154 1079 1237 exploso
1094 1175 1148 1218 ore
1165 1155 1317 1222 fundetur.
1347 1165 1486 1238 superest
1500 1165 1534 1219 ut
1548 1164 1663 1237 septem
1680 1151 1688 1159 ’

345 1257 477 1344 reliquas
505 1249 672 1323 semisonae
702 1261 809 1343 spiritu
834 1259 963 1340 quodam
991 1269 1161 1341 strepentes
1183 1259 1291 1322 ordine
1314 1255 1477 1342 [quodam]
1501 1276 1665 1339 persequa-

343 1381 421 1427 mur.
467 1383 483 1426 e
507 1365 574 1444 quis
597 1366 610 1426 f
630 1362 761 1428 litteram
784 1365 877 1428 imum
893 1363 1006 1426 labium
1029 1365 1146 1445 superis
1161 1365 1371 1446 imprimentes
1387 1361 1530 1425 dentibus
1552 1361 1662 1425 reflexa

343 1466 379 1530 od
409 1465 500 1550 palati
529 1469 680 1548 fastigium
709 1466 811 1548 lingua
840 1467 900 1530 leni
928 1467 1092 1549 spiramine
1122 1467 1323 1550 proferemus.
1368 1475 1510 1550 sequetur
1532 1465 1558 1534 l.
1587 1484 1664 1545 quae
1679 1487 1704 1526 ιο

343 1570 474 1634 validum
490 1573 593 1634 nescio
615 1571 687 1653 quid
711 1581 826 1651 partem
850 1570 955 1653 palati·
978 1587 1036 1651 qua
1059 1571 1257 1653 primordium
1273 1569 1287 1656 ΙΙ
1303 1569 1443 1634 dentibus
1465 1571 1585 1651 superis
1608 1579 1663 1642 est,

342 1673 446 1753 lingua
475 1674 632 1747 trudente,
662 1674 783 1737 diducto
813 1693 866 1736 ore
888 1672 1075 1757 personabit.
1120 1683 1150 1738 at
1177 1695 1206 1737 m
1236 1676 1392 1758 impressis
1420 1675 1547 1738 inricem
1576 1672 1664 1737 labiis

342 1780 489 1860 mugitum
513 1778 665 1862 quendam
687 1779 766 1840 intra
791 1780 852 1840 oris
875 1795 1000 1859 specum
1023 1781 1158 1842 attractis
1181 1778 1307 1842 naribus
1330 1779 1422 1842 dabit
1468 1797 1488 1840 n
1512 1797 1583 1842 vero
1606 1776 1662 1840 snb

343 1900 479 1945 convexo
502 1881 594 1964 palati
618 1881 719 1963 lingua
741 1881 918 1945 inhaerente
943 1882 1062 1962 gemino
1086 1883 1169 1945 naris
1191 1891 1221 1944 et
1242 1885 1305 1945 oris
1327 1884 1435 1965 spiritu
1451 1879 1660 1963 explicabitur.

342 1997 487 2067 sequetur
510 2004 535 2059 r,
559 2003 637 2067 quae
653 1983 767 2048 vibrato
791 1983 813 2068 †
837 1985 917 2048 vocis
933 1984 1066 2067 palatum
1083 1984 1205 2067 linguae
1221 1986 1336 2067 fastigio
1353 1987 1507 2067 fragorem
1522 1983 1661 2048 tremulis
1676 2001 1701 2043 rs

341 2089 453 2152 ictibus
487 2088 596 2152 reddit.
641 2089 750 2152 dehinc
791 2089 868 2151 duae
897 2107 1072 2170 supremae,
1104 2108 1118 2152 s
1147 2097 1177 2152 et
1203 2107 1236 2160 ιι,
1266 2093 1334 2153 iure
1372 2091 1544 2170 iungentur.
1591 2107 1660 2151 nam

342 2194 440 2256 ricino
469 2194 549 2256 inter
576 2211 610 2255 se
632 2210 743 2256 sonore
766 2200 894 2256 attracto
916 2191 1039 2256 sibilaut
1066 2194 1159 2264 rictu,
1190 2194 1231 2254 ita
1255 2201 1371 2269 nmen,
1401 2196 1428 2256 si
1451 2195 1563 2275 prioris
1584 2193 1662 2254 ictus

340 2315 421 2379 pone
444 2295 551 2359 dentes
574 2297 720 2359 excitatus
749 2295 785 2358 ad
809 2295 940 2358 medium
968 2295 1045 2360 lenis
1067 2297 1212 2376 agitetur,
1243 2299 1398 2380 sequentis
1427 2305 1529 2359 autem
1558 2314 1661 2358 crasso

340 2401 449 2482 spiritu
473 2399 625 2481 bispidum
647 2408 748 2472 sonet,
779 2400 848 2479 quia
872 2417 926 2479 per
950 2401 1196 2463 coadunationem
1220 2420 1237 2464 c
1261 2412 1291 2464 et
1311 2419 1338 2472 s,
1362 2417 1488 2480 quarum
1512 2411 1540 2462 et
1561 2399 1660 2463 locum

341 2504 446 2586 implet
467 2513 498 2567 et
520 2505 579 2565 rim
603 2503 758 2584 exprimit,
783 2512 815 2564 ut
837 2520 930 2565 sensu
952 2505 1070 2566 aurium
1094 2503 1256 2577 ducemur,
1281 2505 1419 2568 efficitur.
1466 2503 1583 2586 zapud
1606 2521 1702 2566 noser

343 2607 493 2680 ultimam,
517 2609 548 2669 in
572 2624 629 2688 qua
653 2625 713 2669 non
736 2623 828 2670 sonus
850 2605 983 2674 litterae.
1006 2606 1059 2669 sed
1084 2605 1259 2671 vocabulum
1283 2616 1313 2671 et
1335 2607 1447 2689 duplex
1469 2607 1582 2688 syllaba
1606 2616 1660 2681 est,

342 2714 460 2790 graecis
487 2721 620 2781 tantum,
650 2729 719 2773 cum
749 2712 779 2773 in
807 2728 895 2773 usum
919 2712 1069 2780 uenerint.
1100 2719 1199 2792 aptam
1230 2693 1369 2782 vocibus,
1404 2720 1438 2773 ut
1466 2729 1483 2792 p
1511 2713 1659 2793 superius,

341 2825 467 2897 propter
489 2817 651 2897 peregrina
674 2811 815 2878 vocabula
840 2815 1032 2896 recipiemus.
1057 2813 1063 2896 Ι

586 3055 635 3120 DE
657 3054 908 3121 stutennnvm
931 3055 1083 3148 hautun
1105 3055 1157 3118 ΕΤ
1179 3053 1400 3120 CONEXIONE

428 3195 488 3258 Sed
513 3203 544 3256 ut
566 3193 603 3257 ad
626 3196 815 3275 propositum
843 3193 931 3256 nohis
953 3193 1090 3266 redeam,
1121 3193 1252 3257 discussa
1281 3194 1449 3256 litterarum
1481 3204 1539 3256 tam
1564 3213 1702 3257 enno-ss

343 3301 466 3362 tiatiooe
496 3317 586 3378 quam
609 3305 776 3380 potestate,
805 3299 885 3380 quod
919 3297 1040 3362 cumulo
1068 3297 1260 3380 plenissimae
1290 3297 1471 3361 eruditionis
1499 3307 1602 3379 aptum
1625 3315 1660 3360 ac

342 3405 548 3466 necessarium
577 3403 745 3483 praeterire
774 3400 938 3464 absurdum
970 3401 1063 3474 foret,
1103 3419 1293 3482 consequens
1322 3403 1379 3487 erit
1413 3399 1450 3463 de
1478 3398 1659 3482 syllabarum

342 3515 448 3569 natura
472 3513 501 3566 et
524 3505 689 3568 conexione
712 3513 842 3567 tractare
859 3506 938 3586 (nam
963 3504 1030 3568 ideo
1046 3506 1127 3569 dicta
1151 3515 1195 3568 est
1211 3503 1341 3588 syllaba,
1367 3504 1446 3586 quod
1464 3521 1480 3564 a
1496 3502 1660 3576 vocalibus,

358 3817 359 3820 Ἴ
411 3750 425 3799 1
451 3761 503 3798 uon
522 3748 615 3798 delenit
632 3745 771 3797 Sentenfua
788 3749 814 3798 in
840 3745 943 3798 Terent.
963 3746 1050 3799 Maur.
1069 3764 1098 3812 p.
1113 3749 1237 3799 dddcoli.
1256 3745 1358 3798 Terent.
1373 3749 1424 3796 209
1474 3746 1659 3826 ¹leuprimis

341 3827 465 3938 illiti
482 3815 587 3950 llil.
611 3813 1374 3951 ...inlitisiiz'tihtiiattuilliniri)
1391 3815 1458 3949 ...i
1472 3815 1658 3939 litiis

342 3955 447 4021 qnando
465 3953 560 4006 choros
581 3953 698 4018 Phyllida
717 3953 839 4004 rlrnmnos
858 3953 947 4019 tbyma
963 3954 1022 4005 dico
1045 3953 1215 4006 Terentianus
1234 3957 1295 4009 221.
1314 3955 1349 4019 es.
1366 3953 1425 4006 Ter.
1439 3953 1527 4004 rlfoor.
1541 3956 1591 4004 788

341 4024 475 4092 aspiritu
498 4022 610 4087 qrrodem
634 4024 806 4089 instrepentes
826 4021 888 4072 ΑΒ
914 4024 1008 4090 spiritu
1038 4037 1143 4088 quoque
1169 4025 1343 4089 instrepentes
1367 4035 1422 4078 ως
1515 4023 1531 4074 9
1555 4023 1659 4088 superis
1739 4061 1743 4065 .

343 4097 368 4146 Α
381 4093 407 4145 Β
429 4093 490 4145 Vel.
517 4090 647 4160 supremis
666 4088 699 4141 a*
718 4105 775 4147 ως
868 4093 900 4143 10
922 4107 975 4156 qun
999 4091 1114 4143 ualidum
1139 4092 1225 4143 neseio
1249 4093 1311 4155 ‹prid
1330 4107 1376 4160 per
1398 4101 1497 4158 partem
1515 4103 1573 4146 ως

343 4165 375 4214 12
393 4163 512 4214 trrrdente
529 4173 581 4216 ως
599 4159 805 4210 trudentesAB
894 4162 926 4212 15
949 4162 1050 4212 uibreto
1069 4162 1221 4224 (bibratoA
1239 4161 1297 4212 Vol.
1324 4161 1424 4211 uibrare
1436 4160 1466 4224 a)
1490 4161 1563 4210 uocis
1586 4159 1661 4227 pela-

342 4245 395 4283 tum
415 4231 521 4297 linguae
543 4229 649 4296 fastigio
668 4227 815 4296 (festigiom
828 4231 853 4281 Α
877 4229 981 4298 frangis
993 4248 1010 4282 a
1026 4232 1085 4282 Vol.
1108 4229 1214 4296 fastigia
1226 4228 1264 4296 B)
1282 4230 1412 4295 fragorem
1431 4229 1546 4279 tremulis
1565 4229 1658 4279 ictibus

342 4302 427 4353 reddit
439 4299 501 4352 AB
525 4299 669 4350 uibretione
689 4299 760 4349 uocis
780 4299 806 4348 in
824 4297 912 4365 peleto
930 4298 1036 4366 linguae
1055 4299 1160 4366 fastigio
1180 4301 1311 4365 fragorem
1330 4297 1445 4350 tremulis
1463 4297 1556 4348 ictibus
1575 4298 1660 4348 reddit

341 4387 363 4420 ω
380 4383 405 4426 ς.
441 4370 525 4420 ιιίΙιιιιι
548 4367 663 4420 tremulis
686 4367 778 4418 ictibus
801 4367 901 4418 aridum
925 4384 1048 4420 sertorem
1076 4367 1128 4420 llus
1151 4385 1219 4432 quae
1241 4369 1356 4432 sequitur
1378 4365 1462 4417 littera
1489 4365 1659 4417 Terentianae

342 4441 405 4491 238.
432 4440 549 4503 sortasse
572 4453 639 4502 qnae
662 4437 761 4486 vibrato
785 4438 852 4488 intra
874 4437 989 4504 palatum
1012 4438 1117 4504 liuguae
1140 4437 1249 4504 fastigio
1272 4437 1402 4503 fragorem
1426 4435 1542 4486 tremulis
1565 4435 1658 4486 ictibus

341 4509 426 4558 reddit
447 4509 486 4560 uel
508 4521 575 4572 quae
598 4506 725 4557 vibratum
753 4506 824 4556 vocis
852 4505 982 4573 fragorem
1004 4507 1120 4558 tremulis
1147 4509 1173 4556 in
1197 4505 1276 4575 peleti
1298 4503 1405 4571 fastigio
1433 4503 1538 4570 linguae
1564 4504 1658 4554 ictibus

342 4577 426 4627 reddit
508 4578 539 4627 17
558 4589 652 4628 sonore
671 4572 732 4625 AB
748 4575 807 4628 Vol.
833 4590 898 4626 sono
917 4574 1015 4632 α*ως
1090 4587 1197 4627 attracto
1216 4585 1393 4632 menecratem
1411 4571 1473 4624 AB
1544 4569 1581 4640 si]
1599 4574 1658 4636 for·

342 4653 411 4698 turre
430 4657 457 4696 ιιι
519 4647 552 4698 18
570 4644 674 4696 excitati
691 4655 742 4699 ως
803 4642 880 4711 lenis]
899 4644 965 4696 leuis
989 4645 1225 4697 Terentianum
1286 4644 1318 4693 lu
1337 4638 1410 4707 quie]
1426 4643 1471 4705 qui
1489 4643 1572 4698 Αως
1591 4657 1658 4705 quae

341 4714 383 4765 B:
400 4716 435 4780 σι’.
459 4714 562 4766 Terent.
580 4717 634 4765 2¹15
703 4713 737 4764 20
761 4725 788 4761 ut
805 4727 911 4764 sensum
929 4717 1029 4764 aurium
1048 4716 1172 4765 ducemur
1190 4713 1248 4765 AB
1270 4723 1298 4763 ut
1316 4727 1395 4761 seusu
1413 4712 1514 4761 aurium
1532 4712 1659 4762 dummoc

341 4795 392 4839 ως
465 4785 498 4835 21
523 4783 613 4834 ultima
632 4780 758 4836 ΑΒως
838 4784 991 4833 vocabulum
1015 4797 1040 4834 et
1061 4785 1159 4851 duplam
1182 4796 1207 4834 ot
1229 4781 1328 4846 syllaba
1351 4779 1503 4831 artemiam
1527 4780 1657 4844 delites.

342 4853 435 4904 Plttot.
456 4855 524 4903 1859
541 4870 568 4919 p.
589 4856 651 4917 315,
675 4859 703 4902 ul
721 4851 746 4900 di
765 4867 815 4914 pro
834 4867 846 4900 z
865 4855 975 4916 punition
992 4855 1190 4918 significaretur.
1218 4855 1289 4901 irmno
1313 4865 1401 4902 nomen
1418 4851 1523 4900 litterae
1542 4861 1599 4900 zeto
1617 4851 1658 4901 (Ιί-

340 4922 463 4988 eptimam
480 4923 625 4974 uocabulum
644 4936 700 4972 ease
718 4923 814 4971 dicitur
895 4922 928 4971 22
951 4935 1012 4988 opta
1031 4923 1092 4973 AB
1104 4934 1155 4977 ως
1236 4922 1269 4971 16
1292 4916 1375 4985 quud]
1396 4935 1446 4982 que
1465 4918 1490 4968 B
1527 4941 1529 4944 ·
