3906 5564
335 335 397 401 124
832 333 940 384 tinuit
957 333 1150 386 vtc't'offlrtt

359 451 380 494 p.
393 439 446 481 soso
460 437 482 478 c.
1459 450 1480 492 p.
1496 438 1586 480 teo-se
1599 437 1625 481 u.

419 527 552 592 Dimetro
580 536 680 614 autem
707 526 898 605 anapaestico
928 525 1102 588 catalectico
1135 526 1196 588 sive
1233 523 1327 588 heroo
1363 526 1592 608 peutltemiuroci
1626 529 1651 590 si

334 632 479 714 phalaecii
502 629 606 701 calon,
631 629 730 719 idest
752 639 868 710 partem
893 647 910 690 e
933 627 1029 692 tribus
1045 626 1057 712 b
1074 628 1238 700 trochaeis,
1262 647 1315 691 seu
1338 633 1475 713 syzygian
1500 633 1575 702 eius,
1598 631 1650 694 ad·

333 739 482 807 iunxecis,
514 733 723 818 prosodiacum
753 743 882 795 metrum
911 733 1037 805 efficies,
1073 732 1152 815 quod
1186 751 1308 814 semper
1337 753 1353 794 a
1381 733 1526 814 disyllabo
1555 734 1650 819 quoli-

333 840 477 905 betrui

582 941 642 1004 heu
666 942 725 1005 heu
750 940 819 1004 date
841 959 921 1004 nunc
943 943 1061 1006 sonitus
1084 947 1107 1026 †
1130 942 1199 1006 date
1223 938 1300 1004 bella
1324 940 1394 1004 tela.
1665 965 1679 1005 s

333 1053 405 1113 item
429 1067 466 1112 ex
490 1046 598 1119 heroo,

659 1150 790 1212 carmina
815 1149 939 1232 pulchra
964 1149 1038 1214 mihi
1061 1170 1080 1213 o
1104 1148 1174 1213 boni
1197 1150 1325 1214 sodales.

418 1255 542 1321 Accedit
564 1255 611 1320 his
633 1255 723 1317 etiam
745 1251 795 1316 illa
812 1255 1071 1337 anapaesticornm
1093 1257 1211 1336 species
1234 1255 1272 1317 de
1288 1255 1371 1318 toute
1394 1255 1532 1338 dactylici
1549 1273 1653 1330 vemyrs

334 1363 456 1424 veniens
485 1369 553 1442 apta
581 1358 743 1422 admodum
773 1359 911 1427 comicis,
943 1375 1020 1437 quiae
1043 1359 1264 1440 aristophanios
1294 1370 1466 1441 nuactrpata
1498 1369 1557 1430 est,
1592 1379 1651 1422 non

333 1467 402 1548 qrnia
426 1463 562 1527 conditor
586 1463 651 1527 circs
670 1462 884 1544 Aristophanes
906 1461 961 1524 init
985 1462 1063 1539 (narn
1086 1470 1117 1525 et
1131 1460 1295 1543 Aeschylus
1315 1472 1346 1525 ct
1361 1464 1511 1532 Cratinus,
1535 1465 1693 1545 prisonem

333 1567 508 1633 comoediae
537 1568 682 1648 scriptor,
713 1585 746 1628 ea
770 1568 815 1628 usi
839 1565 927 1646 sunt),
950 1564 1003 1626 sed
1029 1567 1098 1646 quia
1122 1564 1268 1646 plurimus
1290 1567 1320 1629 in
1344 1567 1401 1629 hoc
1426 1576 1522 1630 metro
1538 1569 1651 1631 Aristo·

332 1672 447 1754 phanes
470 1673 630 1734 invenitur.
675 1671 760 1733 onius
788 1670 906 1750 species
935 1668 1061 1750 duplex,
1097 1671 1239 1752 paeonica
1274 1679 1304 1733 et
1336 1673 1536 1753 anapaestico.
1583 1691 1651 1734 nam

334 1795 437 1840 versus
466 1775 689 1857 aristophauins
712 1773 875 1856 panonicos
897 1781 1016 1835 coastat
1031 1791 1047 1834 e
1064 1772 1160 1836 tribus
1177 1775 1282 1855 primis
1300 1773 1466 1856 paeonibus
1489 1785 1517 1839 et
1535 1776 1651 1859 amphi-

334 1900 451 1952 macro,
476 1889 509 1944 ut
531 1889 577 1942 est

625 1983 683 2045 iarn
706 1981 826 2044 Tiberis
849 1978 1027 2060 implacidus
1049 1983 1080 2041 iu
1104 1983 1197 2043 ruaria
1221 1979 1346 2054 labitur,
1462 1967 1466 1974 ’
1668 2003 1711 2042 rs-

1579 2042 1586 2070 Ι

333 2092 404 2152 item

694 2190 815 2270 egregia
839 2187 988 2270 percoluit
1009 2190 1129 2268 ingenia
1154 2192 1278 2251 musice.

333 2297 445 2380 qrribus
467 2299 492 2358 si
515 2294 633 2359 ultimas
662 2291 768 2357 breves
791 2309 942 2374 paeonum
965 2287 1120 2368 detrahas,
1151 2293 1212 2355 erit
1240 2297 1339 2357 omnis
1367 2293 1531 2377 dactylicus
1561 2303 1653 2358 tetra·

331 2411 456 2465 metcus.
502 2398 708 2479 anapaesticus
741 2404 858 2460 constat
890 2397 1059 2476 anapaestis
1092 2405 1208 2478 septem
1244 2407 1274 2460 et
1306 2398 1474 2481 semipede,
1516 2402 1567 2481 qui
1607 2409 1654 2462 est

333 2503 516 2574 octonarius,
545 2501 625 2566 velut
681 2563 683 2569 Α
1668 2529 1695 2570 20

464 2607 541 2670 alius
563 2606 679 2669 cithara
703 2605 861 2687 sonituque
884 2613 992 2686 potens
1014 2603 1153 2668 volucres
1175 2604 1367 2688 pecudesque
1393 2625 1522 2670 monere.

334 2715 420 2779 culus
450 2713 535 2792 origo
564 2709 631 2773 talis
655 2720 713 2774 est:
749 2709 846 2771 omnis
876 2726 929 2788 pes
959 2709 991 2772 in
1020 2709 1196 2771 hexametro
1225 2709 1320 2772 heroo
1349 2711 1478 2791 primam
1508 2710 1653 2794 syllabam

334 2818 454 2899 longam
472 2814 582 2878 habeat
597 2831 721 2876 necesse
737 2822 783 2875 est
805 2820 836 2875 et
857 2813 883 2874 is
905 2829 1010 2875 sersus
1025 2813 1064 2875 sit
1087 2813 1197 2894 pedum
1221 2832 1282 2875 seu.-
1317 2813 1537 2895 aristophanius
1553 2824 1653 2878 autem

334 2923 401 3006 quia
425 2928 540 3004 septem
563 2915 694 3000 pedibus
717 2926 747 2979 et
768 2915 923 2998 semipede
952 2913 1101 2988 subsistit,
1131 2917 1301 2979 cocomario
1324 2916 1516 2996 adiungimus
1532 2915 1543 3000 b
1560 2917 1654 2982 heroo

334 3023 562 3108 sesquipedem,
592 3023 631 3082 ita
660 3030 693 3084 ut
715 3019 745 3083 in
769 3020 918 3102 principio
947 3038 1052 3082 sersus
1080 3018 1224 3101 syllabam
1253 3019 1372 3100 longam
1402 3017 1552 3093 locemus,
1583 3033 1695 3086 tuncss

334 3131 482 3200 maxime,
512 3128 537 3190 si
559 3125 590 3187 in
615 3143 651 3186 co
674 3143 762 3188 uersu
786 3124 878 3185 luerit
900 3124 1016 3205 primus
1039 3121 1184 3206 dactylus.
1231 3123 1292 3206 hac¹
1315 3123 1393 3186 enim
1418 3124 1518 3186 addita
1540 3124 1653 3212 syllaba

335 3235 434 3296 omnis
449 3230 534 3294 heroi
549 3229 636 3292 aretcl
651 3230 728 3291 ratio
744 3226 992 3291 commutabitur:
1010 3245 1079 3289 nam
1096 3245 1131 3290 ex
1148 3226 1265 3308 dactylo
1281 3245 1336 3308 per
1352 3227 1551 3290 adiectionem
1564 3229 1654 3290 semi-

335 3337 420 3423 pedis
435 3337 487 3399 flet
502 3331 665 3416 spondeus,
689 3331 799 3395 dehinc
821 3350 898 3414 cyuae
914 3339 1081 3413 sequuntur
1098 3330 1175 3394 duae
1192 3331 1299 3395 breves
1319 3333 1487 3411 proximum
1510 3331 1653 3414 syllabam

403 3561 420 3613 8
440 3558 545 3610 Accedit
562 3584 594 3595 -
615 3557 673 3617 125,
686 3559 719 3609 20
743 3571 837 3608 cartoro
856 3560 946 3623 pm,
961 3559 1003 3610 28.
1023 3559 1064 3620 97,
1080 3558 1116 3608 tt
1135 3557 1199 3610 Atti.
1218 3555 1326 3609 Fortun.
1347 3559 1415 3608 totu
1488 3561 1519 3610 15
1542 3559 1592 3608 ium
1611 3556 1654 3608 Tt-

335 3622 404 3682 heris
422 3647 450 3696 p.
468 3631 515 3689 53,
529 3630 553 3679 9.
574 3629 683 3689 129st

338 3750 544 3762 ———-—¹

406 3822 418 3870 1
444 3817 654 3886 penthemimeris
678 3816 815 3884 apheletici
835 3819 859 3868 Α
874 3817 899 3868 Β
922 3817 1132 3885 penthemimeris
1151 3818 1174 3867 si
1193 3815 1319 3883 plmlnecii
1340 3829 1356 3872 ς
1444 3819 1459 3866 ⁸2
1483 3817 1609 3882 syzyginn
1630 3821 1655 3869 ,t

334 3890 471 3956 syzygiam
491 3885 546 3943 ςΒ
624 3889 639 3936 3
659 3886 840 3952 prosodiacum
860 3886 1025 3938 Canterarr'ur
1044 3887 1292 3955 prosodipodiacum
1312 3883 1375 3936 ΑΒ
1399 3887 1619 3952 prosopodiucum
1639 3901 1656 3944 ς

403 3957 474 4022 quod
493 3971 599 4023 semper
617 3971 633 4006 a
650 3955 779 4020 disyllabo
798 3955 912 4020 ‹prolibet
930 3955 1064 4008 inchoatur
1083 3970 1111 4006 m
1130 3955 1301 4008 Camerarius.
1326 3955 1418 4005 danae
1437 3953 1598 4006 scribendum
1616 3965 1656 4007 ert

334 4029 383 4080 heu
402 4027 453 4078 hen
472 4025 531 4077 date
551 4040 618 4075 truite
636 4026 747 4082 sortitus,
767 4038 856 4092 pacate
875 4025 940 4076 helia
959 4026 1019 4076 tela.
1050 4032 1191 4091 practerea
1213 4031 1297 4076 autem
1315 4039 1361 4074 seu
1384 4023 1512 4090 syzygias
1532 4027 1588 4075 cius
1607 4027 1654 4077 ud-

333 4101 435 4165 scriptu
457 4112 515 4149 eece
537 4096 664 4153 videntur,
686 4101 822 4161 postpauca
845 4109 1004 4162 proparate
1026 4097 1150 4160 complura
1172 4102 1231 4145 erat
1253 4095 1321 4155 date,
1345 4101 1371 4142 ut
1394 4109 1483 4144 uererer
1500 4096 1656 4158 corapositus

273 4204 275 4210 -
334 4183 391 4219 erre
413 4167 547 4218 atcerenr
570 4181 605 4216 ea:
628 4165 736 4215 dimetro
759 4167 929 4230 anapaestico
951 4166 1103 4215 catalectico
1127 4165 1154 4214 in
1177 4163 1326 4228 disyllabum
1345 4169 1370 4212 et
1388 4165 1495 4228 rpzppia
1513 4164 1655 4215 trochaica.

340 4239 488 4288 Victorinus
506 4237 571 4285 enirn
594 4236 659 4285 duan
681 4235 756 4283 metri
773 4234 926 4299 prosodiaci
945 4235 1045 4294 formas
1063 4235 1157 4298 posuit,
1177 4236 1285 4283 alteram
1306 4248 1342 4282 εκ
1360 4233 1468 4282 dimetro
1486 4233 1655 4296 ancrpuestico

335 4307 486 4356 catalectico
506 4305 532 4354 in
550 4303 672 4368 syllabam
691 4320 707 4352 a
726 4301 853 4368 disyllabo
871 4303 983 4369 quolibet
1002 4305 1140 4368 incipiente
1158 4310 1185 4354 et
1202 4301 1376 4368 ithpphallico‚
1395 4304 1503 4352 alteram
1521 4317 1558 4352 ex
1574 4301 1655 4353 heroo

334 4373 531 4440 penthemimere
549 4368 575 4422 'et
593 4371 758 4438 ithyphallico
776 4374 949 4437 crrrrtporitam.
978 4373 1048 4435 quod
1067 4387 1170 4436 semper
1188 4387 1202 4420 e
1219 4369 1347 4434 disyllabo
1363 4371 1478 4432 utrolibet
1489 4371 1656 4438 conrponituc

335 4445 375 4496 oet
392 4452 495 4492 constet
517 4444 626 4492 coniecit
645 4441 799 4492 littscheliue
821 4456 909 4506 opusc.
928 4441 1017 4506 philol.
1038 4441 1055 4490 I
1070 4458 1098 4505 p.
1119 4443 1170 4491 286
1191 4442 1248 4491 coll.
1265 4439 1343 4491 schol.
1364 4439 1499 4504 Aristoph.
1518 4439 1576 4494 nub.
1594 4443 1654 4496 651,

335 4521 363 4564 ut
384 4514 460 4578 prior
477 4526 567 4562 uersus
589 4526 653 4576 pare
672 4527 707 4560 ea
728 4511 845 4574 spondeo
867 4511 1002 4575 pyrrichio
1028 4509 1149 4561 trochaeo
1172 4509 1253 4560 iambo
1272 4508 1428 4572 compositae
1448 4523 1505 4559 cere
1523 4510 1656 4559 diceretur

325 4575 335 4590 “
405 4581 507 4644 bq'nae
524 4577 764 4646 aristophnniusB
854 4581 885 4631 10
904 4575 1106 4646 Aristophanes]
1126 4573 1409 4646 aristopirnneos'AB
1495 4575 1653 4644 Aeschylus]

337 4649 445 4716 Eupolis
460 4648 634 4712 Gaiesordine.
658 4649 693 4712 cf.
711 4665 738 4714 p.
759 4653 827 4710 76,1
901 4651 931 4700 11
951 4652 1081 4716 scripto.e
1099 4648 1172 4698 c.usi
1192 4649 1299 4698 Acorr.
1319 4645 1460 4708 scriptorec
1478 4643 1525 4708 (un
1543 4647 1656 4714 scripto-

336 4719 412 4783 rest)
430 4721 471 4770 usi
491 4736 507 4769 a
525 4717 654 4784 scriptore
672 4721 711 4769 nsi
730 4717 755 4768 B
777 4719 888 4768 scribtor
907 4733 936 4769 ea
956 4720 995 4768 usi
1019 4717 1077 4768 Vnt.
1097 4718 1237 4783 scriptores
1258 4731 1287 4765 ca
1304 4714 1345 4763 uei
1365 4726 1382 4770 ς
1461 4717 1493 4766 lb
1516 4730 1555 4766 em
1575 4715 1656 4782 pinet.

337 4791 386 4840 due
406 4790 431 4841 A
456 4803 487 4838 en
508 4787 625 4854 placidus
645 4785 700 4842 §B
788 4787 819 4838 ts
838 4787 947 4838 dactilus
966 4785 992 4836 B
1081 4790 1112 4838 19
1131 4779 1291 4852 anapaestis]
1311 4783 1485 4850 artapersticis
1506 4783 1569 4835 AB

337 4860 370 4909 2³
389 4871 413 4908 et
432 4857 471 4908 his
491 4873 583 4907 auersus
603 4856 667 4907 AB
685 4855 905 4912 ethicuersusc
975 4855 1169 4921 aristophanius
1189 4867 1206 4911 ς
1224 4850 1404 4918 aristophanes
1425 4852 1485 4905 att
1555 4855 1588 4904 ts
1608 4854 1656 4904 hae

338 4927 404 4977 cuim
424 4927 489 4977 intcr
507 4925 592 4975 addita
613 4933 744 4991 caprcnclo
763 4926 829 4974 iuter
848 4927 872 4976 A
943 4925 976 4976 ‘ts
995 4924 1142 4990 semipedes
1161 4939 1231 4974 corr.
1249 4924 1285 4972 -is
1306 4923 1334 4971 A·
