3866 5562
197 475 199 480 ,
450 364 561 484 costa.
585 406 623 482 su
647 397 766 454 aaran
791 407 942 461 renarra.
966 375 1072 454 ae-aow
1092 408 1140 457 ns
1164 411 1249 460 svnt.
1275 411 1381 480 osan.
1406 359 1431 458 ιι
1472 392 1474 396 ’
1530 395 1595 462 565

273 491 399 540 plllSP.
1283 541 1290 546 ,
1412 498 1589 548 nmmo.

359 579 530 642 Mansuram
559 599 625 644 esse
659 584 689 644 in
726 580 835 646 tabulis
867 580 939 664 [hoe
970 594 1016 647 est
1045 566 1178 666 metron]
1209 585 1345 649 Terentii
1375 595 1405 648 et
1434 588 1530 651 Plauti
1565 595 1595 648 et

272 690 444 748 ceterorum
464 683 650 746 comicorum
675 695 704 746 et
720 687 905 764 tragicorum
918 683 1035 748 dieunt
1052 687 1094 759 iri,
1118 687 1232 760 Cicero,
1250 689 1392 762 Scaurus,
1411 691 1595 762 Firmianus,
1673 749 1674 754 ,

272 781 376 850 Vas-,ro
402 783 583 856 Victorinus,
609 786 729 850 Caesius
752 785 874 858 Bassus,
898 772 1110 865 Terentianus,
1136 789 1454 873 Caeciliuslll'index,
1486 794 1592 868 Cinna,
1616 837 1626 844 -

219 886 227 899 ’
235 883 409 958 Sisenna,
440 886 624 958 Diomedes..
638 887 780 960 Albinus,
811 890 1032 986 Quintilianus,
1057 892 1211 974 Sosipater
1240 893 1408 963 Charisius,
1440 894 1592 967 Helenius,
1645 957 1648 962 ,

243 989 377 1069 sasper,
401 987 446 1050 Fi.
471 987 578 1070 Caper,
602 992 773 1064 Arruntius,
797 991 924 1063 Probus,
954 992 1079 1066 Plinius,
1109 994 1287 1066 Euanthius,
1318 995 1465 1060 Sacerdos
1489 1001 1540 1078 qui
1564 1009 1593 1061 et

272 1073 416 1162 Donatus,
440 1089 525 1155 luba.

425 1191 505 1256 Haec
525 1185 586 1286 'ego
610 1196 733 1260 Rufinus
756 1191 865 1278 collegi
890 1173 991 1263 mente
1015 1199 1145 1280 benigna

345 1340 355 1350 .
425 1295 643 1378 discipulisque
667 1299 738 1364 dedi
763 1320 887 1364 munera
911 1300 1038 1383 pulchra
1062 1301 1170 1367 libens.

347 1715 480 1796 'Versus
496 1734 597 1798 Rufini
614 1735 646 1794 ll.
664 1733 695 1795 C.
712 1732 890 1796 Dtteratoris
913 1733 951 1795 de
968 1736 1187 1815 conpositione
1203 1735 1285 1798 etde
1303 1738 1409 1799 metris
1424 1749 1591 1802 oratorum.
1609 1772 1611 1775 ·

232 1860 256 1902 ro
314 1899 317 1904 ,
373 1833 378 1838 ’
419 1837 600 1920 dlusigenae
622 1854 766 1899 numeros
790 1847 872 1900 rates
896 1847 927 1898 et
948 1827 1222 1918 metrasecuntur,
1260 1847 1267 1854 ·
1316 1917 1317 1920 ¹
1620 1837 1624 1842 '

408 1923 527 2002 ¹orator
550 1929 706 2002 numeros:
732 1939 806 2002 baec
829 1937 873 2002 illi
897 1922 1026 2001 maxima
1050 1943 1153 2012 virtus,

416 2031 465 2104 ⁴nc
488 2061 582 2122 vagus
604 2041 739 2105 errando
757 2041 938 2105 laudandam
963 2044 1083 2105 nesciat.
1101 2055 1208 2106 artem.
1296 2061 1298 2064 ·
1370 2029 1377 2040 “

467 2145 617 2208 llbetoras
640 2148 789 2209 Ausonios
814 2153 843 2208 et
866 2146 972 2210 Graios
995 2145 1129 2227 dactylus
1152 2153 1258 2209 armat.
1359 2137 1373 2148 ”

423 2231 562 2331 dactylus
585 2251 711 2311 armarit
734 2248 924 2322 Ciceronem,
948 2252 1076 2310 armarit
1099 2247 1217 2310 iambus

372 2351 379 2362 ‘
421 2351 637 2434 spondeosque
654 2335 759 2432 'gravis
783 2335 1000 2433 numeroque†
1023 2353 1179 2432 aptissime
1203 2370 1308 2432 paean,

363 2465 367 2468 '
410 2451 671 2536 ¹temporibusque
695 2471 794 2534 pares,
812 2458 957 2536 'quamvis
981 2463 1012 2518 et
1033 2453 1145 2536 syllaba
1169 2464 1296 2517 crescat.

386 2619 393 2626 .,
422 2559 582 2621 continuos
604 2559 701 2638 fugito
724 2547 833 2620 multos
855 2593 899 2604 —
921 2560 955 2621 tlt
977 2577 1082 2622 versus
1104 2591 1147 2604 —
1170 2559 1302 2620 eosdem.
1354 2549 1355 2554 ’
1384 2609 1388 2616 .

414 2645 417 2648 ¹
465 2660 603 2742 Optimus
626 2670 729 2723 orator
753 2665 891 2743 sequitur
913 2665 1032 2724 ratione
1056 2671 1175 2764 poetas:

421 2774 569 2844 cognatus
592 2765 701 2826 virtute
724 2747 778 2825 sua
802 2774 991 2846 metrumque
1016 2759 1159 2826 recusans
1251 2833 1260 2844 p

227 2889 253 2933 ao
353 2853 358 2858 ⁵
422 2866 471 2928 bic
494 2863 615 2949 quoque
640 2865 703 2930 vult
726 2869 863 2929 numeris
886 2885 974 2975 rocas
997 2868 1117 2929 frenare
1141 2876 1293 2952 ragentes.
1359 2883 1362 2890 ’

301 2963 426 3032 ltem
450 2971 506 3043 sic,

371 3073 533 3136 Doctus
555 3073 731 3137 Aristoteles
753 3092 900 3154 paeonem
923 3073 1024 3136 laudat
1047 3083 1224 3156 utrumque:
1287 3093 1297 3100 ·

406 3194 438 3243 ¹a
462 3175 552 3256 longa
575 3175 725 3257 incipiens
747 3177 926 3258 primordia,
939 3177 1064 3258 pulchra
1089 3176 1208 3245 locabit,

336 3387 367 3436 16
386 3381 600 3450 temporibusque
614 3398 644 3448 p.
663 3377 723 3443 5⁷6,
742 3387 759 3434 4
817 3457 824 3464 „
845 3447 848 3452 Ι

337 3576 350 3625 l
370 3574 419 3626 boc
432 3586 471 3624 eat
484 3583 583 3622 metron
600 3579 693 3636 postea
707 3571 844 3637 adscripto
860 3587 917 3624 ease
934 3574 997 3624 uidit
1015 3571 1133 3624 Osaanus
1144 3571 1231 3630 Beitr.
1244 3592 1268 3626 z.
1278 3577 1376 3642 priene.
1395 3593 1418 3627 u.
1430 3592 1509 3629 roan.
1523 3576 1588 3630 tht.
1627 3579 1629 3586 ’

264 3659 446 3727 seipsae
516 3656 598 3725 plauti
616 3656 841 3709 accelerarumB
910 3649 1368 3726 3caeciliirslceeiliusB)'uindex
1387 3663 1462 3712 oirrna
1481 3664 1588 3714 sisenna

267 3743 344 3796 Aba
363 3748 426 3798 Aee.
445 3743 548 3796 Caelius
568 3743 679 3796 Sisenna
702 3744 767 3795 Vera.
786 3743 913 3795 Caecilius
927 3744 1040 3805 Vindex,
1060 3743 1169 3794 Sisenna
1184 3745 1266 3796 Cinna
1280 3748 1341 3799 ΑΜ.
1361 3747 1510 3798 Caesellium
1527 3751 1588 3800 Via·
1692 3749 1700 3757 ”

173 3899 180 3904 .
263 3832 346 3882 dicem
364 3831 417 3882 dici
433 3831 622 3882 adnotaverant
642 3828 759 3880 Oceanus
776 3833 835 3898 lac,
855 3837 880 3880 et
900 3829 1051 3881 Illtacbela'os
1068 3845 1177 3896 parere.
1196 3831 1281 3880 Plorat.
1300 3848 1326 3896 p.
1344 3834 1402 3886 360.
1438 3835 1471 3884 cle
1488 3837 1587 3885 nornine

265 3926 349 3968 tarsen
372 3931 466 3968 errare
487 3919 571 3981 potuit
591 3919 781 3981 prmnmoticua.
824 3915 921 3967 Cinnae
944 3931 1034 3967 nornen
1056 3917 1150 3966 delevit
1172 3915 1326 3967 Ritsrlrelias
1430 3917 1586 3969 t-llalenius

166 4024 172 4033 ·
267 4003 418 4053 llitscbelt'us
437 4000 543 4052 helenus
562 4001 658 4056 Anas
727 4001 788 4053 an.
808 4016 886 4069 caper
905 4001 982 4080 aaa
1001 4001 1139 4057 Flauianus
1159 3999 1241 4068 Caper
1261 4013 1277 4056 ς
1297 4002 1400 4054 Flaccina
1421 4001 1504 4069 Caper
1522 4006 1584 4059 Aac,

266 4140 401 4192 Putandius
454 4117 620 4202 [arruntius
638 4137 716 4190 ABR
734 4141 896 4196 brantin'ss
968 4139 1120 4189 ¹etsantlrins
1135 4140 1163 4189 at
1183 4133 1304 4190 edantins
1323 4139 1349 4189 B
1372 4097 1516 4191 eudlinsll
1562 4124 1566 4128 ’

265 4225 393 4278 Sacerdos
412 4226 456 4289 qni
476 4237 501 4273 et
519 4221 636 4274 Donatus
656 4225 719 4279 Aac.
740 4227 800 4277 Atel.
823 4225 1075 4291 codes-Vossianus
1094 4227 1177 4280 324
1201 4225 1322 4276 sacerdos
1347 4227 1391 4292 qni
1415 4238 1439 4275 et
1463 4226 1583 4276 domatus

265 4311 318 4364 AB
337 4310 461 4364 sacerdos
481 4321 506 4359 et
523 4311 634 4360 donams
655 4309 677 4360 ll
696 4309 823 4361 Sacerdos
842 4311 914 4373 qnod
937 4311 1013 4360 etiam
1037 4311 1125 4362 docuit
1142 4309 1258 4361 Donatus
1286 4310 1351 4362 Vsa.
1372 4309 1515 4371 Sacerdos,
1539 4313 1583 4377 qni

264 4409 290 4449 et
307 4397 417 4460 Plotius,
435 4394 552 4446 Donatus
570 4395 733 4447 denebertus.
753 4394 927 4461 ‘probabilius
945 4398 1045 4447 uidetur
1063 4395 1216 4448 Sacerdotis
1234 4395 1324 4448 librum
1343 4413 1360 4447 a
1377 4413 1428 4448 nora
1447 4399 1521 4466 nullis
1539 4413 1584 4449 no-

264 4487 330 4536 arine
348 4483 448 4536 Donate
464 4483 615 4547 inscriptum
632 4481 723 4544 fuisse.
763 4483 967 4535 commentarium
986 4483 1084 4534 Donati
1101 4483 1133 4534 de
1150 4481 1260 4549 pedibus
1278 4485 1403 4534 oratoriis
1421 4489 1446 4534 et
1464 4485 1495 4534 de
1513 4491 1583 4534 strn-

264 4571 346 4620 oturis
362 4567 497 4634 esraa-pouit
514 4566 619 4632 Rufinus
640 4583 667 4632 p.
686 4571 746 4631 577,
772 4570 795 4616 1.
838 4568 934 4620 Donati
956 4575 983 4619 et
1005 4567 1259 4620 Sacerdottstteros
1281 4570 1455 4620 coniunxerat
1479 4569 1582 4620 Cassio-

265 4656 396 4720 dorusde
415 4653 531 4719 ortdopr.
549 4669 576 4718 p.
596 4655 672 4710 22⁷5,
692 4655 724 4704 de
742 4669 846 4718 proram.
866 4669 894 4719 p.
912 4655 990 4705 2323
1080 4655 1112 4704 10
1129 4651 1281 4719 llusigenae
1299 4651 1372 4720 sqq.]
1391 4653 1443 4704 dte.
1463 4655 1495 4704 de
1514 4663 1582 4708 orat.

265 4739 318 4791 111
336 4743 379 4798 u,
399 4741 457 4792 175.
496 4737 568 4790 Orat.
587 4741 630 4801 57,
650 4739 760 4804 mas.
777 4755 805 4808 p.
824 4741 884 4797 572,
904 4743 939 4790 at
1020 4739 1050 4790 te
1068 4753 1151 4805 paean
1175 4739 1282 4805 Apeon
1301 4737 1335 4790 Β.
1368 4739 1486 4802 fortasse
1504 4751 1581 4805 aptus

265 4839 371 4889 qnoque
388 4839 480 4892 paean.
513 4831 657 4890 praetereo
674 4827 786 4875 creticus
805 4833 831 4875 et
850 4825 994 4888 trochaeus,
1018 4827 1062 4892 qai
1078 4826 1150 4890 infra
1167 4841 1194 4890 p.
1213 4827 1271 4883 566,
1290 4827 1324 4875 22
1347 4817 1580 4885 conanentorontur,

265 4907 428 4963 amississet
499 4912 529 4962 l'l
550 4911 622 4977 ligito
642 4917 667 4963 et
686 4913 710 4962 in
729 4927 809 4978 rnorp.
829 4910 911 4976 largito
932 4913 956 4962 A
