3850 5560
877 1251 898 1328 1

315 1444 496 1524 Fragmenta
521 1443 558 1506 de
581 1445 697 1506 musica
728 1443 818 1506 etde
849 1446 971 1516 metris,
1003 1461 1080 1525 quae
1108 1443 1181 1506 olim
1205 1443 1373 1507 Censorino
1402 1437 1554 1529 adscripta

232 1531 423 1622 terebantur,
448 1547 604 1631 desumpta
628 1558 699 1610 sunt
722 1565 757 1610 ex
783 1549 933 1630 excerptis
949 1547 1020 1612 libri
1044 1547 1201 1612 cuiusdam
1225 1547 1262 1610 de
1279 1547 1455 1630 disciplinis,
1480 1569 1556 1634 quaa
1586 1580 1593 1587 ·
1619 1615 1621 1621 s

234 1660 304 1736 post
335 1651 496 1727 Censorini
529 1651 641 1715 librum
677 1652 715 1715 de
743 1653 791 1718 dic
820 1654 913 1718 natali
947 1652 976 1714 in
1005 1650 1092 1715 libris
1126 1669 1217 1714 manu
1251 1653 1373 1734 seriptis
1406 1651 1565 1734 leguntur.-

233 1756 344 1820 horutn
379 1756 609 1839 antiquissimus
643 1765 689 1819 est
722 1756 981 1828 coloniensis,
1018 1755 1089 1819 olim
1128 1754 1397 1829 Darmstadiensis,
1430 1759 1559 1841 septimo
1590 1789 1594 1794 ·
1696 1777 1701 1782 ·

133 1938 138 1944 ι
234 1859 521 1951 saeculoseriptus,
546 1877 637 1940 quem
662 1857 825 1942 descripsit
847 1860 1014 1925 Urllcbsius
1043 1862 1074 1924 in
1099 1858 1258 1923 annalibus
1287 1858 1478 1943 philologieis
1501 1861 1560 1924 lios
1673 1883 1677 1890 ·

234 1983 259 2026 r.
278 1961 304 2026 ll
320 1959 435 2028 arsen
451 1963 480 2044 p.
496 1957 565 2030 456
578 1979 644 2046 sqq.
683 1962 721 2026 ab
744 1961 802 2026 boe
825 1967 982 2047 proximus
1005 1970 1052 2026 est
1073 1963 1280 2027 Vaticanus
1302 1964 1559 2028 decimosaeeulo
1644 2017 1647 2024 .
1680 1947 1700 2018 s

232 2070 374 2150 scriptus.
406 2065 518 2150 quibus
533 2065 688 2130 codicibus
706 2067 848 2131 adhibitis
864 2067 934 2132 Otto
950 2067 1024 2130 labo
1042 2066 1154 2130 librum
1170 2067 1328 2130 Censorini
1345 2077 1375 2131 et
1389 2066 1558 2132 subiectum
1684 2085 1689 2093 ·

234 2172 261 2234 ei
284 2174 487 2250 fragmentum
512 2169 549 2232 de
573 2169 742 2254 disciplinis
765 2170 861 2236 edidit
883 2170 1018 2234 Berolloi
1046 2189 1072 2234 a.
1098 2166 1192 2233 1845.
1245 2153 1356 2233 deinde
1381 2171 1558 2259 Fridcrieus

234 2273 360 2338 llultsch
391 2283 521 2354 utroque
552 2272 657 2337 codiee
686 2273 787 2338 denuo
818 2272 927 2339 collato
950 2293 1056 2338 noram
1088 2273 1252 2338 editionem
1282 2293 1350 2337 eum
1379 2274 1559 2339 lectionibus

232 2379 344 2442 codicis
373 2377 563 2456 Coloniensis
592 2387 621 2442 et
650 2378 785 2440 Vaticani
820 2379 1004 2450 accuratius,
1042 2396 1132 2460 quam
1160 2380 1176 2440 a
1206 2376 1311 2440 labnio
1342 2378 1454 2441 laetum
1483 2389 1557 2452 erat,

231 2481 375 2546 indicatis
397 2483 514 2565 pararit
530 2481 648 2563 Lipsiae
664 2498 690 2544 a.
710 2477 803 2544 1867.
842 2491 998 2564 postremo
1021 2480 1193 2546 Urlicbsius
1216 2500 1292 2544 mus.
1311 2481 1407 2544 liban.
1429 2501 1456 2546 r.
1472 2481 1559 2546 xxti

230 2589 269 2664 (a.
293 2579 391 2667 1868)
414 2604 445 2668 p.
469 2580 534 2650 465
557 2603 622 2668 sqq.
647 2604 683 2647 ex
716 2585 819 2663 codiee
844 2583 1018 2664 Coloniensi
1041 2585 1201 2668 quaedam,
1224 2603 1302 2669 qnae
1329 2585 1366 2646 ab
1390 2584 1441 2648 illo
1466 2587 1556 2652 etiam

230 2667 444 2772 praeter‘mlssa
466 2687 513 2751 rel
536 2690 636 2752 minus
658 2697 800 2753 accurate
825 2691 955 2753 indicata
980 2697 1075 2760 erant,
1105 2671 1228 2752 addidit.
1276 2707 1311 2750 ex
1335 2690 1556 2772 antiquioribus

231 2801 332 2858 autern
357 2791 535 2865 editoribus,
560 2793 612 2875 qui
634 2809 693 2856 una
717 2810 784 2856 oum
809 2792 969 2856 Censorini
992 2791 1070 2856 libro
1093 2791 1169 2855 bace
1195 2794 1365 2873 fragmenta
1394 2792 1468 2855 olim
1492 2793 1555 2857 edl-
1633 2864 1638 2870 ¹

230 2895 355 2969 derunt,
390 2898 522 2980 primum
550 2895 644 2960 didus
673 2892 825 2982 blanntius
859 2899 891 2958 in
925 2895 1057 2958 editione
1087 2897 1200 2959 Veneta
1233 2914 1260 2962 a.
1290 2891 1373 2960 1581
1408 2895 1555 2977 quaedam

231 3000 400 3065 emendarit
427 3009 458 3063 et
484 3008 607 3081 praeter
636 3018 707 3062 suas
738 2998 965 3062 emendationes
993 3000 1024 3062 in
1053 3001 1191 3080 margine
1220 2996 1328 3062 multas
1364 3003 1556 3064 coniecturas

105 3181 109 3186 .
229 3105 349 3168 loannis
372 3102 499 3168 Cauobii
522 3091 694 3185 adscripsit.
741 3102 828 3184 plura
853 3101 956 3164 codice
980 3101 1153 3166 Coloniensi
1176 3101 1310 3164 adhibito
1340 3105 1474 3166 correxit
1496 3103 1555 3166 Lu-

228 3209 351 3271 doricus
381 3199 503 3277 Carrio,
538 3207 625 3270 cuius
654 3205 745 3268 editio
769 3205 907 3270 Lutetiae
930 3198 955 3269 a'.
982 3187 1066 3270 1583
1097 3205 1226 3288 prodiit,
1262 3223 1332 3268 mox
1356 3205 1494 3287 Lugduni
1526 3226 1552 3271 a.

231 3307 313 3375 1593
337 3312 466 3393 repetita
489 3320 545 3380 est,
569 3313 657 3394 isque
673 3311 790 3390 primus
813 3327 829 3370 a
854 3310 1010 3372 Censorini
1036 3308 1115 3371 libro
1130 3310 1344 3389 fragmentum,
1370 3310 1449 3403 quod
1466 3319 1554 3373 antea
1586 3385 1595 3395 ¹

229 3434 297 3477 eum
320 3412 372 3477 illo
395 3413 555 3477 contusum
581 3411 752 3494 legebatur,
777 3415 936 3495 separavit.
981 3421 1051 3474 anta
1075 3411 1251 3481 Carrionem
1282 3421 1382 3475 autem
1412 3412 1554 3478 Nicolaus

228 3517 354 3586 Loenals
376 3519 408 3580 ln
432 3515 680 3600 observationum
705 3514 921 3599 epipbyllidum
946 3513 1031 3578 libris
1048 3514 1254 3578 emendationi
1278 3516 1448 3596 fragmenti.
1473 3519 1553 3600 quod

228 3621 313 3686 valde
338 3629 483 3704 corrupte
498 3623 528 3688 lu
553 3618 710 3686 codicibus
726 3621 873 3701 seriptum
890 3628 945 3690 est,
969 3637 1093 3700 operam
1110 3618 1251 3692 dederat:
1275 3627 1343 3702 post
1359 3638 1428 3682 eum
1445 3619 1553 3683 Petrus

160 3804 167 3818 x
228 3727 356 3790 loannes
379 3724 555 3789 Nunnesius
577 3725 609 3788 in
633 3721 882 3787 adnotationibus
905 3723 941 3785 ad
965 3722 1047 3786 illius
1076 3722 1255 3794 editionem,
1287 3739 1364 3802 quae
1393 3741 1460 3786 eum
1484 3726 1551 3805 ipso

227 3829 406 3911 fragmento,
431 3830 509 3892 sicut
526 3847 542 3890 a
560 3827 705 3891 Carrione
721 3825 834 3890 editum
852 3835 927 3904 erat,
950 3835 1018 3908 post
1034 3825 1172 3890 Andreae
1189 3825 1306 3889 Selrottl
1324 3825 1552 3891 observationes
1635 3883 1643 3896 .
1698 3821 1706 3830 ’

227 3933 376 3996 humanas
399 3953 424 3996 a.
452 3929 537 3997 1615
560 3931 660 3995 editae
684 3939 765 4002 sont,
789 3929 827 3993 de
850 3927 950 3993 mullis
972 3929 1046 3994 loeis
1074 3929 1237 4012 disputavit
1260 3939 1290 3992 et
1313 3929 1457 4011 quaedam
1482 3933 1550 3992 vitia

167 4033 173 4040 '
228 4043 311 4114 reete
334 4036 457 4098 sanarit.
503 4035 658 4098 Carriouis
681 4034 842 4097 aditionem
867 4019 980 4096 deinde¹
1000 4051 1114 4104 omnes,
1143 4035 1196 4115 qui
1221 4044 1290 4096 ante
1313 4033 1450 4096 lalrnium
1474 4034 1550 4097 Ceu·
1672 4036 1679 4045 '

226 4140 362 4202 sorinnm
384 4138 562 4207 ediderunt.
591 4139 689 4200 secuti
712 4142 793 4200 sunt.
842 4137 909 4220 ipse
931 4135 1054 4200 labnius
1083 4147 1183 4198 autem
1211 4134 1342 4218 plurima
1371 4139 1484 4218 partlm
1514 4156 1548 4200 er

103 4229 107 4236 ’
182 4257 190 4268 ·
226 4240 382 4305 codicibus
404 4249 467 4304 tum
484 4243 615 4324 primum
639 4239 755 4306 eollatls
777 4226 887 4320 partim
910 4242 1083 4303 coniectura
1108 4257 1176 4301 curn
1197 4257 1250 4303 sua
1276 4247 1338 4301 tum
1354 4237 1549 4312 Lachmanni,

135 4365 140 4370 ·
225 4345 276 4428 qui
300 4346 327 4407 ci
351 4346 381 4406 in
406 4362 442 4407 eo
465 4362 557 4428 opere
580 4332 684 4415 adluit,
709 4343 889 4412 emendarit.
953 4383 957 4389 -
1286 4418 1296 4426 ,

313 4449 361 4512 lle
385 4456 418 4510 ut
441 4467 474 4510 ea
499 4467 575 4530 quae
592 4447 629 4512 ad
653 4449 811 4512 metricam
836 4457 930 4512 artem
947 4449 1102 4530 pertinent
1126 4467 1160 4508 es
1184 4444 1242 4508 hoe
1257 4441 1362 4509 libello
1385 4449 1547 4526 separatim

226 4552 348 4616 ederem
372 4550 544 4634 exemplum
568 4555 661 4616 nictit
683 4550 828 4624 Putsclrii,
852 4553 906 4634 qui
929 4571 994 4639 earn
1019 4558 1135 4631 partem
1160 4566 1236 4628 quas
1252 4556 1299 4612 est
1321 4550 1358 4612 de
1382 4553 1487 4614 metris
1511 4570 1547 4614 ex

153 4689 155 4692 ·
225 4657 379 4722 Carrionis
412 4655 545 4718 editione
580 4675 756 4739 expressam
789 4658 872 4719 inter
905 4655 1013 4718 latinos
1046 4656 1260 4735 grammaticos
1290 4655 1422 4732 recepit,
1458 4672 1547 4735 quam

226 4759 390 4823 editionem
413 4767 516 4841 postea
540 4758 728 4822 Gaislordius
751 4759 780 4820 in
805 4757 1005 4841 scriptoribus
1029 4756 1129 4821 latinis
1158 4755 1203 4819 rei
1225 4757 1368 4819 metricae
1397 4759 1547 4838 repetivit.

226 4862 326 4942 itaque
350 4881 388 4925 ne
412 4861 544 4943 quidex
568 4863 606 4924 iis
629 4881 706 4944 quae
728 4860 770 4923 illi
793 4859 975 4943 praeberent
999 4863 1030 4922 in
1053 4878 1128 4923 nora
1153 4859 1287 4922 editione
1310 4858 1546 4958 desideraretur,
