3874 5556
824 371 1083 426 rnauuruurvat
1548 373 1611 442 277

292 563 424 627 colorem
440 564 582 628 ridentur
599 564 754 637 accedere,
778 565 890 628 deinde
913 565 992 648 quod
1017 583 1225 646 quaecumque
1248 568 1370 630 nomina
1393 568 1531 646 genetivo
1545 568 1611 651 plu·

292 667 347 731 rali
370 668 448 751 apud
473 669 604 732 Graecos
634 687 689 752 per
717 689 767 731 arv
790 668 906 733 litteras
936 670 1081 733 liniuntur
1110 669 1253 734 translata
1282 673 1312 732 in
1336 669 1463 734 latinum
1487 692 1513 734 oa
1536 674 1568 736 in
1591 692 1611 734 ιι

291 782 321 836 et
342 792 364 834 ν
385 775 417 836 in
449 791 477 834 m
502 781 635 844 mutant,
666 783 698 838 ut
721 767 892 856 Ἑκτόρων
920 765 1122 856 Νεστόρων,
1156 773 1320 866 llectorutn
1350 775 1521 838 Nestorum.
1567 777 1610 838 sic

291 893 378 957 ergo,
410 895 477 938 oum
507 876 551 939 illi
581 877 681 941 dicant
706 872 935 960 ἐμβλημάτων
957 872 1180 958 τορευμάτων
1202 873 1419 962 ποιημάτων,
1448 898 1503 942 nos
1526 889 1609 944 recte

264 989 497 1068 etoreuuratum
527 979 740 1044 emblematum
770 988 942 1063 poematum
966 980 1113 1044 dicemus.
1159 980 1297 1044 similiter
1319 983 1350 1044 in
1374 983 1511 1062 genetivo
1535 1003 1609 1065 quo·

289 1103 347 1167 que
370 1084 515 1164 singulari
544 1104 562 1146 o
591 1101 734 1163 graecam
765 1085 793 1147 in
817 1086 827 1146 i
851 1084 976 1147 latinam
1001 1093 1163 1156 mutamus,
1194 1094 1227 1146 ut
1257 1078 1471 1168 ἐμβλήματος
1495 1085 1608 1149 emble·

289 1189 393 1264 matis,
424 1186 626 1270 κηρώματος
648 1190 824 1260 ceromatis,
854 1178 1043 1269 ποιήματος
1062 1189 1226 1269 poematis,
1250 1182 1426 1270 πήγματος
1448 1193 1607 1270 pegmatis.

288 1310 357 1354 nam
381 1293 596 1354 nominativum
622 1290 768 1374 pluralem
791 1309 901 1373 graeco
917 1291 1108 1374 proterimus,
1133 1299 1272 1373 poemata
1295 1301 1446 1354 ceromata
1471 1303 1608 1375 pegmata

288 1393 468 1458 emblemata
520 1403 550 1456 et
586 1393 705 1459 similia.
764 1393 899 1458 Romana
950 1413 1020 1456 vero
1072 1396 1192 1458 nontina
1243 1397 1424 1458 nominativo
1469 1415 1540 1459 casu
1577 1399 1607 1459 ia

248 1516 302 1561 aaa
341 1501 480 1561 exeuntia
508 1499 661 1580 accipiunt
694 1519 709 1562 e
739 1498 875 1562 litteram
900 1508 930 1561 et
952 1499 1067 1562 iaciunt
1095 1503 1267 1580 genetivum
1297 1509 1328 1563 et
1351 1499 1481 1562 dativum
1504 1503 1607 1581 singu·

288 1602 396 1673 larem.
427 1613 461 1664 ut
488 1603 564 1666 baec
587 1603 715 1665 amicitia
740 1602 829 1666 itarius
852 1603 1018 1671 amicitiae;
1047 1603 1199 1685 accipiunt
1227 1621 1257 1665 m
1287 1612 1316 1665 et
1345 1604 1460 1666 iaciunt
1487 1623 1608 1668 accusa·

288 1710 390 1778 tivum,
415 1715 448 1769 ut
471 1691 550 1769 banc
572 1709 748 1770 amicitiam.
785 1725 914 1788 qaorum
937 1704 1085 1769 ablaticus
1108 1715 1221 1769 tanturn
1245 1705 1439 1790 producitur,
1464 1711 1607 1787 quoniam

287 1813 386 1874 omnia
416 1811 538 1873 nomina
566 1829 643 1894 quae
672 1831 689 1873 a
718 1810 817 1873 littera
847 1812 1047 1873 terminantur
1076 1829 1131 1872 seu
1160 1807 1305 1892 singulari
1336 1828 1389 1872 seu
1418 1809 1526 1891 plurali
1550 1831 1607 1875 nu⁴

287 1933 371 1977 mero
395 1931 519 1976 necesse
544 1921 590 1977 est
613 1915 815 1996 corripiantur
839 1922 964 1996 excepto
988 1912 1119 1976 ablativo
1142 1931 1224 1984 casu,
1247 1915 1300 1995 qui
1322 1931 1486 1996 numquam
1509 1918 1606 1986 corri-

249 2021 379 2100 rapitur,
403 2019 463 2080 nisi
485 2037 554 2080 cum
579 2037 595 2080 e
619 2016 716 2081 littera
742 2019 931 2089 terminatur,
955 2017 985 2079 in
1009 2017 1095 2080 tertia
1119 2016 1236 2080 scilicet
1257 2015 1471 2080 declinatione.

287 2161 293 2166 .
322 2157 492 2169 -.-.-.------

354 2227 370 2278 9
389 2225 507 2277 Romana
524 2239 586 2276 vero
605 2226 711 2276 aomina
730 2251 762 2262 ·-
782 2225 815 2276 lb
833 2241 847 2275 e
866 2223 950 2276 littera
968 2225 1120 2276 terminatur
1140 2224 1240 2276 diaria.
1260 2228 1306 2285 53,
1320 2227 1355 2276 30
1374 2251 1405 2260 =-
1425 2227 1498 2284 dm

353 2417 369 2468 2
388 2431 435 2483 per
453 2432 494 2467 aaa
512 2415 610 2467 litteras
629 2429 646 2472 ς
664 2432 710 2484 per
728 2415 780 2468 ᾖ
797 2413 894 2464 litteras
916 2416 937 2466 C
1004 2432 1026 2466 ω
1044 2416 1070 2466 in
1090 2431 1104 2464 n
1124 2425 1150 2466 et
1169 2432 1185 2466 ν
1204 2416 1228 2465 in
1249 2430 1273 2464 m
1292 2425 1405 2466 mutatur
1427 2427 1454 2465 ut
1473 2414 1606 2466 beatorum

286 2483 433 2537 Nemorum.
464 2487 583 2552 sicergo
606 2499 664 2536 cunr
684 2484 719 2536 ilii
737 2485 825 2538 dicant
848 2483 1027 2536 emblemntmv
1044 2495 1212 2535 toreumatum
1230 2497 1376 2551 poematonr
1394 2498 1442 2534 nos
1462 2499 1478 2540 ς
1506 2502 1528 2535 ω
1546 2495 1571 2534 et
1589 2499 1605 2534 ν

286 2565 312 2605 et
329 2569 346 2605 u
363 2567 389 2606 et
493 2566 521 2605 ut
539 2553 669 2606 beatorum
694 2567 827 2616 nestorttm
850 2553 969 2620 sicergo
993 2569 1050 2604 oum
1073 2553 1108 2603 iiii
1127 2553 1209 2604 dicat:
1236 2552 1422 2605 Emblematoor
1439 2553 1607 2604 Poesmateor

285 2622 366 2687 (corr.
385 2622 549 2686 Poemateor)
569 2623 657 2675 nosO
738 2627 920 2690 opoematum
938 2635 1024 2684 om,
1043 2622 1139 2674 adast
1217 2623 1277 2672 din
1296 2638 1312 2672 a
1331 2622 1438 2673 latinum
1457 2633 1601 2674 mutamus.

285 2704 314 2742 ut
325 2691 493 2744 emblematos
506 2693 812 2759 emblematis.poematis
823 2707 830 2741 a
840 2693 977 2742 ceromatia
989 2708 995 2741 a
1007 2703 1139 2759 poematos
1154 2692 1281 2758 poematia
1290 2708 1298 2741 ε
1308 2705 1446 2758 pegmatos
1460 2691 1600 2759 pegmatis.

286 2776 344 2812 nam
367 2763 556 2814 nominatiuam
576 2774 594 2818 ς
615 2763 642 2812 in
665 2764 673 2811 i
695 2761 804 2812 latinum
827 2773 957 2812 aaratmmrs
981 2773 1006 2812 et
1023 2759 1198 2811 Emblematos
1222 2759 1382 2812 emblematis
1404 2771 1549 2812 ceromatos
1572 2760 1604 2811 tis

285 2843 422 2898 pegmatos
441 2832 570 2898 pegmatis
589 2845 640 2882 non
660 2832 850 2882 nominatinum
870 2833 891 2882 0
970 2832 987 2883 8
1006 2842 1125 2898 pegmata
1144 2828 1297 2881 emblemata
1314 2846 1362 2882 om.
1377 2828 1406 2889 G,
1424 2831 1519 2886 adda

287 2903 319 2951 10
336 2913 432 2951 eatenut
449 2912 474 2951 et
491 2901 623 2967 accipiunt
641 2900 690 2956 03
756 2899 897 2950 alitteram
916 2911 933 2954 ς
952 2909 976 2950 et
993 2898 1145 2951 litteramb'
1207 2900 1304 2950 lilaea
1323 2898 1448 2964 singulari
1467 2911 1484 2954 ς
1503 2915 1531 2950 se
1550 2899 1605 2948 siu-

286 2969 367 3036 galati
386 2968 408 3020 C
496 2972 529 3023 to
546 2971 715 3021 terminantur
735 2970 759 3020 in
779 2969 879 3020 tertiam
898 2968 997 3019 scilicet
1013 2967 1210 3020 declinationem
1229 2982 1246 3025 ς
1271 2969 1421 3020 terminatur
1439 2969 1463 3018 in
1484 2980 1600 3020 ternas.

285 3037 457 3090 declinatione
469 3039 497 3090 .C
