3850 5560
975 359 1024 410 DE
1046 359 1199 412 Psatavs

960 769 962 774 ,
1057 707 1112 784 VI

942 881 1006 956 DE
1034 878 1241 958 PEDIBVS
1288 953 1304 973 ¹,

580 1055 631 1134 Vi
658 1071 743 1152 iuga
766 1069 938 1153 pyrrichius
961 1078 1089 1142 condat,
1112 1069 1266 1152 spondeas
1289 1076 1323 1132 ut
1345 1057 1483 1142 aestas}

581 1157 672 1256 atque
693 1190 834 1255 parona
856 1171 992 1236 iambum
1015 1155 1162 1253 designat,
1186 1181 1283 1238 mata
1308 1173 1494 1237 trochaeum.

580 1275 754 1342 tribrachus
777 1279 1021 1356 digamiam,
1045 1275 1126 1340 reiut
1147 1278 1362 1356 heaeosqua
1385 1275 1545 1346 moiossus,

585 1379 722 1462 daotyias
745 1377 816 1444 inda
841 1379 922 1444 subit
943 1379 1024 1442 huno
1047 1379 1237 1444 Maenalus
1260 1389 1349 1461 atqua
1372 1378 1499 1443 notahit.

581 1483 653 1546 huia
676 1491 722 1546 ast
743 1485 901 1566 appositus
924 1482 1035 1546 Erato
1057 1485 1195 1546 retinens
1217 1493 1406 1576 anapaestus,

581 1585 893 1670 amphimachumque
917 1590 1049 1658 narina
1073 1593 1172 1656 notat:
1196 1597 1265 1667 post
1287 1585 1512 1668 amphimacrus
1534 1591 1602 1654 stat,

584 1707 673 1772 quam
697 1691 809 1753 retinet
836 1688 935 1771 longa,
960 1689 1062 1753 brevia
1084 1689 1157 1753 hina
1180 1698 1211 1751 et
1232 1688 1333 1752 denua
1356 1688 1455 1770 ionga.

582 1790 727 1870 baoahius
750 1792 821 1855 inde
838 1792 954 1870 subest,
979 1793 1056 1857 hena
1079 1811 1169 1878 quem
1186 1789 1326 1873 designat
1346 1791 1527 1870 Achates,
1603 1813 1622 1831 ·

581 1903 672 1978 atque
695 1893 936 1977 priimhaaoham
960 1885 1044 1960 terret
1064 1897 1136 1962 hino
1159 1907 1293 1960 natura
1318 1903 1461 1958 notatum.
1533 1929 1535 1932 ·

580 1998 854 2082 proceleumaticus
874 2017 910 2062 ax
934 2010 1078 2080 quattuor
1101 2008 1147 2064 est
1170 1999 1330 2066 hraviatus.

524 2127 526 2132 ·
581 2108 663 2164 stam
685 2109 862 2166 aratores
891 2103 1094 2184 dispondeum
1123 2105 1307 2172 retinentem

581 2203 651 2268 inde
675 2203 751 2268 duaa
772 2205 891 2269 iamhos
913 2205 943 2268 iu
967 2225 999 2270 sa
1023 2214 1107 2269 tenet
1128 2208 1193 2289 ipse
1215 2205 1364 2278 diambus,

581 2307 624 2368 sio
647 2307 855 2372 ditrochaeum
878 2307 956 2380 duo:
980 2311 1252 2390 cunctipotens
1273 2307 1498 2380 choriambum:

582 2417 687 2492 eatque
710 2409 918 2475 Saloninus
941 2413 1105 2494 antispasto
1128 2411 1298 2475 decoratus.

582 2514 654 2575 hina
676 2513 793 2578 ianiaus
816 2517 915 2578 minor
939 2524 992 2589 est,
1017 2535 1108 2600 quem
1132 2514 1269 2595 designat
1291 2513 1526 2588 [diomedem¹

583 2617 730 2680 maiorem
752 2617 884 2680 iauioum
909 2617 1089 2682 Iunonius
1112 2628 1234 2682 annotat
1255 2615 1350 2681 iiiurn.

583 2726 737 2799 tamquam
760 2718 914 2801 legitimus
937 2731 982 2786 est
1005 2721 1075 2786 inde
1097 2713 1177 2802 peon
1199 2721 1254 2784 uhi
1277 2721 1399 2804 prinus.

581 2821 663 2885 unde
684 2807 816 2906 sequens
839 2831 964 2897 constet.
989 2824 1046 2888 hoo
1070 2827 1128 2888 rita
1151 2825 1303 2889 aoionia
1326 2834 1484 2906 monstret,

581 2924 653 2990 hino
676 2927 727 2990 ilat
750 2935 851 2990 certus
875 2927 929 2991 tihi
954 2931 1072 3000 tertius,
1098 2939 1130 2990 ut
1153 2927 1408 2999 Menedemus,

582 3035 642 3092 atat
665 3046 736 3092 vera
759 3039 885 3113 quartus
907 3049 964 3115 per
987 3039 1049 3094 tras
1071 3031 1186 3112 primas
1208 3030 1370 3097 hreviatua.

583 3139 722 3216 stantque
744 3133 970 3198 sacerdotes
993 3136 1150 3217 epitritum
1174 3134 1385 3206 certificantes,
1448 3211 1453 3219 η

581 3235 659 3299 alter
681 3245 855 3320 correptam
878 3245 1064 3301 monstratur
1086 3237 1200 3303 hahere
1223 3237 1397 3314 sonandam,

582 3339 691 3402 tertius
714 3349 760 3404 est
782 3349 886 3403 curtus
908 3342 938 3404 in
963 3343 1044 3409 trita.
1068 3343 1113 3404 sia
1135 3343 1277 3423 opimitas

582 3450 707 3523 quartus
729 3443 849 3542 iinaiern
872 3444 933 3508 iert
954 3444 1217 3509 Fesaenainas
1240 3443 1378 3508 eandem.

299 3683 303 3690 .
501 3635 528 3686 V
542 3635 629 3686 rodem
645 3629 853 3688 Vindodaaearia
865 3635 935 3686 2521
952 3633 1089 3699 aaea·X1,
1107 3649 1143 3686 aa
1161 3651 1210 3702 quo
1229 3635 1294 3688 editi
1303 3643 1363 3688 aaut
1379 3651 1470 3688 sermea
1480 3637 1508 3688 a'a
1526 3639 1657 3690 analectis
1668 3653 1752 3704 yram·

329 3765 331 3769 ,
427 3721 528 3786 anaticis
550 3719 790 3774 Va'adodoarnribaa
806 3738 834 3788 ρ.
854 3723 905 3773 470

498 3803 541 3856 DE
559 3803 705 3858 Puntnvs
724 3823 771 3860 aaa.
789 3807 814 3859 V
902 3809 921 3858 4
939 3807 1048 3868 natabit]
1068 3807 1176 3860 notarim
1193 3805 1220 3858 7
1236 3819 1352 3860 notatum
1371 3809 1457 3860 editor
1472 3807 1688 3861 Viododoareaar’s

356 3897 359 3903 '
418 3895 443 3946 ,Β
462 3891 570 3943 bachius
593 3891 619 3942 V
704 3891 940 3961 iipalimhaoha'um
962 3893 988 3946 V
1073 3895 1107 3946 tt
1125 3905 1233 3958 quartas
1251 3919 1285 3932 -
1304 3894 1411 3946 eandem
1435 3893 1520 3948 editor
1542 3895 1753 3948 vindobonensia
1856 3883 1859 3888 ’

427 3989 547 4044 quartum
566 4003 600 4016 -
618 3979 727 4032 eundem
751 3977 778 4029 V
