3866 5562
387 319 452 388 ese
858 293 872 313 ·’
921 323 925 329 ·
989 316 1128 386 nvem

384 515 508 596 postea
528 509 661 575 editores
692 510 828 592 neglecta
864 513 978 592 optima
1005 495 1147 574 editione
1171 513 1355 576 Ascensiane
1390 507 1436 574 rel
1469 513 1576 594 prucis
1608 530 1644 574 ex
1680 530 1718 572 en

386 616 519 698 receptis
535 613 714 698 plerumque
731 611 893 678 lectionem
919 608 1126 696 exerrrplorum
1144 622 1231 678 antea
1255 599 1475 696 impressorem
1496 617 1717 697 repetiverunt.

386 721 548 800 maximam
572 728 673 783 autern
690 709 902 782 auctoritatem
927 716 1019 780 editio
1035 718 1142 783 Aldina
1159 737 1186 781 n.
1205 711 1293 784 1527·
1305 729 1392 780 nacte
1416 727 1472 781 est.
1510 718 1563 781 sed
1580 720 1718 800 quamvis

388 824 419 884 ln
442 839 477 886 oa
501 821 588 904 plura
612 839 701 903 quam
726 821 756 882 in
779 817 904 915 reliquis
932 819 1115 896 editionibus
1138 818 1249 904 partim
1280 839 1318 883 ex
1345 821 1450 884 codice
1480 839 1571 885 menn
1599 824 1717 903 scripto
1798 905 1801 911 Ι

372 927 516 1013 pertint¹
533 944 570 988 ex
599 925 731 989 editione
761 925 961 996 escensione,
992 934 1025 986 ut
1054 925 1187 996 ridetur,
1218 923 1377 988 emendata
1406 925 1481 992 sint.
1510 933 1610 987 tamen
1639 925 1718 986 baec

388 1047 510 1111 quoqne
532 1027 637 1092 multis
660 1027 746 1104 locis,
769 1031 801 1089 in
825 1027 934 1108 quibus
949 1031 1133 1092 hsocusiane
1157 1025 1267 1090 bonam
1291 1035 1323 1090 et
1345 1035 1479 1090 ceterum
1496 1027 1632 1090 codicum
1656 1027 1733 1089 ilde'
1793 1115 1798 1120 Ι

204 1098 211 1106 ¹
263 1142 264 1145 ’
320 1161 324 1166 ·
391 1133 599 1195 confirmatam
615 1133 796 1214 scripturam
812 1129 985 1213 praebebat.
1003 1134 1123 1212 priores
1138 1129 1289 1194 editiones
1305 1139 1409 1195 secute
1431 1140 1495 1204 cst.¹
1524 1140 1594 1213 post
1608 1131 1716 1194 Aldum

390 1233 562 1308 Putschius,
586 1237 638 1318 qni
661 1253 693 1298 se
711 1233 811 1298 Rufini
827 1236 1078 1312 commentarium
1103 1237 1153 1297 ‘ex
1176 1234 1255 1297 libro
1271 1233 1418 1315 Scaligeri
1440 1235 1625 1298 restitutum’
1650 1233 1715 1296 cdi-

391 1339 471 1402 disse
494 1339 610 1411 scribit,
635 1338 783 1419 quaedam
807 1337 986 1403 emendarit.
1032 1337 1152 1401 videtur
1181 1347 1280 1401 autem
1311 1338 1482 1420 exemplum
1506 1337 1629 1420 Aldinae
1652 1337 1715 1400 edi·

310 1475 317 1484 ,
393 1443 484 1506 tionis
507 1445 615 1523 prucis·
633 1442 708 1506 locis
730 1461 747 1506 a
771 1440 925 1522 scaligero
949 1442 1059 1524 partim
1083 1442 1258 1504 coniectura
1281 1444 1391 1523 partim
1420 1459 1455 1504 cx
1478 1451 1581 1503 vetere
1611 1439 1715 1502 codice

393 1527 585 1608 emendatum
608 1545 759 1608 babuisse.
799 1537 933 1608 Puts'clrii
949 1545 1113 1609 editionem
1130 1544 1233 1608 addita
1257 1547 1409 1626 scripturn
1430 1543 1570 1608 editionis
1586 1545 1715 1607 Venetae

331 1637 336 1654 '
394 1667 421 1711 a.
442 1645 524 1712 1476
548 1657 578 1712 et
594 1648 744 1713 editionis
759 1646 884 1723 Aldinae
901 1647 1090 1710 Gaisiordius
1113 1648 1145 1710 in
1160 1648 1360 1730 scriptoribus
1381 1637 1482 1710 latinis
1503 1649 1549 1709 rei
1572 1649 1715 1710 nrctricec

392 1753 543 1831 repetivit.
581 1757 740 1833 praeterea
758 1749 901 1831 Pithoeus
925 1759 954 1814 et
970 1751 1236 1833 Capperonnerius
1252 1755 1503 1816 commentarium
1527 1736 1565 1814 cle
1581 1751 1714 1814 numeris

379 1857 534 1930 ‚oratoriis
557 1856 637 1918 iuter
661 1852 818 1917 rhetorum
835 1853 999 1918 latinorum
1023 1853 1119 1919 libros
1142 1873 1158 1917 ι
1182 1875 1215 1940 se
1239 1855 1337 1935 editos
1354 1862 1547 1936 receperunt.
1586 1841 1719 1936 quorum¹

391 1967 500 2023 neuter
514 1976 606 2021 manu
629 1951 763 2047 scriptos
776 1955 895 2022 codices
918 1956 1035 2029 hahuit·
1058 1959 1110 2022 sed
1127 1960 1394 2040 Capperonncrius
1417 1961 1448 2022 in
1469 1959 1544 2022 locis
1559 1941 1713 2022 Ciceronis

391 2080 407 2124 a
438 2061 546 2124 liuline
580 2064 680 2124 citatis
712 2060 860 2143 quaedem
893 2079 930 2122 ex
959 2060 1105 2139 Cicerone
1137 2063 1318 2146 emendarit.
1340 2051 1348 2058 ’
1374 2063 1430 2126 hos
1460 2063 1557 2125 secuti
1585 2059 1713 2125 Orellius

389 2155 488 2228 schol.
512 2151 572 2230 Clo.
595 2165 653 2227 rol.
678 2164 690 2227 l
712 2183 742 2246 p.
762 2160 823 2228 183
846 2173 876 2226 et
899 2161 1035 2226 Halmius
1058 2163 1174 2228 rhetor.
1198 2164 1250 2230 lat.
1273 2185 1302 2248 p.
1319 2162 1383 2229 575
1407 2165 1536 2228 eundem
1561 2183 1713 2228 commeo·

392 2271 505 2332 tarium
529 2267 700 2331 ediderunt.
748 2287 763 2330 e
787 2265 899 2348 quibus
922 2265 1052 2330 Ocellius
1074 2271 1259 2349 scripturam
1282 2267 1397 2332 codicis
1420 2266 1652 2344 Einsiedlensis‚
1681 2275 1713 2329 ut

390 2359 482 2458 supro
518 2371 594 2442 dixi,
632 2379 662 2432 ct
696 2369 840 2433 editionis
872 2370 1014 2457 Iuntinae
1047 2389 1116 2434 cum
1149 2371 1256 2435 Aldina
1287 2371 1467 2454 plerumque
1500 2373 1713 2435 consentientis

391 2475 521 2543 adiecit;
545 2473 683 2536 llalmius
699 2491 736 2535 ex
759 2471 915 2537 codicibus
930 2470 1089 2545 Parisinis,
1113 2493 1243 2556 quorum
1259 2476 1425 2556 scripturas
1449 2495 1465 2538 a
1489 2495 1537 2538 mc
1559 2483 1713 2555 excerptas
1812 2464 1817 2474 '

282 2577 290 2590 ’
391 2577 428 2640 ad
453 2595 522 2641 eum
537 2579 691 2647 miserem,
716 2574 849 2639 adhibito
874 2573 964 2640 etiam
981 2577 1203 2656 Tegernseensi
1227 2578 1330 2641 codice
1353 2577 1514 2642 lectionem
1535 2579 1712 2647 emendarit,
1749 2609 1751 2612 ·

303 2727 307 2736 «
394 2697 493 2760 neque
518 2689 622 2742 tamen·
642 2682 810 2760 scripturas
833 2678 974 2742 codicum
998 2679 1160 2744 adnotavit.
1584 2683 1589 2689 ”
1617 2699 1618 2702 ’

479 2783 544 2864 Ego
567 2785 599 2846 in
623 2801 698 2845 nora
722 2782 856 2846 editione
879 2785 910 2844 in
933 2785 1043 2864 primis
1066 2783 1200 2846 codicem
1217 2784 1386 2848 Parisiuum
1410 2781 1504 2856 7496,
1528 2787 1616 2848 cuius
1639 2783 1711 2846 tides

392 2886 624 2967 complurimis
652 2887 930 2967 antiquissimisque
960 2884 1116 2949 codicibus
1143 2895 1207 2949 tum
1236 2887 1400 2968 Reginensl
1427 2885 1490 2950 733
1519 2897 1550 2950 et
1578 2888 1712 2951 Parisino

262 2969 268 2984 ²
297 3020 302 3026 ·
369 2986 477 3053 -7498
500 2989 658 3072 suppletur
687 2997 716 3051 et
745 2991 959 3058 confirmatur,
987 2998 1109 3053 secutus
1138 2981 1215 3053 sum.
1266 2991 1432 3054 secundum
1461 2988 1560 3054 locum
1590 2989 1628 3052 ab
1658 2990 1713 3052 hoc

393 3092 488 3156 tribui
510 3090 758 3155 ParisinoibOl.
798 3092 845 3154 his
867 3091 987 3155 duobus
1010 3091 1096 3156 libris
1119 3103 1220 3158 eutem
1248 3093 1285 3158 de
1309 3105 1411 3157 vetere
1433 3091 1563 3156 lectione
1585 3087 1625 3156 ita
1643 3111 1711 3154 con·

392 3205 462 3267 stet,
487 3205 520 3270 pt
543 3195 594 3259 alii
616 3187 673 3257 vir
689 3197 865 3279 quidquam,
888 3196 969 3277 quod
993 3197 1114 3278 quidem
1137 3215 1197 3260 non
1217 3194 1391 3262 coniectura
1412 3197 1578 3267 inventum,
1601 3196 1654 3258 sed
1677 3215 1712 3258 cx

309 3351 313 3360 .
394 3301 518 3380 antiqua
549 3301 927 3381 memoria‘propagatum
961 3302 1016 3371 sit,
1052 3299 1198 3364 adierant
1248 3319 1283 3362 ex
1320 3300 1412 3363 editis
1441 3296 1664 3381 exemplaribus
1696 3317 1711 3361 a

393 3403 523 3465 lectione
546 3408 680 3463 veterum
704 3402 844 3464 codicum
867 3419 958 3482 saepe
987 3401 1253 3473 dissentientibus,
1284 3421 1412 3485 quorum
1444 3401 1557 3466 nullam
1588 3401 1709 3472 omnino

394 3495 695 3569 auctoritatenresse
723 3512 861 3587 apparet,
891 3523 925 3568 ea
954 3525 1031 3587 quae
1061 3503 1152 3586 digne
1183 3525 1249 3570 esse
1277 3507 1421 3568 memoria
1452 3504 1631 3568 ridebantur
1661 3503 1711 3566 ad·

394 3610 513 3690 scripsi,
538 3617 572 3669 ut
593 3607 949 3690 intellegeretur.‚quem
972 3608 1149 3672 admodum
1173 3609 1247 3672 baec
1270 3609 1341 3672 olim
1365 3609 1453 3690 vulgo
1470 3607 1550 3673 edita
1574 3610 1710 3673 luissent.

393 3724 456 3776 tres
479 3721 579 3774 autem
603 3720 720 3774 veteres
744 3711 893 3775 editiones
915 3722 1036 3792 praeter
1059 3711 1271 3775 Putscbianam
1300 3710 1440 3780 adhibui,
1473 3730 1601 3794 quarum
1625 3729 1709 3775 usum

394 3813 579 3878 bibliotheca
615 3815 818 3877 univcrsitatis
856 3814 1022 3895 Lipsiensis
1055 3815 1129 3877 milri
1161 3816 1322 3897 praestitit,
1356 3816 1525 3897 principem
1562 3835 1588 3878 a.
1621 3811 1709 3884 1470,

393 3920 610 3982 Ascensienam
632 3937 659 3980 e.
685 3915 777 3988 1516,
801 3915 938 3980 Aldinam
963 3937 988 3980 a.
1017 3914 1109 3981 1527.
1156 3915 1304 4000 equibus
1327 3936 1395 3981 oum
1419 3919 1602 3981 Ascensiana
1624 3934 1709 3998 saepe

360 4085 366 4096 ,
394 4022 457 4086 sola
482 4022 630 4084 diversam
654 4040 671 4084 a
695 4020 821 4102 reliquis
844 4018 1005 4084 lectionem
1030 4037 1157 4104 eamque
1188 4039 1256 4084 cum
1279 4021 1434 4084 veteribus
1464 4019 1620 4084 codicibus
1642 4038 1710 4082 oon·
1776 4105 1779 4108 Ι

395 4127 576 4212 sentientem
599 4123 748 4195 exhibeat,
773 4123 927 4187 interdum
952 4125 1043 4185 etiam
1061 4123 1223 4187 Putschius
1247 4127 1319 4186 vitia
1334 4127 1471 4206 priorum
1496 4121 1709 4206 exemplarium

360 4227 367 4240 ‘
398 4232 578 4311 correxerit,
602 4245 663 4289 non
687 4245 763 4310 opus
786 4226 842 4289 init
866 4226 939 4288 illud
963 4230 1069 4305 quovis
1091 4227 1158 4288 loco
1182 4228 1344 4299 adnotare,
1373 4228 1631 4311 sed'plerumque
1654 4245 1710 4288 uno

296 4383 304 4392 .
388 4334 482 4414 signo
498 4349 518 4404 ς
533 4331 570 4393 ad
590 4330 737 4411 vulgatum
754 4330 915 4392 lectionem
927 4329 1119 4393 indicandam
1136 4333 1176 4393 ite
1192 4349 1262 4394 usus
1277 4323 1354 4404 sum,
1371 4341 1404 4393 ut
1419 4332 1508 4394 modo
1523 4347 1710 4394 communem

395 4437 530 4498 omnium
569 4434 735 4497 editionum
769 4453 836 4496 eam
869 4433 1028 4495 lectionem
1059 4451 1142 4505 csse,
1179 4434 1268 4496 modo
1302 4446 1428 4516 excepta
1457 4437 1639 4499 Ascensiana
1667 4433 1709 4494 rel

339 4614 345 4626 Ι
395 4538 575 4601 Putscbiana
600 4537 730 4618 reliquas
754 4539 928 4600 consentire
951 4519 1180 4616 significaretur.
1220 4555 1288 4600 nam
1305 4555 1412 4619 praees
1434 4539 1709 4618 antiquissimorum

355 4665 363 4671 ·
396 4641 614 4724 exemplarium
632 4641 775 4703 lectiones
799 4660 834 4724 ex
850 4643 991 4722 principe
1008 4639 1140 4703 editione
1156 4653 1346 4722 propagatas,
1370 4641 1481 4706 deiude
1503 4650 1534 4703 et
1556 4643 1586 4703 in
1602 4645 1709 4703 Ascen-

395 4747 478 4808 siana
502 4747 585 4807 etin
609 4742 716 4808 Aldina
739 4743 872 4806 editione
895 4751 1046 4806 correctas
1070 4762 1140 4806 raro
1163 4744 1300 4806 indicari.
1706 4726 1711 4730 ’

483 4847 599 4910 Nomen
625 4831 734 4910 hutini
747 4855 869 4928 praeter
891 4845 1117 4926 inscriptionem
1142 4849 1172 4910 in
1195 4849 1347 4930 principio
1370 4849 1480 4929 prioris
1503 4844 1710 4911 commentarii
