3888 5550
798 349 847 401 DE
870 351 1001 404 METBIS

252 449 275 490 p.
289 438 348 482 uas.
362 437 388 482 ³¹1
401 437 426 482 Ρ.

510 547 618 592 sonum
642 529 794 593 ministrat
816 540 1034 611 congruentem
1058 533 1192 597 motibus
1214 535 1332 600 iocosis.

554 631 699 697 Claudum
723 635 895 698 trimetrum
919 636 992 699 lecit
1014 635 1101 700 aliter
1123 637 1290 722 Hipponax.

510 736 547 800 ad
570 737 650 800 hunc
674 736 810 807 modum,
835 757 895 821 quo
919 737 1089 803 claudicant
1112 751 1141 804 et
1164 741 1194 806 hi
1217 763 1335 808 versus:

445 858 497 901 rma
510 839 624 903 idcirco
646 859 755 922 graecc
779 849 971 923 nuncupatus
995 853 1040 906 est
1061 841 1204 924 σκάζων.

509 944 559 1008 hic
583 963 648 1038 non.
665 944 797 1008 iambum
823 942 954 1006 reddidit
977 946 1085 1026 pedem
1109 958 1235 1022 sextum,

510 1047 726 1131 paenultimam
751 1047 803 1110 sed
828 1067 884 1131 pro
908 1047 991 1112 brevi
1016 1049 1108 1114 trahit
1132 1051 1262 1134 longam.

509 1155 639 1216 novitate
663 1153 785 1228 ductus,
809 1171 868 1215 non
893 1163 926 1215 ut
949 1154 1061 1217 inscius
1084 1153 1168 1236 legis.

508 1255 561 1319 sed
585 1259 657 1337 quia
680 1259 799 1337 iugatos
822 1255 997 1320 scandimus
1020 1257 1113 1339 pedes
1137 1261 1219 1330 istos.

443 1378 625 1442 ttoupaeoua
650 1360 715 1423 lleri
739 1361 886 1443 perspicis
909 1360 1017 1443 pedem
1041 1362 1071 1423 iu
1095 1363 1169 1425 line:

510 1465 647 1547 epitritos
671 1481 739 1528 nam
763 1467 879 1546 primus
902 1464 1008 1547 impiet
1031 1463 1109 1529 hanc
1130 1473 1258 1548 partem,

509 1567 608 1632 brevis
631 1565 727 1632 locata
750 1587 820 1631 curn
844 1569 881 1632 sit
904 1577 973 1633 ante
998 1579 1060 1632 tres
1083 1568 1197 1652 longas.

507 1689 602 1755 quare
626 1671 790 1736 carendum
815 1682 861 1736 esi
884 1692 921 1736 ne
945 1671 1066 1736 licentia
1090 1683 1175 1736 sueta

506 1774 662 1858 spondeon
686 1787 737 1840 aut
760 1778 812 1860 qui
836 1787 1036 1860 procreantur
1059 1795 1094 1840 ex
1120 1777 1172 1840 ilio

441 1878 573 1944 enodari
598 1883 737 1961 putemus
762 1899 850 1962 posse
875 1899 954 1943 nuuc
978 1879 1044 1943 loco
1067 1881 1182 1963 quinto.

508 2000 546 2046 ue
569 1983 776 2065 deprehensae
800 1992 945 2066 quattuor
968 1985 1057 2048 simul
1081 1984 1188 2066 longae

467 2161 469 2164 .
504 2104 611 2168 parum
636 2105 747 2150 sonoro
771 2087 829 2150 due
853 2087 1010 2150 destruant
1033 2105 1167 2150 versum:

506 2209 575 2254 nam
599 2189 753 2273 dactylum
778 2208 918 2274 paremve
942 2190 1013 2273 quid
1037 2189 1090 2254 tihi
1114 2191 1235 2258 dleami

506 2313 573 2357 cum
597 2303 712 2358 tantum
736 2294 856 2358 iambus
880 2295 1027 2358 hocloco
1050 2295 1146 2378 probe
1168 2299 1242 2378 poni

439 2421 492 2465 ura
506 2395 642 2482 aliusque
665 2397 766 2462 nuilus
789 2402 847 2462 rite
870 2401 966 2482 possit
988 2399 1114 2462 admitti.

506 2501 563 2566 hoc
587 2502 775 2566 mimiambos
799 2503 917 2567 Mattius
940 2501 1024 2566 dedit
1047 2512 1159 2566 metro:

506 2625 574 2670 nam
599 2615 694 2669 ratem
720 2605 848 2670 eundem
872 2616 918 2671 est
940 2607 1037 2671 Attico
1060 2605 1164 2690 thymo
1189 2607 1314 2672 tinctum

504 2711 570 2794 pari
594 2709 698 2792 lepore
721 2720 903 2775 consecutus
927 2720 958 2773 et
980 2721 1090 2774 metro.

549 2813 607 2876 Sed
632 2823 663 2876 et
685 2815 858 2884 trimetros.
883 2825 915 2878 ut
938 2815 1119 2896 quadratus,
1144 2813 1194 2880 hic
1217 2825 1319 2898 potest

440 2915 666 3000 armaceplaaios
689 2935 765 2990 esse,
788 2920 886 3001 prima
909 2919 1030 3002 quando
1053 2918 1194 2992 demitur,

504 3022 630 3104 fierique
653 3024 770 3103 primus
794 3043 847 3105 pes
870 3036 901 3087 et
923 3026 991 3087 istic
1015 3025 1155 3086 creticus.

504 3143 574 3188 narn
598 3126 676 3188 sicut
696 3123 746 3189 illc
770 3126 908 3191 redditur
931 3127 1110 3204 trochaicus,

503 3231 549 3292 sic
572 3247 677 3292 versus
700 3239 769 3294 ante
793 3232 844 3314 qui
868 3231 989 3295 ridetur
1011 3233 1139 3312 integer.

504 3333 611 3396 adest
634 3333 738 3397 celer
761 3333 938 3415 phaselus
961 3334 1027 3398 iile
1050 3353 1156 3417 quem
1180 3335 1298 3407 vides,

439 3455 573 3502 ruscum
597 3437 684 3502 demo
706 3439 852 3520 primam,
876 3437 955 3522 quod
981 3439 1120 3522 relinquo
1144 3437 1201 3500 iaie
1224 3441 1266 3508 lit.

504 3541 689 3605 estcsler
712 3541 896 3624 phaselus
917 3541 984 3604 ille
1007 3561 1112 3624 qucm
1138 3543 1258 3605 vides.

503 3646 666 3730 acephalus
689 3664 778 3728 ergo,
802 3647 853 3710 sed
876 3649 1047 3716 trimodus,
1074 3645 1169 3710 iactus
1192 3658 1247 3709 cst.

503 3749 701 3814 Archilochus
724 3751 803 3815 idem
828 3761 872 3813 est
897 3771 970 3815 usus
992 3760 1024 3814 ct
1044 3749 1095 3814 tali
1120 3762 1226 3814 metro.

547 3855 683 3918 Vicissim
707 3863 737 3918 et
759 3853 809 3918 ille
832 3857 884 3938 qui
907 3855 1070 3938 quadratus
1093 3852 1242 3919 claudicat

438 3977 490 4018 um
504 3966 535 4022 et
557 3959 588 4020 in
611 3959 751 4022 trimetro
774 3959 947 4022 claudicare
971 3961 1014 4022 sic
1038 3967 1146 4041 potest.

502 4059 686 4146 phaselus
709 4063 783 4126 iile
806 4081 911 4146 quem
935 4064 1041 4127 vides
1064 4062 1227 4126 Sabinus
1250 4069 1321 4125 est:

250 4221 454 4234 —-*-

313 4293 486 4346 him-2415
505 4291 579 4344 Gaea.
600 4290 678 4342 Busa.
699 4291 759 4349 257,
778 4293 891 4350 s-m,
907 4293 939 4342 11
1009 4291 1076 4341 2401
1097 4288 1172 4340 Moti
1195 4287 1291 4342 Ydeod.
1309 4306 1337 4355 p.
1355 4290 1408 4339 546
1425 4289 1466 4340 ed.
1483 4288 1567 4353 Gaias.

278 4381 348 4432 240³
366 4377 437 4430 Mur.
460 4377 624 4440 Victor-81,
644 4381 678 4428 10

314 4553 380 4604 aiut
400 4549 485 4602 reddit
507 4553 611 4603 codices
631 4549 718 4602 ,matur
739 4549 870 4601 Theodori
889 4565 918 4614 p.
937 4551 990 4599 547
1012 4549 1054 4599 ed.
1073 4547 1156 4610 Gaias.
1228 4549 1295 4598 2416
1318 4547 1372 4598 Huc
1393 4546 1566 4598 ilinriiambos

245 4638 279 4691 M
345 4647 428 4689 metro
447 4635 588 4689 Briaaaeaa
611 4648 710 4688 metron
731 4635 764 4688 a!
830 4635 898 4687 241?
921 4633 1030 4685 eundem
1055 4645 1095 4684 est
1117 4635 1195 4684 attico
1215 4631 1304 4698 thymo
1329 4634 1435 4684 tinctum
1455 4631 1512 4683 Pari
1532 4631 1567 4682 ie-

244 4737 367 4792 pareest
390 4736 546 4777 consecutus
571 4737 596 4775 et
612 4737 694 4773 metro
714 4721 747 4773 M
762 4721 870 4772 erarrdem
896 4733 935 4770 est
952 4719 1030 4772 attico
1055 4719 1144 4783 thymo
1163 4719 1272 4770 cinctum
1292 4719 1349 4769 Pari
1370 4719 1457 4787 lepore
1475 4733 1568 4770 conse-

245 4823 320 4863 cutas
339 4821 364 4864 et
381 4821 464 4863 metro
483 4811 568 4863 Aldus
587 4813 646 4864 inat.
666 4825 769 4878 proram.
793 4827 821 4875 p.
841 4811 893 4860 377
911 4807 1021 4858 eundem
1044 4807 1094 4857 iste
1113 4808 1198 4858 Attico
1218 4805 1306 4872 thymo
1327 4807 1435 4857 tinctum
1454 4805 1512 4855 Pari
1532 4805 1567 4855 le·

206 4961 209 4969 .
245 4910 309 4964 pore
327 4908 483 4948 consecutus
502 4909 527 4948 et
546 4910 627 4948 mctru
649 4895 827 4978 buchananum
895 4895 964 4946 atas
982 4893 1097 4944 vicissim
1119 4907 1144 4943 ut
1163 4891 1205 4944 ille
1223 4893 1362 4944 Santeniua
