3906 5564
638 332 718 390 aar.
737 331 848 391 emm.
866 331 939 389 nra.
957 333 1016 387 1111
1034 335 1057 399 1,
1077 335 1138 386 o-
1151 335 1183 386 er

277 446 300 490 p.
313 434 374 478 2⁶00.
387 435 412 476 at
428 432 452 475 P.

435 607 436 610 Ἴ
512 575 515 580 .
561 542 616 605 age
640 543 721 588 nunc
744 526 884 594 comitas,
909 523 985 589 ierte
1008 543 1093 589 sacra
1118 523 1249 588 Baccho:

254 645 321 690 nam
337 629 405 706 ‘ago
423 645 504 691 nnnc
520 629 658 692 comites’
674 630 863 710 anapaestica
880 626 1015 710 dipodia,
1033 630 1123 692 ‘lecte
1138 645 1222 692 sacra
1240 627 1369 692 llaccho’
1387 626 1573 710 phalaeclum

254 739 382 794 metrum
405 737 459 792 est.
506 733 577 794 item
601 751 638 796 ex
661 731 789 795 iambica
811 729 876 794 basi
899 740 929 794 et
950 731 1127 796 choriambo
1149 733 1207 804 sic,

579 915 582 922 Ι
699 851 809 898 norum
832 833 927 898 melos
949 835 1041 916 Lydia
1064 834 1130 899 dic:

228 957 322 1002 anam
346 940 467 1003 ‘aarum
490 937 598 1002 melos’
623 937 682 1001 dua
705 945 776 1002 sunt
798 937 905 1010 iambi,
929 937 1033 1020 ‘Lydia
1049 938 1111 1002 dic’
1129 935 1141 1023 ΙΙ
1158 937 1361 1004 choriambus.
1407 957 1514 1002 rursus
1537 957 1573 1000 ex

254 1041 382 1106 dimetro
403 1044 595 1126 anapaestico
619 1050 649 1104 et
671 1041 801 1106 dimetro
824 1041 955 1106 iambico
979 1041 1153 1106 catalectico
1177 1044 1236 1115 sic,

408 1163 463 1226 ago
486 1147 606 1210 conscia
629 1145 729 1218 blesa,
753 1164 857 1210 sacras
879 1143 1012 1228 seopulis
1035 1146 1116 1209 reler
1138 1165 1270 1228 sanaque
1294 1157 1417 1210 cantus:

247 1235 328 1331 '‘age
352 1252 472 1314 conscia
486 1250 569 1314 blasa
585 1267 688 1314 sacros
708 1250 858 1332 scopulis’
883 1249 1044 1314 dimetrum
1061 1251 1303 1332 anapaesrionm,
1326 1249 1425 1314 ‘rcier
1441 1269 1574 1332 sanaque

253 1357 375 1418 cantus’
412 1355 576 1418 dimetrum
619 1351 779 1418 iambicum
813 1352 1031 1417 catalecticum.
1091 1355 1163 1418 item
1202 1374 1238 1419 ex
1277 1353 1408 1416 dimetro
1444 1354 1573 1418 iambico

217 1483 241 1523 ro
253 1456 414 1523 acatalecto
438 1466 468 1521 et
490 1456 619 1520 dimetro
642 1456 796 1520 trochaica
819 1455 992 1522 catalectico
1014 1457 1071 1530 sic,

496 1559 602 1624 beatus
624 1559 674 1626 ille
697 1563 748 1643 qul
771 1560 893 1644 procul,
919 1559 1008 1624 tollor
1030 1563 1061 1624 in
1085 1570 1202 1625 montes
1228 1580 1333 1642 vagus:

252 1683 320 1729 nam
345 1664 471 1728 ‘beatus
493 1662 544 1727 llle
567 1667 618 1748 qni
639 1664 764 1748 procul’
789 1664 951 1728 dimetrum
976 1675 1022 1729 est
1043 1664 1205 1728 iambicum
1229 1663 1441 1738 acatalectum,
1467 1665 1573 1729 ‘tollor

252 1771 282 1832 in
304 1778 424 1834 mantes
447 1772 550 1850 ragus'
576 1769 739 1833 dimetrum
763 1779 809 1833 est
832 1767 1017 1832 trochaicum
1041 1767 1258 1833 catalecticum.

337 1872 421 1937 Adeo
437 1870 587 1936 fecundus
603 1873 745 1936 varietate
768 1874 938 1937 carminum
957 1881 989 1936 et
1010 1871 1171 1953 singularis
1186 1872 1303 1936 artiilcii
1319 1875 1350 1935 in
1367 1871 1573 1954 excogitandis

218 1997 241 2038 ιε
255 1977 340 2040 noris
362 1976 467 2040 metris
489 1974 538 2039 hic
561 1983 666 2039 auctor
689 1984 749 2050 est,
774 1985 806 2038 ut
830 1985 860 2040 et
882 1977 992 2040 ceteris
1014 1976 1131 2041 ratibus
1153 1977 1328 2039 imitationis
1350 1995 1421 2040 suae
1444 1978 1475 2039 in
1492 1997 1572 2040 cam·

252 2080 399 2161 ponendis
422 2081 526 2144 metris
548 2078 768 2143 observantiam
785 2099 889 2162 parem
912 2080 1045 2144 studiosa
1061 2079 1262 2145 aemulatione
1277 2081 1473 2162 praestiterit.
1504 2098 1571 2143 nam

251 2182 389 2265 plerique
411 2185 567 2265 sequentis
581 2186 647 2246 aevi
671 2183 718 2246 his
739 2185 891 2249 inlormati
916 2193 1083 2249 metrorum
1100 2185 1331 2265 liguratianlbus
1347 2195 1377 2247 et
1392 2183 1571 2264 quibusdam

252 2286 316 2350 allis
338 2295 460 2351 auctore
483 2285 663 2351 Archilocho
688 2285 691 2368 l
718 2289 815 2350 rarias
837 2307 1034 2352 numerorum
1057 2289 1175 2370 species
1203 2297 1233 2353 et
1254 2289 1312 2370 ipsi
1334 2289 1497 2351 commenti
1520 2307 1571 2370 po·

252 2391 339 2454 steris
361 2391 566 2462 tradiderunt,
591 2390 671 2454 uncle
687 2391 914 2455 innumerabilis
930 2389 1304 2474 incomprehensibilisque
1321 2391 1400 2453 venit
1419 2392 1449 2453 in
1467 2409 1571 2454 manus

216 2495 349 2577 rocopia.
394 2513 463 2558 narn
488 2513 523 2558 ex
548 2497 685 2558 trimetro
711 2494 841 2558 iambico
863 2494 1048 2558 archilochio
1070 2494 1217 2560 iambicus
1239 2493 1317 2578 petle
1340 2496 1455 2567 ιιιίιιοι,
1481 2512 1570 2576 quern

252 2599 338 2661 etiam
363 2597 573 2680 decasyllabon
598 2610 717 2670 vocant.
748 2601 893 2682 liguratur
916 2610 963 2663 est
991 2598 1029 2662 ab
1051 2598 1176 2672 alcaeo,
1206 2599 1288 2662 anno
1316 2607 1345 2661 et
1374 2598 1504 2662 alcaicns
1527 2596 1571 2660 cli·

251 2703 342 2774 aihta,
370 2711 404 2764 ut

649 2805 754 2870 locatus
776 2806 827 2868 ille
851 2825 941 2888 quem
965 2815 1072 2888 patens
1095 2805 1179 2870 deus.

251 2911 322 2972 item
346 2907 570 2993 laeplasyllahon
593 2911 820 2973 anacreontium
843 2911 972 2992 primam
995 2907 1111 2972 hahens
1133 2909 1253 2990 longam
1279 2907 1460 2992 [athlitmn]‚
1485 2917 1517 2970 at

215 3035 240 3078 aa
685 3031 766 3076 nunc
787 3031 872 3076 sacra
896 3012 973 3076 lerte
996 3012 1033 3076 acl
1056 3031 1134 3076 aras.

251 3117 323 3179 item
347 3135 381 3179 en
407 3118 545 3180 trimetro
568 3117 698 3182 iambico
721 3115 895 3181 catalectico
918 3116 1019 3180 medlo
1042 3116 1186 3180 trochaeo
1209 3117 1345 3180 immisso
1367 3113 1455 3199 siml

515 3221 750 3304 trahuntque
772 3223 896 3284 siccas
919 3219 1117 3283 machinae
1140 3222 1306 3284 carinas.

253 3342 321 3388 nam
349 3343 365 3386 a
396 3323 576 3389 Callimacho
605 3325 721 3388 medius
757 3323 918 3386 trochacus
946 3325 1077 3388 insertus
1107 3332 1152 3386 est
1180 3323 1310 3388 iambico
1340 3324 1450 3387 versui.
1496 3322 1571 3386 haec

254 3427 349 3491 iorma
372 3429 555 3492 conveniens
577 3419 712 3492 saturnio
735 3429 836 3490 versui
866 3437 921 3490 est.
966 3428 1038 3490 item
1062 3425 1209 3490 iambicus
1232 3428 1379 3490 ditaretrus
1401 3424 1518 3488 solutus
1541 3427 1570 3488 in

215 3529 440 3614 sotribrachyn,
1178 3608 1182 3616 ἱ

669 3636 749 3716 agite
772 3634 864 3716 fugite
886 3635 1015 3716 qualite,
1039 3635 1147 3718 Satyri.

252 3739 321 3803 item
345 3757 382 3802 cx
404 3737 472 3803 basi
494 3739 646 3804 trochaica
670 3747 699 3800 et
722 3739 867 3812 molosso,
1099 3731 1101 3736 ’

317 4007 492 4076 2phallicum
512 4007 677 4071 Gairfordiua
747 4007 762 4057 'l
782 4005 848 4056 reier
866 4021 1034 4069 resanusque,
1053 4011 1081 4056 nt
1102 4006 1211 4068 videtur,
1233 4019 1304 4060 corr.
1325 4003 1391 4054 reler
1409 4019 1527 4069 serraque
1545 4004 1570 4055 A

319 4079 352 4130 10
369 4073 521 4144 ammento]
542 4075 665 4126 catalecto
685 4073 710 4125 B
723 4076 782 4126 Vel.
800 4076 958 4126 catalect..o
977 4077 1003 4126 A
1069 4075 1101 4126 lb
1120 4073 1277 4125 trochaicum
1291 4073 1481 4124 acatalectianm
1501 4089 1571 4126 corr.

251 4145 409 4198 trochaicum
421 4144 596 4198 catalecticum
615 4145 640 4197 A
659 4143 817 4197 trochaicum
830 4143 1019 4197 acatalecticamr
1039 4143 1065 4194 B
1081 4143 1141 4196 Vel.
1170 4167 1174 4174 ·
1195 4144 1227 4195 18
1245 4139 1315 4208 eliis]
1329 4144 1389 4198 ,ιιίἰε
1408 4144 1432 4194 A
1446 4142 1501 4198 Be

250 4217 283 4268 20
301 4230 361 4266 nam
376 4215 491 4267 trimetro
509 4215 535 4268 A
548 4211 574 4264 B
594 4229 652 4265 nam
672 4229 685 4264 e
702 4215 818 4265 trimetro
837 4227 854 4270 ς
922 4215 957 4265 at
975 4211 1173 4280 heptasyllabam
1192 4225 1208 4269 ς
1222 4211 1248 4262 Β
1266 4211 1456 4280 eptasyllahnm
1475 4213 1500 4262 A

252 4284 345 4336 habent
366 4283 472 4352 longam
494 4283 609 4335 additam
633 4295 661 4332 ut
683 4298 751 4334 ranae
774 4298 849 4334 sacra
872 4285 908 4332 ire
930 4283 963 4332 ad
986 4296 1045 4332 oras
1064 4280 1128 4333 AB
1157 4282 1254 4332 habens
1278 4281 1383 4348 longara
1406 4281 1519 4331 additam
1544 4291 1570 4331 ιιι

251 4369 319 4406 nanc
336 4368 426 4405 saeros
444 4354 479 4403 ite
496 4352 530 4404 acl
548 4366 608 4403 aras
626 4366 652 4408 ς.
676 4360 874 4406 anacreonteum
886 4351 1088 4417 heptasyllabam
1106 4367 1142 4402 ea
1160 4352 1268 4402 dimetro
1286 4349 1392 4402 iambico
1411 4349 1570 4402 archilochia

251 4424 392 4476 derivatum
410 4429 452 4490 eat
466 4439 493 4488 p.
511 4424 556 4487 81,
569 4425 613 4473 21.
647 4420 759 4472 additum
780 4428 863 4472 amem
881 4423 961 4472 laeum
979 4419 1134 4486 nonhabet,
1154 4422 1205 4471 aisa·
1221 4436 1257 4470 aar
1268 4421 1379 4485 phallico
1392 4434 1467 4470 aerea
1481 4420 1509 4470 id
1519 4436 1570 4470 aaa·

206 4547 210 4555 ,
250 4499 315 4544 haar
332 4494 393 4544 cleri
409 4493 488 4544 noluit
502 4492 683 4558 prmeaaeticua
734 4490 768 4540 26
787 4505 818 4540 ex
838 4486 854 4550 tl
874 4490 990 4540 trimetro
1009 4489 1034 4540 A
1090 4488 1253 4540 acatalectico
1267 4487 1293 4537 B
1350 4489 1383 4539 27
1402 4485 1570 4555 trahuntque]

253 4561 319 4614 Hor.
336 4577 416 4613 carm.
436 4559 453 4612 1
471 4562 495 4618 t.
513 4563 530 4611 2
601 4558 734 4610 machinas
752 4575 823 4610 coar.
843 4571 886 4608 -ac
904 4559 929 4608 A
1003 4557 1037 4608 28
1057 4573 1114 4608 nam
1133 4572 1149 4608 a
1168 4557 1323 4610 Callimacho
1342 4569 1359 4612 ς
1384 4572 1442 4608 rrum
1461 4555 1570 4609 lallache

253 4631 324 4682 AB.
353 4630 502 4682 wimachi
518 4645 607 4682 namen
626 4647 662 4682 aa
683 4627 786 4680 Terent.
806 4626 894 4678 eliaam.
914 4629 983 4678 retr
999 4629 1090 4692 petiuit
1108 4627 1283 4680 Camerarius.
1310 4627 1482 4692 deindepost
1504 4627 1570 4676 iam-

252 4699 306 4752 bica
329 4700 417 4751 versui
438 4701 591 4766 exemplam,
613 4701 689 4767 quale
707 4703 747 4748 est
769 4699 841 4763 apud
857 4695 968 4749 Plotium
991 4697 1024 4747 rie
1047 4712 1122 4748 nerra
1144 4701 1261 4750 cataonia
1279 4712 1305 4760 p.
1323 4697 1392 4746 2650
1415 4695 1570 4759 trahuntque

251 4769 332 4820 siccas
359 4767 454 4820 multas
478 4767 613 4820 machinae
639 4768 754 4824 carinas,
787 4769 827 4818 ael
848 4781 865 4815 a
887 4765 1002 4817 librariis
1025 4767 1065 4816 nel
1086 4765 1118 4817 ab
1141 4768 1200 4832 ipsa
1222 4763 1358 4817 Victorino
1381 4765 1496 4816 οιιιίεειιιιι
1520 4774 1568 4816 eat.

251 4837 322 4889 huius
342 4839 413 4890 modi
426 4853 518 4890 nerana
536 4845 620 4889 autem
637 4837 709 4904 aptari
729 4833 907 4887 Callimachum
929 4837 1044 4886 iacenter
1062 4851 1119 4885 erse
1143 4835 1249 4886 tradunt
1269 4833 1368 4885 Plotius
1386 4835 1403 4886 1.
1423 4850 1447 4885 c.
1466 4841 1492 4884 et
1511 4835 1571 4885 Ali-

252 4907 299 4958 ttae
316 4907 521 4960 fortunatianus
536 4923 565 4973 p.
584 4909 653 4957 2⁶80
721 4906 755 4956 29
774 4905 892 4956 saturnio
911 4917 928 4961 ς
946 4915 1052 4955 ειιιιιιιο
1073 4905 1096 4954 Α
1114 4903 1137 4954 lt
