3874 5556
904 307 1124 390 nuscuntur
1205 363 1207 368 -

769 519 908 590 summes
929 518 959 578 in
984 515 1096 595 digitos
1119 519 1197 595 agit:

769 626 957 702 angusteque
978 619 1118 682 tenacula

733 747 758 789 ee
773 723 870 785 donec
894 720 1010 784 lubrica
1035 724 1153 786 sarcina

736 819 737 824 ’
773 827 847 889 tanti
871 844 927 908 per
949 827 1081 906 spatium
1103 827 1169 888 cavi

771 932 802 992 in
826 929 926 992 lucem
950 947 1092 1011 superam
1117 939 1213 1000 exeat,

773 1017 893 1096 alterna
918 1029 982 1094 vice
1005 1031 1150 1111 pollicum

775 1145 872 1200 certat
894 1135 1016 1198 vincere
1039 1135 1185 1215 penderis

642 1279 646 1285 ·
729 1261 756 1302 aa
772 1243 802 1302 in
826 1257 972 1321 praeceps
995 1239 1114 1301 facilem
1138 1240 1250 1319 lugam.

769 1343 812 1406 nil
836 1361 979 1423 magnum
1004 1360 1116 1432 gerere
1134 1343 1216 1404 hune
1239 1351 1336 1425 putes,

683 1501 689 1508 .
770 1454 801 1509 et
824 1455 940 1510 tantum
963 1447 994 1506 ln
1019 1444 1122 1526 digitis
1145 1465 1239 1529 epus;
1332 1488 1339 1501 .

769 1553 889 1613 cunctis
911 1548 1081 1612 uisceribus
1105 1559 1205 1612 tamen

769 1652 907 1716 eccultus
932 1650 1061 1732 trepidat
1085 1650 1181 1724 labor,

654 1751 659 1758 ’
731 1779 757 1819 re
772 1765 867 1818 tetum
891 1774 1019 1818 cernere
1043 1774 1100 1817 nec
1123 1755 1233 1836 palam,

769 1879 829 1942 quo
853 1869 948 1923 tetum
971 1861 1089 1936 geritur
1113 1877 1216 1940 queas.

771 1967 870 2029 caecis
893 1961 1017 2025 ilatibus
1041 1965 1140 2024 intimi
1230 2037 1234 2046 Ι
1329 1973 1332 1980 ’

770 2068 938 2131 tenduntur
962 2065 1091 2127 laterum
1115 2068 1207 2136 sinus,

768 2179 798 2233 et
821 2169 927 2252 poples
951 2171 1052 2232 tremit
1075 2179 1104 2231 et
1127 2189 1217 2250 genu,

730 2256 826 2336 enee
849 2272 970 2353 plantae
993 2271 1117 2336 stabiles
1139 2281 1269 2340 manent,

769 2378 811 2440 nil
835 2379 970 2438 immune
992 2375 1186 2456 relinquitur.

768 2490 799 2542 et
821 2498 913 2563 parva
937 2487 983 2542 est
1007 2481 1053 2542 ria
1077 2478 1206 2540 viribus:
1238 2477 1242 2486 '

761 2601 833 2646 mes
856 2583 1030 2645 certaminis
1053 2591 1083 2646 ct
1106 2580 1222 2652 modus,

769 2685 862 2749 sudor
885 2686 956 2748 dum
981 2685 1089 2748 solitus
1109 2684 1197 2747 cadat

623 2783 628 2792 ¹
731 2789 854 2856 sunnila
878 2788 956 2852 mole
980 2791 1180 2870 palaestrica.¹

811 2891 861 2954 Sic
885 2903 1022 2956 nestrum
1046 2895 1165 2955 senium
1189 2911 1319 2975 qrroqne,

768 2998 840 3076 qula
864 2997 922 3057 lam
946 2995 1047 3057 dicere
1072 2996 1197 3080 grandia

768 3109 920 3162 maturum
944 3101 1101 3179 ingenium
1125 3111 1224 3179 negat,

768 3222 824 3266 nec
846 3204 963 3284 spirant
986 3205 1103 3264 animas
1126 3203 1229 3275 fibrae,

727 3315 925 3386 ssangustam
949 3306 1038 3368 studii
1064 3307 1140 3368 riam

768 3420 798 3472 et
821 3409 926 3472 callem
951 3418 1072 3473 tenuem
1098 3412 1177 3482 terit,

771 3524 887 3578 tantum
911 3532 948 3574 ne
973 3511 1049 3575 nrale
1073 3512 1182 3576 desidi·

772 3625 916 3680 suescant
938 3634 990 3678 era
1014 3615 1144 3682 silentiu.

664 3743 668 3748 ·
767 3720 838 3804 qnid
863 3721 902 3781 sit
923 3717 1039 3791 littera,
1064 3719 1245 3800 quiddam,
1321 3721 1325 3726 ’

728 3825 890 3888 seiunctae
914 3822 986 3904 qnid
1011 3822 1068 3884 situ
1092 3822 1233 3904 syllabae,

768 3928 876 3990 dumos
899 3927 978 3988 inter
1002 3935 1031 3988 et
1055 3946 1161 4010 aspera

767 4031 922 4112 scrupnsis
945 4031 1103 4110 sequimur
1126 4031 1217 4094 vadis.

764 4135 865 4196 irente
888 4131 965 4195 exile
989 4135 1142 4213 negotium

766 4243 796 4297 et
818 4237 943 4318 dignum
967 4235 1069 4318 pueris
1092 4247 1193 4318 putem

726 4359 752 4403 aa
766 4340 918 4421 adgressis
940 4339 1026 4416 labor
1049 4341 1162 4404 arduus

636 4430 640 4436 ⁵
766 4461 822 4507 nec
846 4443 1001 4507 tractabile
1025 4444 1144 4522 pondus
1167 4455 1221 4508 est.

767 4558 797 4610 at
820 4567 907 4610 mens
931 4547 1064 4612 tenditur
1087 4553 1196 4625 acrius,

375 4773 377 4778 ¹
447 4718 476 4766 31
504 4717 567 4766 tanti
597 4729 643 4781 per
661 4709 820 4765 Pernlrnaius
843 4705 969 4773 tantisper
992 4705 1022 4757 M
1090 4707 1125 4760 tu
1147 4721 1246 4760 uterum
1270 4725 1373 4760 cernere
1396 4707 1506 4777 Lngnnn
1575 4709 1699 4776 atquae

377 4811 460 4853 tetum
480 4802 658 4853 Lacimunaus
727 4801 762 4852 43
786 4795 929 4850 tunduntur
954 4796 1120 4847 Hetrlrlriar'us
1188 4799 1222 4849 tu
1245 4796 1313 4846 cudit
1338 4795 1476 4849 Barlaamus
1545 4799 1579 4848 60
1598 4798 1701 4849 iunctae

379 4901 445 4966 utrae
463 4887 513 4938 silei
532 4886 631 4955 syllaba
651 4887 760 4955 Lugarnn
