3874 5556
414 319 481 389 340
968 344 1187 394 raucarum

414 438 437 476 p.
449 427 503 468 2884
517 425 541 469 Ρ.

518 517 690 602 melampus
711 530 742 583 at
764 521 888 604 duplum
912 523 1062 598 manebit,
1086 523 1162 588 nihil
1185 521 1272 586 obest
1295 525 1458 606 correptio.

570 637 617 686 Au
640 631 741 686 tanuen
764 644 873 709 capere
896 627 1013 691 ridetur
1034 647 1124 710 saepe
1146 627 1329 711 productum
1352 645 1470 696 sonum.

570 729 749 810 auspices
772 749 840 793 cum
863 729 929 793 dico
953 741 982 794 et
1005 751 1147 803 aurum.
1172 731 1236 793 sire
1260 731 1395 793 Graccus
1417 723 1551 812 αὔριον.

570 833 647 896 mira
671 851 727 896 nec
750 833 883 916 putanda
908 835 998 898 nobis
1021 835 1089 900 talis
1112 835 1275 899 alternatio
1298 844 1355 904 cst,

569 934 738 1000 dichronon
761 939 843 1019 quod
867 931 964 1020 ἄλφα
984 948 1089 1004 notum
1114 948 1174 1011 cst.
1200 940 1278 1001 sicut
1300 951 1322 999 s
1348 937 1549 1009 nostratibus:
1571 1004 1580 1019 ,

516 1063 555 1104 aaa
571 1039 641 1102 inde
664 1059 856 1104 communem
880 1045 1032 1105 ministrat
1054 1041 1116 1105 sola
1140 1040 1346 1122 diphthongus
1368 1059 1484 1104 sonum.

569 1158 615 1208 uu
637 1153 741 1208 manet
763 1157 919 1228 correpta,
943 1164 1066 1228 semper
1088 1154 1135 1210 est
1157 1145 1236 1228 quod
1261 1164 1277 1208 ε
1300 1163 1442 1226 graccum
1466 1143 1576 1210 brcre:

570 1247 676 1311 litteris
697 1257 727 1311 ct
750 1263 772 1312 Ε
795 1247 896 1314 latinis
918 1269 1009 1332 saepe
1032 1268 1100 1312 cum
1125 1250 1163 1312 sit
1185 1249 1358 1318 dichronas.

569 1353 645 1414 lacta
669 1351 874 1434 diphthongos
897 1353 1035 1435 nequibit
1058 1372 1124 1416 esse
1146 1352 1288 1435 producti
1311 1356 1389 1424 soni,

568 1473 625 1518 nec
646 1454 742 1538 pedes
765 1457 879 1520 idcirco
903 1457 1024 1519 fraudat
1047 1466 1220 1540 temporum
1244 1457 1324 1520 iusto
1348 1457 1447 1520 modo.

498 1581 554 1642 ,roo
568 1558 645 1622 hauc
669 1563 748 1623 enirn
771 1562 796 1621 si
820 1560 1049 1641 protrahamus.
1073 1575 1097 1622 a
1119 1559 1253 1632 sonabit,
1276 1574 1299 1622 Ε
1323 1569 1353 1622 et
1374 1573 1407 1630 u,

567 1660 711 1745 syllabam
734 1681 790 1727 uec
815 1664 982 1726 invenimus
1005 1683 1041 1725 cx
1065 1663 1163 1726 tribus
1187 1661 1348 1725 vocatibus.

568 1768 613 1829 sic
634 1767 845 1829 Aristaeum
872 1774 1012 1829 notamus
1035 1774 1178 1847 quattuor
1200 1785 1255 1848 per
1278 1763 1417 1848 syllabas,

568 1869 648 1948 quod
671 1869 731 1932 sibi
753 1868 959 1951 diphthongos
981 1881 1028 1932 ΔΕ
1051 1872 1111 1932 iarn
1135 1871 1257 1932 tertiam
1281 1889 1342 1931 non
1366 1873 1465 1948 iungit
1487 1885 1520 1932 tt.

610 1971 666 2036 llis
688 1975 728 2035 ita
754 1975 889 2054 exceptis
911 1973 1044 2047 duabus,
1068 1987 1115 2035 nu
1139 1981 1168 2036 ct
1192 1987 1253 2044 Ευ,
1278 1991 1354 2055 quas
1376 1971 1489 2045 rettuli.

515 2089 581 2138 caat
605 2089 636 2138 et
658 2089 680 2139 0
704 2077 782 2139 duae
805 2085 971 2158 supersunt
994 2079 1127 2160 quinque
1150 2078 1187 2140 de
1212 2074 1375 2140 vocalibus.

611 2180 689 2242 lntc
712 2181 830 2244 vocales
854 2181 947 2242 locari
970 2180 1071 2244 littera
1095 2193 1118 2242 0
1142 2189 1203 2242 tres
1227 2199 1286 2243 non
1309 2189 1418 2265 potest.

567 2297 589 2345 s
613 2281 660 2345 rel
682 2297 695 2345 1
719 2283 764 2368 rel
787 2297 810 2346 u
833 2283 1003 2347 cohaerens
1025 2281 1177 2365 duplicem
1201 2291 1234 2345 ut
1257 2281 1365 2347 rodda't
1387 2304 1506 2349 sorrunr.

566 2394 702 2450 ceterum
725 2385 805 2469 quod
829 2401 866 2457 Ε,
891 2388 1025 2449 secundo
1049 2385 1187 2468 copulata
1212 2405 1279 2450 cunr
1303 2386 1370 2450 loco
1393 2398 1449 2460 est,

567 2487 674 2552 reddat
696 2503 742 2553 ott
766 2489 989 2573 diphthongcn',
1014 2508 1081 2552 csse
1104 2491 1248 2553 traditum
1272 2509 1361 2573 supra
1386 2500 1481 2554 tenes.

513 2612 553 2654 aro
610 2593 749 2656 Diximus
770 2593 874 2657 rarum
898 2612 962 2656 csse
986 2593 1110 2656 Graecis
1133 2589 1217 2656 laice
1240 2603 1308 2675 post
1331 2613 1353 2656 v
1375 2594 1528 2658 subdere:

567 2715 669 2758 verum
693 2698 774 2759 cuim
799 2715 855 2759 ncc
878 2695 1047 2779 praelocari
1071 2697 1115 2760 sic
1138 2697 1217 2779 apud
1242 2697 1351 2760 Graios
1373 2706 1482 2780 potest,

474 2845 477 2852 -
566 2800 635 2863 edat
657 2809 690 2862 ut
712 2799 923 2884 diphthongon
948 2819 1037 2864 unam
1062 2799 1100 2863 dc
1124 2799 1241 2864 duabus
1263 2799 1390 2864 reculis.

565 2905 687 2968 litterae
710 2922 779 2967 naut
802 2923 912 2967 nornen
936 2907 1051 2987 ipsum,
1076 2902 1161 2966 loica
1182 2905 1262 2987 quod
1287 2905 1395 2968 Graius
1417 2915 1513 2978 rorat,

565 3011 661 3091 siquis
683 3011 714 3071 ln
738 3019 835 3071 metro
858 3007 985 3080 locabit,
1009 3006 1141 3091 syllabae
1165 3017 1198 3071 ut
1220 3009 1293 3070 liant
1314 3009 1401 3080 duae,

513 3124 627 3180 corloon
651 3121 750 3196 potest
772 3111 977 3194 diphthongos
1000 3131 1067 3175 csse
1091 3131 1131 3174 ιω
1155 3109 1272 3175 duabus
1293 3109 1413 3185 litteris

565 3235 737 3281 consonans
760 3219 843 3297 prior
867 3215 964 3278 locata
988 3217 1055 3299 quia
1080 3217 1112 3278 lit
1135 3223 1165 3276 et
1188 3217 1294 3278 Graios
1317 3217 1406 3296 apud.

527 3380 530 3386 .
566 3321 645 3404 quod
669 3320 724 3383 tibi
747 3317 886 3402 exemplo
909 3319 1041 3401 probare
1065 3337 1169 3382 versus
1191 3318 1303 3381 herous
1325 3329 1436 3402 potest,

532 3411 536 3419 ¹
565 3409 667 3497 οὗτος
689 3421 773 3487 ἰῶτα
794 3417 921 3505 γράφει
945 3441 1050 3485 versus
1072 3426 1099 3485 si
1121 3425 1307 3505 principium
1330 3423 1378 3493 sit.

565 3547 619 3610 pes
642 3531 700 3592 crit
722 3530 837 3611 primus
861 3526 1037 3590 trochaeus:
1061 3527 1112 3589 scd
1138 3527 1208 3589 lacit
1230 3517 1377 3608 spondion
1403 3527 1484 3591 hunc

512 3635 663 3715 ⁵¹⁰printa
684 3631 810 3702 vocalis,
836 3632 932 3695 notari
956 3627 1037 3694 laico
1061 3651 1118 3712 qua
1143 3631 1266 3694 Graium
1290 3633 1413 3712 incipit;

564 3735 691 3818 syllabas
713 3735 784 3798 licet
807 3735 899 3798 videri
924 3737 1024 3817 potius
1048 3735 1102 3797 has
1126 3735 1233 3797 Graeci
1256 3735 1348 3798 velint

565 3859 631 3904 csso
655 3857 846 3910 communes,
872 3857 983 3918 easque
1007 3837 1145 3901 dictitent
1168 3827 1287 3910 κοινάς
1309 3839 1414 3918 magis,

564 3962 702 4026 quaeque
726 3941 835 4006 uocalis
857 3952 1000 4025 sequetur
1022 3941 1141 4023 quando
1164 3959 1338 4024 supremam
1361 3940 1494 4005 brevem.

565 4061 577 4108 1
601 4049 695 4128 magis
719 4045 852 4110 Romana
876 4045 977 4124 lingua
1002 4065 1061 4108 non
1085 4053 1183 4125 potest
1207 4035 1410 4128 praemittere,

512 4165 550 4208 su
565 4150 635 4214 edat
658 4157 690 4213 ut
713 4149 922 4231 diphthongon
948 4149 998 4210 ulli
1024 4148 1132 4212 nexilis
1156 4149 1312 4218 rorallum,

565 4271 735 4318 consonans
757 4253 836 4335 quod
861 4271 981 4332 semper
1003 4249 1077 4314 hacc
1102 4254 1134 4314 ut
1158 4263 1227 4314 autc
1251 4251 1368 4315 vocales
1390 4253 1469 4315 data.

566 4359 678 4441 quippe
700 4357 824 4421 iacula
848 4355 970 4438 quando
993 4355 1061 4417 dico
1089 4354 1133 4416 rol
1158 4357 1263 4418 iecur
1286 4355 1406 4417 lovem
1431 4365 1483 4417 aut
1506 4355 1644 4429 iubam,

565 4479 735 4524 consonans
759 4460 865 4522 ellecta
889 4459 1002 4541 ubique
1027 4468 1088 4530 est,
1113 4475 1189 4540 quae
1213 4461 1270 4522 luit
1293 4457 1403 4520 vocalis
1427 4473 1454 4522 1:

476 4619 527 4672 487
546 4615 637 4668 litteris
656 4615 715 4667 etE
733 4614 821 4666 latinis
835 4613 975 4667 santanae
992 4613 1131 4666 Litterlsl]
1150 4614 1237 4666 latinis
1251 4615 1282 4665 M
1300 4612 1390 4664 litteris
1411 4612 1429 4662 E
1449 4613 1474 4663 lu
1494 4613 1580 4665 latinis
1605 4615 1727 4668 Waasen·

407 4703 527 4772 tergatur
545 4705 618 4770 apud
629 4701 778 4755 Sontenium
847 4703 898 4753 499
916 4699 1007 4769 supra]
1027 4719 1049 4754 o.
1068 4703 1121 4753 tta
1178 4695 1375 4765 condiximus]
1394 4717 1415 4750 o.
1436 4701 1488 4750 ⁴15
1557 4702 1608 4753 502
1627 4701 1725 4753 uoculis

407 4789 542 4842 anealua
559 4792 629 4842 misc.
649 4791 709 4844 crit.
727 4793 785 4855 pl
804 4787 937 4838 uocalibus
951 4788 984 4837 M
1000 4787 1108 4838 uocibus
1129 4789 1249 4854 Micyllus
1318 4787 1368 4837 bib
1388 4783 1431 4834 ulli
1451 4784 1592 4838 Santonica
1615 4787 1678 4838 nulli
1697 4786 1728 4840 M

442 4875 493 4926 bil
510 4871 599 4926 Iouem
617 4885 663 4926 aut
682 4875 768 4925 lubam
788 4889 805 4931 ς
823 4873 931 4924 lOl'Ell
949 4889 981 4924 an
1002 4873 1109 4924 transt
1130 4875 1161 4924 tll
