3888 5550
393 377 460 448 4152
677 393 781 445 naara
803 393 926 445 rnorn
950 377 1003 466 [ar.
1027 376 1191 464 aaaron]
1216 391 1439 446 sacnaooms

394 495 416 534 p.
429 485 462 527 29.
475 484 501 526 ³0
515 483 542 525 i’.
964 515 969 522 .

483 571 524 634 De
547 571 714 654 epenthesi.
761 568 943 651 Epenthesis
966 577 1025 642 est,
1050 588 1118 633 eum
1142 569 1173 632 ln
1196 568 1297 632 medio
1321 568 1412 632 serbo
1436 578 1487 631 aut
1509 569 1608 634 littera
1632 571 1718 634 addi·

394 683 457 748 tnr,
482 684 515 738 ιιι
538 674 710 757 relliquias,
735 683 787 738 aut
807 673 938 758 syllaba,
962 682 994 736 ut
1018 673 1146 741 lllarora.

481 777 524 841 lle
548 795 708 860 paragoge.
756 779 908 861 Paragoge
939 788 999 848 est,
1029 795 1097 840 cnm
1128 781 1158 841 in
1187 779 1247 842 lloe
1276 777 1360 840 verbi
1389 775 1502 859 syllaba
1527 777 1662 848 additur,
1687 787 1720 840 nt

395 880 607 946 ‘admittier
630 883 771 944 orant'.

481 983 523 1048 lle
547 984 715 1066 aphaeresi.
761 983 943 1067 aphaeresis
959 985 991 1048 lit
1007 982 1172 1070 [encope],
1196 1003 1265 1050 enm
1289 985 1420 1066 aprima
1444 993 1530 1065 parte
1553 982 1636 1046 vorbi
1658 984 1746 1067 syl-s

394 1087 838 1173 mfflmmmm.
1511 1069 1618 1118 “’

482 1193 524 1256 De
546 1209 690 1275 syncope.
734 1193 873 1276 Syocope
901 1189 962 1264 est',
992 1211 1061 1256 eum
1090 1192 1128 1256 de
1157 1191 1257 1254 medio
1285 1191 1378 1255 verbo
1400 1190 1500 1255 littera
1524 1190 1653 1272 tollitur,
1684 1201 1720 1254 ut

394 1294 547 1366 oraclum,
570 1293 616 1358 vel
639 1294 767 1378 syllaba,
793 1306 826 1358 ut
849 1297 937 1359 rixet.
964 1352 972 1369 ,
1071 1357 1075 1365 ,

480 1397 524 1462 lle
547 1417 692 1481 apocope.
739 1401 881 1482 hpocope
904 1407 974 1470 est,x
991 1415 1059 1462 curo
1083 1399 1113 1461 in
1136 1399 1196 1461 ilne
1220 1398 1364 1462 dictionis
1388 1397 1500 1480 syllaba
1524 1397 1655 1468 tollitur,
1686 1405 1719 1458 ut

394 1502 525 1566 luxuriat
546 1521 604 1585 pro
628 1504 798 1566 luxuriatur
822 1513 854 1565 et
876 1500 969 1566 luctat
991 1521 1046 1584 pro
1068 1503 1208 1566 luctatur.
1732 1523 1756 1563 ιι

482 1607 523 1670 De
548 1605 703 1670 antithesi.
750 1605 915 1669 antithesis
938 1614 984 1669 est
1006 1605 1126 1669 litterae
1155 1623 1211 1688 pro
1241 1605 1341 1670 littera
1365 1606 1577 1677 commutatio,
1607 1613 1639 1666 ut
1667 1603 1717 1666 olli

393 1729 449 1794 pro
471 1709 550 1784 llli.l
1031 1771 1036 1786 ,

482 1813 523 1878 lle
547 1811 717 1877 metathesi.
763 1813 939 1877 bletatbesis
963 1825 1023 1885 est.
1051 1833 1118 1877 cnm
1149 1815 1244 1878 isdem
1272 1815 1383 1878 litteris
1412 1815 1444 1877 in
1475 1811 1566 1875 aerbo
1596 1830 1720 1875 manen·

398 1915 477 1979 tibus
500 1917 532 1979 lit
555 1917 766 1979 transmutatio
789 1915 973 1987 litterarum,
998 1937 1032 1982 ac
1055 1919 1081 1982 sl
1104 1919 1188 1983 dieas
1213 1917 1354 2001 leriqnias
1379 1937 1435 1999 pro
1457 1916 1610 2000 reliquias.

481 2019 523 2082 lle
547 2017 669 2101 systole.
715 2017 832 2102 Systole
856 2029 914 2092 est,
938 2021 1008 2084 cum
1031 2019 1178 2101 producta
1194 2009 1306 2103 syllaba
1331 2017 1435 2084 contra
1456 2021 1604 2082 rationem
1629 2019 1717 2080 metri
1731 2041 1755 2080 rs

393 2141 484 2187 causa
506 2123 683 2204 corripitur,
709 2132 742 2186 ut
764 2123 1035 2207 ‘stetirnntqne
1059 2127 1195 2188 comae’
1219 2144 1274 2207 pro
1296 2132 1454 2188 steterunt.

481 2226 524 2290 lle
540 2225 641 2290 ectasi.
678 2225 794 2291 Ectasis
806 2237 862 2308 ost,
877 2247 945 2290 cum
958 2227 1270 2310 corripiendasyllaba
1282 2228 1462 2310 producitur
1473 2227 1563 2289 metri
1573 2243 1671 2296 causa,
1686 2232 1718 2286 ut

602 2329 787 2413 religione
811 2340 953 2412 patruni
978 2331 1113 2395 mnltos
1134 2341 1274 2396 serrata
1298 2351 1362 2413 per
1386 2347 1511 2401 annos,

394 2442 427 2496 nt
449 2451 482 2497 re
499 2435 701 2516 producatur,
725 2453 802 2516 quae
818 2455 940 2516 semper
964 2445 1103 2517 correpta
1128 2437 1358 2516 pronuntiatur,
1382 2443 1413 2496 et
1434 2432 1630 2516 ‘reliquias
1653 2431 1718 2494 [la-

394 2541 527 2618 nanm’.
573 2537 625 2600 sed
655 2537 686 2600 bl
710 2557 813 2602 versus
843 2537 979 2621 acephali
1003 2538 1160 2609 dicuntur,
1189 2547 1222 2600 ut
1245 2537 1394 2601 llomerus
1417 2525 1549 2618 ’ἐπειδὴ
1572 2529 1660 2616 νῆάς
1682 2553 1754 2599 reso

395 2633 453 2702 nol
471 2631 748 2722 ‘santonensem
794 2644 873 2704 sicut
895 2661 912 2705 e
935 2645 1087 2705 contrario
1111 2645 1143 2705 io
1167 2651 1265 2704 nrctro
1288 2640 1554 2723 proceleumatico.
1583 2637 1634 2701 ubi
1657 2655 1719 2700 om·

397 2763 450 2808 nes
473 2742 579 2808 breves
603 2763 668 2808 esse
691 2743 816 2818 debent,
846 2747 967 2827 ponitur
990 2746 1171 2808 norissimus
1194 2763 1247 2827 pes
1269 2753 1451 2827 anapaestus
1469 2760 1532 2821 pro
1560 2740 1717 2824 proceleu-

394 2851 517 2920 matico,
551 2856 585 2911 ut
601 2851 761 2912 laevissima
785 2849 898 2930 syllaba
916 2847 1063 2920 solantur,
1087 2867 1164 2932 quae
1188 2847 1275 2929 longa
1301 2860 1360 2917 est.
1385 2857 1413 2909 er
1438 2866 1492 2930 pro
1516 2845 1635 2908 duabus
1651 2845 1718 2907 bro·

395 2953 480 3015 ribus
511 2954 691 3032 accipiatur.
728 2961 761 3015 ut
795 2961 840 3014 est
875 2950 948 3015 iilnd
978 2971 1121 3032 graecum
1152 2945 1244 3027 ’ὄνος
1267 2945 1347 3026 ὄνος
1373 2943 1529 3013 ἀπέθανε
1557 2949 1625 3012 τίνι
1654 2947 1720 3009 τίνι

393 3050 569 3138 θανάτφ;’
604 3075 651 3140 τῳ
686 3059 767 3120 enim
795 3056 883 3134 longa
918 3075 972 3136 pro
999 3055 1116 3118 duabus
1143 3054 1285 3118 breuibus
1319 3054 1415 3118 soluta
1449 3053 1604 3134 accipitur.
1651 3069 1754 3117 names
1818 3099 1821 3103 -

394 3161 520 3238 ‘geraus
551 3157 721 3222 labants’
749 3161 827 3222 sient
855 3161 990 3221 metricis
1017 3159 1129 3240 placet.
1157 3168 1190 3222 ut
1217 3158 1487 3240 proceleumaticus
1515 3173 1571 3238 pro
1599 3154 1717 3235 dactylo

395 3263 448 3331 sit,
472 3258 590 3324 dnabus
613 3260 766 3345 prioribus
792 3261 932 3324 brevibus
954 3280 1011 3343 pro
1034 3279 1094 3324 una
1117 3262 1205 3344 longa
1229 3263 1377 3343 positis*

463 3419 478 3467 'l
499 3415 535 3468 De
552 3431 669 3486 syncope
687 3435 714 3484 p.
735 3419 795 3476 tes.
818 3419 829 3467 1

462 3558 479 3607 1
496 3550 641 3624 admittier]
665 3555 743 3619 Verp¹
766 3554 830 3606 Aen.
855 3553 950 3605 VIIII
963 3557 1016 3605 231
1088 3559 1104 3606 b
1121 3553 1271 3622 aphaeresis
1286 3553 1313 3603 lle
1328 3553 1365 3604 rel
1379 3568 1504 3619 earcopeo
1575 3553 1591 3602 'i
1609 3551 1642 3603 de
1654 3566 1713 3616 syo·

389 3639 506 3709 eopeB
575 3643 691 3701 Sciret]
720 3640 799 3706 Very.
819 3641 887 3692 Aea.
909 3639 1028 3692 111118.
1066 3642 1136 3691 rixet
1158 3641 1199 3690 cni
1224 3641 1300 3690 eitam
1325 3639 1389 3690 alens
1408 3633 1522 3706 (Proh.)
1545 3640 1577 3690 de
1597 3639 1715 3704 altspll.

394 3745 421 3793 p.
445 3729 506 3785 aas,
521 3729 568 3778 to:
582 3725 620 3791 cs.
632 3726 747 3792 Pompei.
762 3743 788 3792 p.
803 3727 864 3784 285,
878 3728 920 3777 29.
935 3729 995 3787 297,
1009 3729 1041 3776 to
1095 3729 1127 3778 10
1140 3725 1264 3786 lusoriae]
1283 3725 1362 3791 Verq.
1375 3741 1464 3792 peorp.
1478 3722 1529 3774 111
1541 3727 1575 3774 81
1629 3717 1715 3789 irrotat]

403 3813 509 3866 Terent.
528 3814 629 3878 Herpr.
657 3813 683 3862 V
700 3813 725 3870 3,
746 3815 790 3864 31.
810 3811 845 3876 es.
863 3827 946 3877 supro
963 3828 989 3877 p.
1011 3815 1098 3872 450,9
1171 3813 1202 3862 iti
1221 3807 1410 3880 steteruntque]
1434 3809 1514 3876 Verp.
1535 3811 1602 3860 Aera.
1623 3808 1717 3859 11771

327 3951 331 3957 ,
436 3899 468 3950 18
487 3894 624 3968 religione]
648 3897 728 3964 Verp.
748 3899 814 3948 elea.
838 3897 872 3948 11
891 3901 941 3947 715
1029 3895 1130 3948 serbata
1150 3897 1176 3948 B
1265 3899 1296 3948 to
1315 3893 1450 3962 reliquias]
1473 3896 1551 3962 Verp.
1574 3893 1717 3945 Aeolid

445 3985 559 4036 danaum
583 3995 608 4035 et
626 3983 753 4051 religione
773 3995 874 4050 patrum
898 3985 943 4034 sed
963 3981 989 4033 B
1093 3986 1126 4035 ‘20
1145 3983 1235 4034 aceiali
1255 3981 1280 4032 B
1384 3981 1528 4047 Homerus]
1549 3981 1582 4033 Il.
1605 3977 1667 4029 Ψ2

395 4073 426 4122 il
446 4063 675 4138 Ἑλλήσποντον]
696 4065 841 4124 [boecii.
855 4069 880 4120 B
950 4073 983 4120 22
1003 4085 1050 4137 pro
1069 4087 1116 4120 ora.
1130 4068 1163 4130 B,
1183 4071 1244 4122 add.
1262 4087 1284 4121 o.
1356 4071 1389 4120 tt
1408 4061 1486 4136 ὄνος]
1509 4067 1577 4121 Plnt.
1597 4067 1718 4116 demetr.

396 4174 423 4223 p.
443 4160 512 4209 2651
532 4157 640 4208 moreris
659 4156 733 4206 asine
756 4155 863 4206 moreris
887 4157 962 4207 nilne
985 4155 1115 4223 vapulans
1202 4157 1235 4206 25
1254 4171 1312 4206 nam
1332 4154 1481 4222 gerrrralubit
1498 4153 1523 4204 B
1543 4167 1601 4202 raam
1626 4165 1718 4218 genere

395 4242 488 4292 salebia
506 4259 533 4294 o:
556 4243 636 4308 Verq.
656 4243 723 4295 Aen.
746 4241 806 4292 xta
824 4243 875 4293 905
894 4255 980 4308 genera
998 4239 1094 4303 labant,
1115 4240 1216 4308 gelidus
1235 4243 1365 4292 coracrerir
1383 4239 1481 4307 l'rigore
1499 4238 1618 4304 sangaris.
1654 4237 1718 4286 ideae

395 4344 485 4380 nerana
508 4331 534 4379 ia
558 4329 685 4394 exemptis
707 4329 783 4378 metri
804 4331 951 4393 nepam-teti
971 4331 1072 4394 positae
1093 4328 1230 4392 ertiasrm
1250 4327 1318 4379 Plot.
1338 4329 1460 4379 demetr.
1480 4341 1506 4391 p.
1525 4325 1608 4389 2611.
1646 4337 1719 4389 quara

395 4416 541 4468 doctrinam
558 4417 583 4466 ai
599 4413 647 4466 hoc
666 4429 765 4480 quoqne
783 4417 840 4466 loeo
856 4416 1038 4478 psammeticus
1055 4421 1157 4465 secretus
1175 4421 1227 4472 est,
1247 4413 1324 4465 uerba
1343 4411 1442 4463 lacunis
1459 4417 1486 4462 et
1502 4405 1658 4475 pertendere
1676 4422 1718 4458 or-

395 4501 600 4565 diaeeorrnpto
618 4501 655 4550 ito
672 4499 731 4562 sere
750 4501 853 4551 restitui
868 4507 985 4565 protraat,
1003 4500 1069 4550 sicut
1087 4499 1186 4551 conieci
1207 4501 1261 4551 inrl.
1281 4503 1339 4551 leet.
1361 4497 1468 4549 Helene.
1488 4493 1587 4546 bibero.
1608 4509 1633 4544 a.
1654 4495 1717 4544 1872

392 4603 420 4653 p.
440 4585 457 4638 1
462 4587 493 4647 V,
513 4577 615 4652 ἐπειδὴ
636 4580 709 4652 νῆάς
733 4599 763 4636 ra
782 4581 832 4636 noel
847 4575 1060 4652 Ἑλλήσποντον
1079 4585 1186 4638 isauro.
1225 4601 1282 4636 nam
1303 4591 1401 4652 ‘genua
1418 4583 1514 4645 labent,
1539 4577 1641 4646 gelidus
1660 4591 1719 4629 eoo·

395 4672 475 4723 erevit
492 4671 590 4740 frigore
608 4673 729 4738 sangnis’
753 4683 793 4722 est
817 4687 907 4723 terens
927 4683 1091 4737 asyonrtetns
1111 4685 1232 4737 quattuor
1251 4673 1340 4722 breves
1360 4670 1391 4720 ab
1410 4669 1483 4718 initio
1502 4667 1611 4730 babeas,
1635 4679 1719 4732 genua

394 4757 426 4816 la.
445 4759 514 4809 sicut
533 4759 648 4808 metricis
668 4756 764 4825 placet,
785 4767 812 4808 nt
830 4758 1061 4825 proceleumaticus
1082 4773 1129 4826 pro
1148 4757 1251 4824 dactylo
1271 4757 1314 4822 sit,
1332 4756 1433 4807 duabus
1447 4753 1578 4822 prioribus
1597 4751 1718 4804 brevibus

395 4857 442 4909 pro
465 4857 517 4894 noa
539 4842 619 4910 longa
641 4845 750 4912 positis,
779 4845 847 4895 sieut
870 4859 883 4895 e
906 4846 1036 4896 contrario
1060 4845 1084 4895 in
1105 4857 1186 4895 metro
1213 4842 1428 4911 proceleumatico
1446 4857 1503 4908 sqq.
1541 4839 1636 4891 deinde
1660 4841 1718 4888 nate

392 4931 612 4997 episynaloephea
631 4933 747 4994 delinitio
761 4933 864 4998 liparae
883 4931 1035 4982 diaereseos
1054 4931 1102 4996 (cs.
1120 4948 1150 4997 p,
1168 4933 1227 4990 111,
1248 4931 1274 4997 1)
1294 4929 1400 4980 excidit.
