3874 5556
285 347 290 358 ·
376 323 440 390 272
653 359 659 372 ·
868 325 991 380 ceusu
1009 325 1113 379 unser
1132 325 1211 378 erc.

402 427 491 482 pitissb
509 425 530 468 Ρ.
1509 425 1670 482 pisum.

377 515 463 577 nobis
486 515 588 596 pueris
611 515 659 576 bic
690 514 805 578 loculus
829 517 866 579 ad
889 517 1125 580 corrdrmuudanr
1149 519 1324 581 memoriam
1349 516 1494 598 prodesse
1525 519 1695 598 plurimum,

377 629 488 699 quanto
513 621 656 682 maiorem
681 629 778 702 potest
801 620 890 684 nobis
913 621 1033 683 adlerre
1049 623 1230 703 voluptatem
1253 629 1426 702 quantoque
1449 621 1616 702 pleniorem
1640 623 1695 683 uti·

376 721 489 785 litatem
519 725 651 786 carmina
682 726 764 784 inter
793 743 898 786 manus
927 723 1108 786 habentibus
1140 735 1304 788 metrorum
1337 726 1416 786 varia
1448 727 1595 792 tractatio,
1627 743 1695 786 cum

376 826 503 888 subinde
533 827 610 909 apud
641 837 744 906 poetes
773 845 806 890 ea
830 845 907 907 quae
936 825 1044 890 lallunt
1066 829 1224 910 imperitos
1255 837 1349 890 metra
1373 831 1484 890 inserta
1509 829 1644 891 numeris
1666 840 1696 890 ot

377 932 547 992 intermixta
572 930 756 992 carminibus
778 929 790 1014 ΙΙ
813 931 869 992 bae
892 941 957 992 arte
980 929 1263 1010 deprehendemus?
1293 933 1330 992 de
1354 931 1463 1012 quibus
1487 935 1517 994 in
1542 931 1587 992 bis
1610 931 1721 996 libriss

377 1032 602 1114 explicabimus,
634 1051 708 1114 quus
731 1034 769 1096 tle
794 1036 909 1097 melicis
933 1036 1029 1114 puetis
1053 1044 1083 1096 et
1105 1033 1142 1096 de
1167 1037 1289 1114 tragicis
1319 1035 1420 1096 eboris
1447 1037 1591 1118 scripturi
1616 1035 1709 1096 ride·

378 1155 455 1206 mur.
480 1137 590 1220 quibus
607 1155 729 1200 necesse
746 1141 804 1200 erit
820 1140 908 1200 etiam
932 1155 1040 1216 graeca
1064 1139 1259 1219 interponere
1280 1139 1427 1219 exempla,
1452 1138 1530 1220 qrrrrd
1556 1157 1593 1200 ne
1618 1139 1694 1200 lacc-

289 1287 292 1292 -
377 1259 480 1303 remus
502 1244 534 1304 in
559 1241 717 1304 lroc'libro
748 1241 976 1304 elaboravimus.
1023 1260 1091 1304 narn
1115 1241 1299 1303 sirulumus
1325 1243 1468 1304 (leonini
1492 1245 1608 1304 ratione
1632 1261 1695 1304 rar·

378 1347 491 1407 minum
515 1343 627 1415 dicere,
653 1363 778 1407 necesse
802 1353 847 1406 est
870 1343 906 1406 ad
930 1363 1034 1408 eorum
1059 1346 1161 1426 copias
1185 1363 1306 1406 maurim
1329 1346 1527 1426 porrigamus,
1552 1349 1602 1428 qui
1627 1363 1693 1406 eum

378 1459 480 1512 essent
495 1468 555 1512 uon
573 1458 688 1511 uotum
705 1459 812 1530 poetae
828 1450 1040 1530 perlectissimi
1057 1449 1108 1510 sed
1126 1451 1214 1511 etlam
1232 1451 1348 1518 musici,
1372 1451 1440 1510 sine
1462 1467 1571 1528 magno
1593 1447 1694 1510 labore
1709 1471 1734 1510 ro
1797 1447 1800 1453 '

378 1555 564 1634 praeparatis
587 1550 751 1614 utebantur
775 1551 975 1615 facultatibus.

447 1759 555 1810 inobis
574 1759 649 1810 nubis
669 1759 801 1826 puerisB
865 1759 1006 1826 plurimum
1025 1759 1185 1827 prodesses
1221 1741 1329 1814 'blane
1347 1773 1421 1828 parre
1439 1759 1532 1816 Alis
1594 1761 1695 1823 bquus

376 1827 526 1948 ldgupxplegiscip
544 1831 639 1953 mli}
650 1841 674 1879 et
691 1829 724 1880 de
742 1828 859 1897 Tragicis
877 1829 933 1885 :B
951 1829 1023 1893 quud
1041 1829 1074 1880 de
1092 1830 1185 1882 melitis
1205 1832 1290 1898 poetis
1309 1843 1336 1882 et
1354 1831 1461 1897 tragicis
1481 1833 1504 1880 A
1576 1829 1696 1880 uolonu-
