3858 5560
383 349 449 416 210
642 352 645 358 “
952 343 1143 418 VICTORINI
1651 412 1655 421 .

410 465 433 508 p.
447 449 536 504 1⁸9⁸?-
1387 457 1390 463 ’
1520 445 1602 501 ΜΒ.
1615 445 1642 488 89
1655 442 1679 486 L

334 593 335 598 1
384 546 455 606 sunt
478 559 583 605 tersus
605 539 771 602 hexametri
800 535 938 619 dactylici
967 536 1102 600 tantuml
1139 535 1198 610 Qui
1220 553 1273 598 sex
1301 533 1431 615 pedihus
1454 533 1608 619 dactylicis
1631 553 1703 598 con·

384 653 475 718 stant,
497 652 618 728 praeter
642 641 719 706 bella
743 650 774 703 et
796 640 874 705 iacta
896 640 1024 704 heroum
1054 638 1212 722 quodlibet
1233 637 1314 701 aliud
1337 639 1543 712 continentes,
1572 646 1606 701 ut
1632 647 1702 719 puta

360 748 478 812 'veluti
497 757 569 814 suut
591 743 728 810 bucolica
758 754 788 809 et
815 741 954 825 georgica
983 752 1144 824 ceteraque
1172 741 1263 805 huius
1291 740 1383 804 modi.
1427 740 1485 815 Qui
1499 748 1584 806 ‘sunt
1612 742 1703 804 hexa-

272 842 280 857 '
336 907 338 910 .
385 854 474 916 metri
497 850 634 933 dactylici
655 848 760 912 heroii
794 846 852 920 Qui
874 845 956 911 helia
976 856 1006 910 et
1028 865 1078 910 res
1101 855 1200 927 gestas
1217 846 1355 940 'heroum
1372 843 1642 929 complectuntur,
1672 853 1704 906 ut
1759 929 1762 934 Ι

227 993 230 1000 ·
303 1021 317 1044 ,
383 963 455 1039 puta
478 954 567 1018 veluti
590 953 659 1017 ilias
681 953 806 1017 Homeri
827 963 857 1016 et
879 949 1001 1030 Vergilii
1015 951 1134 1014 Aeneis.
1180 949 1238 1023 Oui
1260 958 1308 1013 est
1328 965 1382 1032 pes
1404 949 1547 1036 quintusi
1576 949 1729 1022 Quinurss

384 1058 504 1141 quidem
527 1077 589 1141 pes,
602 1075 724 1140 semper
747 1055 891 1139 dactylus.
923 1054 1058 1142 Quare?
1091 1054 1135 1118 lio
1157 1052 1237 1138 quod
1260 1071 1383 1135 semper
1404 1052 1436 1114 in
1458 1065 1548 1117 uersu
1570 1053 1704 1134 exeeptis

383 1160 451 1226 aliis
479 1157 569 1234 loeis,
608 1153 718 1241 quibus
747 1160 826 1222 varie
855 1160 995 1241 ponittir,
1030 1160 1166 1241 quintam
1200 1159 1356 1239 regionem
1391 1153 1508 1219 obtinet
1539 1157 1703 1238 propriam,

384 1267 543 1348 minusque
566 1263 643 1328 ienis
665 1273 710 1328 est
731 1281 846 1334 versus,
870 1263 922 1342 qui
945 1264 1049 1343 quinto
1065 1261 1133 1325 ioco
1148 1260 1316 1344 spondeum
1338 1261 1434 1342 magis
1448 1277 1537 1342 qnam
1554 1257 1703 1340 dactylum

382 1367 532 1441 habuerit.
557 1378 587 1432 et
609 1366 765 1431 uocabitur
786 1365 980 1448 spondlaqom
1005 1364 1097 1429 veluti
1120 1374 1166 1428 est
1187 1363 1248 1436 iiie,

634 1479 697 1536 aut
717 1470 819 1534 leves
841 1487 974 1533 ocreas
995 1468 1101 1532 lento
1124 1468 1269 1532 ducunt
1291 1476 1461 1550 argento.
1716 1478 1741 1520 1⁰

383 1579 464 1640 sicut
487 1576 639 1659 spondeus
661 1592 782 1658 quoque
805 1592 820 1636 a
844 1571 1024 1656 quibusdam
1047 1571 1170 1654 quidem
1193 1575 1271 1636 imus
1294 1591 1348 1653 pes
1371 1573 1611 1653 cognominatur.
1635 1571 1703 1654 quia

381 1681 539 1761 regionem
561 1685 675 1742 sextam
699 1695 820 1759 semper
842 1675 966 1748 obtinet,
989 1693 1047 1739 nec
1069 1694 1212 1758 umquam
1236 1674 1372 1758 dactylus
1393 1676 1426 1737 in
1448 1675 1507 1738 line
1529 1675 1661 1756 ponitur.

469 1781 528 1856 Qui
550 1781 657 1846 modus
679 1787 725 1843 est
746 1777 926 1861 syliabarum
949 1781 980 1842 in
1010 1798 1100 1843 versu
1128 1779 1304 1844 hexametro
1328 1779 1480 1861 dactylico
1506 1780 1568 1841 sire
1591 1777 1703 1841 herooi

384 1886 490 1952 Omnis
513 1886 619 1950 reisue
641 1885 816 1949 hexameter
838 1882 1002 1964 dactylicus
1024 1885 1089 1946 sire
1112 1883 1226 1947 herous
1241 1902 1256 1945 a
1273 1883 1434 1948 duodecim
1457 1881 1579 1966 syllabis
1593 1883 1704 1944 crescit
1798 1933 1803 1944 .

383 1990 540 2076 usquead
564 1988 667 2052 decem
692 1997 723 2052 et
743 1995 871 2071 septem.
896 2006 965 2050 nam
989 1989 1041 2068 qui
1064 1989 1215 2060 minimas,
1232 1987 1244 2070 ΙΙ
1261 1985 1353 2051 hahet
1367 1985 1499 2070 syllabas
1522 2003 1581 2048 nou
1604 1986 1740 2048 minuata
1773 2029 1779 2039 .

223 2065 225 2070 Ι
308 2107 311 2112 ’
382 2114 473 2178 quam
495 2092 670 2165 duodecim
708 2095 760 2176 qui
784 2093 934 2156 maximus
957 2099 1018 2168 est.
1052 2109 1112 2153 non
1146 2089 1216 2173 pius
1248 2107 1338 2173 quam
1371 2089 1477 2154 decem
1511 2087 1544 2154 ‘ct
1576 2099 1702 2171 septem.

383 2198 461 2272 Quid
486 2197 577 2278 ergoi
605 2195 783 2278 pierumque
805 2196 940 2259 iuvenies
968 2212 1088 2257 versum
1118 2194 1224 2257 decem
1254 2201 1285 2256 et
1313 2205 1382 2257 octo
1409 2183 1587 2275 aut'rtginu
1615 2190 1703 2276 sylia-

383 2298 558 2372 harum‚·ut
581 2307 653 2362 sunt
674 2297 715 2368 hi,
1295 2299 1299 2308 '

507 2401 655 2484 quando
677 2400 782 2465 aliud
805 2399 895 2464 mihi
918 2403 987 2465 iam
1017 2403 1184 2465 miserae
1206 2400 1305 2484 nihil
1327 2405 1412 2484 ipsa
1436 2401 1581 2484 reliqui

384 2521 417 2573 et
482 2542 485 2546 ss
684 2526 687 2534 ·
1716 2511 1741 2551 ²⁰

404 2587 407 2594 ⁴
515 2619 578 2673 aut
600 2626 718 2673 onera
741 2609 945 2690 accipiunt
967 2608 1185 2679 uenientum
1214 2617 1278 2672 aut
1299 2611 1447 2689 agmine
1470 2608 1574 2670 iacto
1626 2623 1630 2633 ·

320 2724 415 2779 .at

454 2898 468 2947 1
487 2893 630 2946 hexametri
647 2891 768 2958 dactylici
787 2902 885 2944 tanturm
905 2893 976 2944 ridor.
1001 2894 1101 2945 Victor.
1122 2895 1163 2957 70,
1177 2895 1212 2944 20
1298 2894 1331 2944 13
1354 2889 1403 2952 Qui
1421 2891 1514 2944 modus
1534 2903 1573 2942 est
1591 2892 1702 2959 syliaba-

385 2979 441 3016 rum
460 2963 533 3016 Mor.
556 2962 655 3014 Victor.
676 2963 718 3025 72,
732 2964 765 3012 12
783 2962 866 3017 naeu.
887 2963 948 3028 114,
962 2964 997 3013 13
1408 2959 1416 2988 a

454 3121 468 3170 1
487 3129 586 3170 tanetum
605 3117 649 3180 qui
669 3131 717 3167 sex
729 3115 839 3184 pedibus
852 3115 945 3168 dactici
964 3127 1068 3168 constat
1084 3115 1106 3169 0
1123 3117 1168 3183 qui
1187 3127 1284 3167 tantum
1304 3129 1351 3167 sax
1368 3116 1479 3184 pedibus
1497 3117 1624 3169 dactilicis
1642 3133 1703 3170 ocu-

385 3202 454 3242 stant
474 3189 498 3239 A
577 3189 593 3237 2
612 3185 678 3236 belia
697 3185 819 3237 haraeum
839 3195 863 3237 et
881 3185 949 3237 iacta
967 3186 1083 3249 quolibet
1101 3184 1123 3237 G
1144 3184 1211 3236 bella
1229 3197 1254 3236 et
1271 3184 1340 3236 iacta
1358 3185 1465 3237 ireroum
1484 3199 1509 3237 et
1526 3185 1660 3251 quodlibet
1678 3189 1703 3239 A

455 3267 562 3323 utpute
581 3253 699 3306 uelutiO
768 3255 1058 3321 accommodata
1123 3256 1204 3319 iqui
1222 3254 1288 3306 bella
1306 3255 1414 3306 laeroum
1432 3271 1474 3307 res
1492 3269 1517 3307 et
1534 3267 1625 3324 gestas
1643 3271 1704 3308 con·
1766 3275 1769 3288 ·

383 3327 529 3396 plectantur
548 3325 584 3375 uti
603 3334 665 3392 puta
684 3322 762 3374 ueluti
782 3323 829 3375 has
849 3327 931 3375 omerl
949 3335 974 3375 et
991 3323 1091 3392 uirgiiii
1109 3326 1183 3375 anias
1204 3324 1286 3389 cqut
1298 3323 1365 3376 balla
1377 3337 1402 3376 ει
1413 3325 1537 3377 haraeum
1555 3341 1596 3377 rea
1615 3337 1703 3393 gestas

306 3395 312 3408 ‘
383 3395 581 3462 conplectuntur
599 3403 627 3444 ut
645 3403 709 3461 puta
728 3393 807 3444 ueluti
825 3403 864 3444 eat
882 3393 939 3444 ilias
959 3393 1058 3444 homeri
1076 3401 1102 3444 et
1120 3393 1217 3512 nirqiiii
1236 3393 1343 3445 enaidos
1358 3393 1388 3446 'A
1406 3395 1450 3459 qui
1469 3393 1535 3446 bella
1553 3395 1661 3446 heroum
1680 3404 1705 3446 et

384 3480 425 3517 res
449 3474 539 3532 gestus
562 3462 767 3528 complectuntur
789 3473 816 3513 ut
837 3473 900 3530 puta
922 3462 1001 3514 ueluti
1025 3461 1145 3514 sutilius
1187 3465 1267 3513 omari
1286 3475 1311 3513 ει
1329 3462 1425 3530 nirgiiii
1444 3478 1538 3516 aeneas
1558 3465 1633 3518 Goth.

384 3533 463 3599 oqui
482 3535 496 3584 ἔ
515 3547 562 3600 pes
585 3533 692 3596 quintus
716 3531 783 3582 idem
806 3533 851 3596 qui
874 3532 1008 3582 dactilicus
1027 3545 1108 3595 quara
1130 3532 1236 3595 quintus
1256 3533 1270 3583 e
1288 3547 1318 3583 eo
1337 3533 1409 3596 quod
1427 3547 1530 3600 semper
1548 3533 1568 3584 G
1590 3534 1638 3584 iut.
1658 3533 1704 3597 qui

384 3614 425 3654 est
443 3617 489 3670 pes
509 3602 615 3665 quintus
634 3599 665 3652 li.
684 3601 788 3664 quidem
807 3601 853 3664 qni
871 3599 989 3666 dactylus
1008 3599 1056 3650 lut.
1075 3615 1156 3664 quare
1174 3603 1280 3665 quintus
1299 3600 1329 3654 ii.
1349 3603 1411 3666 quia
1423 3617 1526 3670 semper
1543 3603 1569 3654 A
1589 3601 1651 3663 Quis
1665 3613 1705 3653 εει

385 3688 431 3740 pes
455 3669 580 3734 qutnmst
603 3667 735 3734 Dactyiua.
761 3668 845 3729 Quare
867 3671 973 3734 quimus
995 3669 1097 3736 dactylo
1119 3670 1260 3738 compedit
1284 3669 1350 3730 Quia
1373 3685 1477 3739 semper
1499 3671 1648 3723 Aratum
1671 3672 1704 3722 de

384 3749 457 3793 metr.
476 3739 535 3790 Mai
551 3742 628 3789 elusa.
647 3745 714 3790 unet.
739 3739 808 3805 Vp.
827 3741 883 3790 523
956 3739 1098 3806 ipropria
1117 3739 1258 3791 obtinetA
1333 3739 1433 3792 Siauis
1451 3741 1508 3796 Ae
1526 3740 1632 3792 1εείεο

385 3813 441 3860 ioco
464 3824 512 3860 om.
531 3806 559 3866 0.
578 3809 640 3859 add.
659 3809 683 3858 A
771 3809 787 3859 il
810 3807 974 3874 spondiazon
997 3809 1078 3859 ueluti
1100 3819 1140 3859 εει
1158 3807 1200 3859 ille
1219 3811 1244 3860 A
1269 3810 1429 3876 spondeicon
1450 3808 1519 3859 uelut
1536 3809 1619 3860 ittec

385 3883 418 3932 10
436 3873 492 3944 aut]
517 3877 595 3943 Ver-p.
615 3878 682 3928 Aea.
705 3875 764 3926 VII
782 3879 837 3928 03⁴
923 3877 1019 3927 discent
1039 3889 1148 3944 argento
1172 3887 1198 3929 et
1220 3879 1278 3929 ideo
1302 3893 1349 3929 uec
1373 3880 1402 3930 iu
1419 3877 1470 3928 ilua
1491 3876 1610 3945 dactylus
1628 3877 1704 3928 deber

384 3949 447 4015 poni
465 3947 534 3996 sicut
552 3961 597 3996 nec
615 3944 744 4012 spondius
763 3945 789 3995 in
808 3945 898 4009 quinto
916 3945 974 3996 ioco
993 3945 1122 4012 spondius
1141 3957 1227 3998 autem
1245 3960 1262 3997 a
1279 3947 1435 4010 quibusdum
1453 3947 1522 3998 imus
1541 3962 1588 4014 pes
1601 3960 1702 4013 cogito-

385 4018 497 4068 miuatur
517 4017 540 4066 A
596 4017 627 4065 l‘l
645 4025 747 4066 sextam
766 4013 865 4065 obtinet
883 4028 1023 4080 numquam
1041 4029 1057 4065 a
1076 4013 1186 4067 dactiius
1205 4017 1232 4066 iu
1250 4015 1301 4066 line
1319 4019 1425 4084 ponitur
1443 4014 1465 4067 0
1480 4025 1582 4067 sextam
1600 4029 1703 4081 semper

384 4087 501 4138 obtineat
518 4099 565 4135 uec
583 4097 706 4147 umquam
724 4081 833 4134 dactiius
851 4083 878 4133 in
898 4082 948 4134 line
966 4094 1079 4152 ponatur
1096 4085 1122 4136 A
1136 4084 1211 4138 Goth.
1279 4087 1312 4138 ts
1330 4087 1357 4136 in
1375 4100 1453 4136 uersu
1471 4095 1602 4136 exametro
1621 4084 1702 4135 dacti-

383 4155 448 4206 iicus
468 4154 553 4206 omnia
572 4168 664 4204 uersus
688 4163 820 4204 exametrn
842 4151 953 4204 dactilus
972 4153 1029 4204 siue
1047 4155 1148 4204 eroicus
1170 4153 1191 4205 0
1210 4155 1277 4204 inter
1295 4169 1399 4205 uersum
1421 4165 1555 4205 exametro
1573 4151 1702 4220 dactylico

383 4227 441 4275 siue
459 4233 590 4274 exametrc
611 4220 643 4276 lt.
667 4223 751 4274 omnis
769 4235 862 4272 uersus
880 4233 1011 4273 emmeter
1027 4220 1171 4288 dactylicus
1194 4224 1251 4274 siue
1269 4237 1346 4274 araus
1364 4225 1390 4274 A
1412 4225 1438 4274 in
1456 4237 1533 4274 uersu
1553 4222 1702 4274 hexametro

383 4293 510 4358 dactylico
533 4293 589 4343 sine
613 4291 763 4343 hexametro
786 4290 900 4342 heroico.
928 4290 1018 4343 Omnis
1041 4307 1133 4342 uersus
1157 4281 1306 4344 heximeter
1332 4291 1475 4357 dactylicus
1498 4293 1556 4344 slus
1583 4291 1702 4344 heroicus

386 4361 534 4415 Atdheiruua
551 4378 577 4426 p.
597 4362 651 4412 523
721 4362 755 4412 ld
773 4359 907 4426 usquead
926 4369 1026 4429 septem
1044 4372 1071 4412 et
1091 4359 1181 4412 decern
1199 4363 1226 4414 A
1248 4376 1332 4426 nsque
1349 4359 1504 4412 aduodeelm
1526 4372 1552 4412 et
1574 4363 1664 4413 neuim
1683 4358 1704 4411 G

454 4431 498 4495 qui
517 4431 640 4482 minimus
659 4430 716 4484 As
734 4430 778 4493 qui
795 4429 923 4482 minnsG
987 4429 1019 4481 16
1037 4431 1082 4494 qui
1101 4431 1231 4483 maximus
1249 4455 1284 4468 -
1301 4441 1400 4497 septem
1418 4431 1506 4486 oseA
1571 4444 1624 4481 uon
1643 4429 1702 4497 pius

384 4515 461 4566 quam
481 4498 567 4552 xvth
587 4499 676 4551 Gnon
694 4496 783 4564 plures
802 4512 880 4560 quam
893 4497 968 4549 xvii
986 4511 1003 4555 ς
1056 4502 1088 4551 lt
1107 4499 1170 4563 quid
1188 4513 1252 4567 ergo
1272 4513 1357 4550 noune
1375 4497 1526 4565 plerumque
1544 4499 1701 4551 inueniasA

437 4569 470 4620 18
488 4579 522 4635 nt
534 4583 582 4620 om.
598 4568 626 4632 O,
645 4567 745 4620 addat
805 4567 838 4618 19
856 4567 961 4631 quando
981 4566 1121 4632 si-sttqutd
1139 4567 1202 4619 mihi
1222 4570 1271 4618 iam
1290 4569 1413 4618 miserere
1431 4569 1484 4620 nisi
1501 4569 1560 4636 ipsa
1578 4567 1703 4634 reliqui&

384 4637 490 4702 quando
513 4636 577 4688 aliut
599 4635 661 4687 mihi
680 4637 731 4687 iarn
751 4633 813 4686 nihii
837 4637 891 4686 uita
909 4636 1002 4701 reliqui
1021 4638 1062 4689 A:
1084 4637 1164 4705 Verg.
1181 4639 1249 4690 Aen.
1268 4635 1341 4688 IIII
1358 4639 1412 4688 315
1496 4639 1532 4690 20
1549 4648 1575 4688 et
1591 4648 1620 4688 ut
1637 4635 1702 4689 hora

384 4707 515 4774 accipiunt
526 4706 671 4757 uenientem
684 4716 730 4756 εει
746 4703 767 4756 0
784 4705 844 4755 item
863 4715 908 4756 aut
926 4719 1006 4756 onera
1022 4708 1154 4773 accipiunt
1172 4717 1216 4758 aut
1234 4709 1259 4759 A
1279 4716 1366 4756 etant
1385 4719 1464 4756 ones-a
1481 4707 1613 4772 accipiunt
1632 4707 1703 4758 ueni·
1762 4715 1765 4724 “

384 4777 487 4826 entibus
507 4775 581 4828 Goth.
600 4775 661 4827 item
679 4785 724 4825 aut
742 4789 822 4826 cnara
845 4776 977 4842 accipiunt
994 4776 1142 4826 uenientum
1161 4789 1187 4827 et
1204 4776 1355 4826 Aiddelmua
1369 4790 1397 4841 p.
1416 4778 1487 4828 523:
1513 4774 1595 4842 Verg.
1612 4791 1703 4842 georg.
1779 4773 1784 4785 '

385 4843 409 4964 qq
406 4843 455 4894 111
471 4847 541 4964 Ξῖἳι
558 4846 625 4963 5⁴32
648 4855 672 4896 et
690 4845 752 4908 quin
771 4843 866 4894 morira
883 4855 911 4896 ει
929 4846 993 4896 meri
1010 4860 1055 4896 ees
1076 4844 1144 4896 ierro
1163 4859 1230 4909 quea
1242 4855 1312 4896 uerte
1324 4843 1441 4895 dolorem
1461 4843 1488 4905 0,
1506 4861 1554 4897 εει.
1568 4847 1606 4896 A:
1623 4846 1702 4916 Verp.
1803 4913 1808 4923 Ι

412 4927 452 4966 en.
597 4933 605 4962 ι
