3904 5556
698 415 703 422 ‚
805 351 1009 404 cesarano
1534 353 1572 403 ιιι

245 522 451 602 sichardosc
474 528 630 609 accepisse
652 527 760 591 scribit
784 530 815 590 in
832 526 1030 609 praefatione,
1055 529 1152 603 ‘Quod
1177 538 1278 593 autem
1302 537 1398 591 restat
1421 530 1574 611 paneade
1624 571 1626 575 -
1714 491 1718 555 ἶ

245 631 425 694 authoribus
456 629 625 694 libellorum
656 634 785 696 istorum
814 630 909 694 uerba
937 632 1091 696 iaciamus.
1143 633 1247 697 Primo
1277 634 1371 712 igitur
1400 634 1575 698 inuenirnus

246 737 466 816 praescriptum
493 755 605 798 nomen
635 736 721 798 hierii
747 737 905 806 Victorini,
934 736 965 796 in
990 735 1204 800 codicecuius
1233 737 1351 818 copiam
1382 735 1471 800 nohis
1502 737 1576 801 iecit

246 840 377 900 eximius
400 838 507 900 lurisc.
532 837 636 901 leann.
661 837 836 910 Sichardns,
863 839 949 900 onius
973 857 1033 900 uno
1062 839 1185 921 quidem
1215 841 1244 902 in
1276 839 1343 902 loco
1374 838 1454 902 tituli
1478 850 1576 920 muta-¹

208 949 210 952 ’
246 943 361 1004 tionem
385 939 707 1022 depraehendimus*),
732 940 881 1004 eiusmodi
910 951 1011 1003 tamen
1042 959 1120 1020 quae
1148 961 1208 1004 non
1237 943 1364 1006 deberet
1387 945 1418 1006 in
1448 941 1574 1006 dubium
1631 979 1634 984 -

246 1063 359 1108 necare
386 1037 585 1108 constantem
614 1055 645 1108 et
674 1054 787 1108 certam
817 1029 1069 1108 huius'nominis
1097 1048 1301 1108 autoritatem.
1352 1045 1439 1108 llunc
1469 1055 1572 1108 notum

245 1143 293 1212 est
316 1149 427 1212 uixisse
451 1147 512 1210 illis
528 1149 721 1231 temporibus
736 1145 847 1230 quihus
870 1157 900 1210 et
916 1147 1049 1210 Donatus
1072 1149 1307 1211 Grammaticam
1323 1150 1436 1214 Romae
1460 1149 1574 1222 docuit,

246 1259 277 1312 et
300 1271 315 1313 a
340 1253 541 1316 Grammatica
565 1252 601 1313 ad
620 1251 800 1314 Rhetoricae
824 1251 898 1313 artis
914 1251 1135 1332 professionem
1152 1267 1358 1332 progressum,
1383 1255 1413 1315 in
1432 1253 1573 1334 opinione
1643 1275 1645 1280 ·

246 1357 383 1418 omnium
406 1356 553 1436 singulari
576 1357 683 1428 inisse,
716 1363 747 1418 et
778 1356 808 1418 in
839 1357 906 1417 loro
936 1363 1064 1418 statuam
1094 1357 1248 1418 meritum.
1300 1352 1382 1416 ldem
1413 1355 1575 1420 admodum

245 1479 341 1522 senex
376 1459 576 1523 Christianam
612 1467 658 1522 est
691 1455 835 1540 pictatem
863 1459 1035 1540 amplexus,
1070 1458 1148 1541 qnod
1181 1459 1308 1536 August.
1338 1456 1491 1523 incolente
1521 1479 1572 1522 ex·

249 1565 363 1644 posuit,
387 1573 421 1624 ut
436 1565 599 1642 separatim
624 1565 735 1645 apponi
752 1565 952 1626 curauimns'.
992 1563 1020 1623 in
1046 1563 1082 1626 iis
1105 1581 1184 1644 quae
1200 1570 1286 1624 anteo
1311 1563 1369 1624 iam
1386 1561 1464 1624 edita
1489 1571 1576 1625 erant

251 1666 445 1728 Camerarius
474 1665 643 1729 Basileensi
670 1666 800 1729 editione
831 1685 902 1729 usus
931 1675 991 1736 est,
1022 1667 1108 1728 cuius
1136 1666 1297 1728 lectionem
1326 1665 1432 1746 paucis
1460 1663 1575 1726 locise

250 1767 355 1831 codice
378 1771 522 1832 correxit.
568 1770 702 1832 secunda
725 1769 839 1832 codicis
861 1768 989 1842 scheda,
1019 1788 1108 1851 quam
1132 1768 1313 1832 Basiieensis
1343 1767 1441 1830 editor
1471 1767 1574 1830 decern

247 1873 337 1934 annis
360 1880 428 1933 anto
452 1870 576 1952 legerat,
603 1861 671 1936 tnm¹
688 1875 747 1936 iam
772 1875 916 1955 perierat.
962 1893 1022 1954 quo
1046 1874 1157 1936 iactum
1182 1879 1228 1932 est
1251 1882 1284 1934 ut
1300 1872 1491 1936 Camerarius
1516 1872 1578 1932 non

248 1973 347 2048 solnm
373 1993 405 2037 ea
430 1993 508 2056 quae
532 1994 568 2038 ex
593 1976 649 2038 bac
672 1986 760 2056 parte
784 1975 861 2038 edita
886 1975 1022 2038 nondum
1046 1985 1134 2038 erant
1157 1975 1197 2056 (p.
1213 1971 1243 2047 6,
1270 1972 1386 2055 10-7,
1410 1971 1464 2052 33)
1489 1977 1577 2036 omit·

249 2087 345 2165 teret,
379 2077 431 2140 sed
461 2082 553 2141 etiam
583 2097 616 2140 oa
648 2089 747 2160 parte,
784 2097 861 2158 qnae
891 2087 938 2140 est
965 2077 1002 2140 de
1032 2080 1241 2141 enuntiatione
1269 2076 1438 2159 litterarum
1469 2094 1499 2156 p.
1524 2073 1575 2146 32,

253 2178 391 2262 18-34,
414 2178 465 2250 23,
490 2193 560 2244 ante
583 2184 835 2246 commentarium
859 2183 896 2244 dc
920 2181 1137 2262 orthographia
1161 2201 1190 2263 p.
1207 2178 1237 2252 t,
1259 2176 1398 2248 34-26.
1425 2177 1475 2249 13,
1499 2181 1579 2240 sicut

250 2285 280 2346 in
305 2282 472 2347 basileensi
497 2285 630 2349 editione
654 2287 765 2349 iactum
791 2297 866 2357 erat,
896 2289 994 2366 posita
1018 2285 1157 2346 ordinem
1180 2282 1344 2345 verborum
1369 2281 1576 2363 perturbaret.

250 2388 342 2450 linem
359 2400 460 2451 autern
479 2390 626 2452 Victorini
651 2407 687 2450 eo
703 2389 779 2460 leco,
803 2388 857 2451 ubi
880 2392 912 2452 in
929 2387 1016 2452 libris
1040 2389 1269 2468 manuscriptis
1286 2403 1396 2447 nomen
1413 2383 1577 2466 Aphtlronti

172 2500 174 2504 ’
250 2489 458 2571 subscriptum
483 2501 528 2554 est
551 2512 580 2573 p.
606 2489 679 2570 173,
701 2490 756 2570 31,
780 2491 852 2556 iecit
874 2493 894 2555 i.
920 2489 962 2554 92
985 2492 1126 2554 editionis
1149 2509 1231 2563 snae,
1251 2489 1403 2568 proferre
1413 2491 1575 2568 possimos.

248 2596 330 2664 finis.
383 2611 452 2656 nam
480 2594 613 2657 indicem
644 2605 810 2659 metrorum
834 2595 965 2668 Horatii,
996 2597 1047 2676 qui
1069 2604 1139 2676 post
1161 2593 1243 2656 iliam
1267 2591 1522 2673 subscriptionem
1547 2594 1576 2652 in

252 2696 409 2758 codicibus
433 2697 555 2777 iegitur,
579 2717 647 2760 cnm
672 2701 734 2781 ipsa
759 2697 983 2780 subscriptione
1008 2701 1120 2760 omisit.
1166 2696 1219 2758 sed
1248 2714 1281 2758 ea
1305 2713 1383 2777 quae
1412 2693 1521 2756 deinde
1545 2697 1576 2756 in

236 2800 313 2861 tine
336 2801 438 2882 operis
462 2819 490 2882 p.
517 2797 587 2870 183,
611 2797 654 2863 22
676 2819 741 2884 sqq.
767 2803 878 2883 scripta
902 2810 973 2863 sunt
995 2801 1015 2862 i.
1040 2797 1102 2862 96*
1127 2800 1270 2863 editionis
1294 2817 1366 2861 suae
1390 2805 1457 2880 post
1479 2797 1576 2861 Servii

251 2899 388 2964 libellum
413 2903 450 2965 de
474 2903 603 2986 pedibus
626 2915 657 2966 et
679 2906 863 2976 accentibus,
889 2913 922 2966 nt
945 2923 1072 2966 vacuum
1105 2905 1194 2965 unius
1218 2903 1344 2982 paginae
1367 2901 1498 2981 spatium
1522 2902 1577 2962 im·

182 3057 186 3062 .
252 3004 360 3086 ploret,
386 3005 480 3068 edidit
503 3005 560 3069 hoc
585 3010 750 3088 praemisso
775 3007 869 3079 titulo,
897 3009 946 3070 Ex
962 3010 1047 3070 Aelio
1069 3011 1158 3070 i'esto
1174 3007 1347 3084 Aphthonio
1371 3006 1410 3066 dc
1431 3007 1579 3066 carminis

252 3111 522 3186 appellationibus.
568 3102 651 3192 eidrp',
676 3123 720 3174 est
743 3113 906 3174 dertcedr'ne
928 3145 971 3157 -
993 3128 1111 3173 commo
1135 3112 1248 3172 dicitur
1269 3112 1369 3171 colon.

340 3211 505 3274 Camerarii
522 3213 613 3276 editio
630 3233 772 3296 expressa
789 3221 833 3275 est
850 3216 881 3276 in
899 3213 1029 3276 editione
1046 3212 1302 3279 Sanctandreana,
1321 3211 1406 3272 ‘llari
1421 3210 1576 3280 Victorini,

164 3317 167 3322 “
252 3315 444 3393 grammatici
468 3325 498 3378 et
521 3315 666 3387 rhetoris,
697 3315 734 3379 de
759 3315 992 3398 orthographia,
1023 3325 1053 3377 et
1081 3319 1198 3380 ratione
1232 3315 1398 3377 carminum
1422 3313 1491 3375 libri
1515 3312 1579 3376 llll.

253 3417 339 3478 Servi
363 3417 436 3479 ilari
461 3419 619 3502 Honorati,
642 3419 679 3481 tle
703 3420 831 3502 pedibus
847 3437 997 3487 versuum,
1024 3418 1206 3487 accentibus,
1232 3425 1260 3477 et
1283 3419 1450 3498 quantitate
1472 3415 1577 3496 syllab.

255 3519 326 3582 iibri
350 3520 385 3582 ll.
432 3521 516 3599 apud
540 3522 664 3585 Petrum
687 3523 976 3592 Sanctandreanum,
1003 3521 1072 3584 Cib.
1096 3521 1141 3584 lb.
1168 3519 1332 3583 txxxtvr
1379 3522 1411 3582 in
1436 3538 1494 3600 qna
1517 3519 1578 3580 edi·

255 3625 337 3685 tione
368 3626 604 3688 commentarius
632 3625 669 3686 de
699 3627 771 3696 ode,
803 3643 892 3708 quem
921 3628 1081 3707 separatim
1113 3634 1257 3704 posurrat
1284 3625 1488 3693 Camerarius,
1512 3641 1577 3683 non

256 3735 369 3788 mutato
393 3727 491 3798 titulo,
516 3746 605 3810 quem
630 3727 679 3791 ille
710 3729 838 3796 iecerat,
870 3731 1030 3810 repetitus,
1061 3727 1113 3789 sod
1144 3729 1240 3806 magis
1268 3727 1355 3788 etiam
1384 3745 1399 3787 a
1425 3725 1578 3787 Victorino

254 3839 391 3892 remotus
426 3839 456 3892 et
493 3841 561 3913 post
596 3832 723 3895 alterum
759 3831 894 3895 libellum
929 3831 1025 3894 Servii
1062 3831 1098 3892 de
1135 3829 1273 3892 finalibus
1304 3829 1428 3910 syllabis
1463 3829 1578 3907 positus

256 3943 312 3994 est.
357 3936 389 3994 in
413 3933 471 3997 fine
495 3935 638 3997 editionis
661 3954 775 4016 paucae
803 3935 938 3999 adiectae
962 3944 1164 4004 suntnotae,
1195 3951 1270 4012 quas
1300 3935 1403 3995 nescio
1430 3949 1488 4014 quo
1513 3933 1578 3992 iure

257 4035 446 4098 Gaisiordius
475 4037 659 4119 Hieronymo
688 4037 874 4102 Commelino
907 4040 1057 4101 tribuerit.
1109 4037 1186 4098 hanc
1221 4037 1383 4098 editionem
1415 4033 1578 4096 Putschius

256 4143 379 4200 secutus
403 4147 462 4214 est,
490 4143 542 4222 qui
577 4143 829 4204 commentarium
859 4141 1022 4222 iptrthonii
1052 4143 1102 4220 qni
1132 4139 1289 4203 dicebatur
1317 4155 1443 4217 prorsus
1466 4139 1577 4212 omisit,

258 4239 373 4324 reliqua
399 4245 452 4310 sic,
478 4253 512 4305 ut
534 4251 604 4305 ante
629 4262 696 4306 eum
728 4244 807 4305 edito
833 4255 935 4316 erant,
964 4245 1116 4325 repetivit:
1147 4261 1259 4323 paucos
1288 4251 1388 4304 tamen
1419 4239 1514 4310 locos,
1548 4252 1580 4300 nt

259 4351 288 4424 p.
311 4341 363 4414 23,
387 4339 439 4414 27,
464 4365 480 4404 e
504 4347 608 4408 codice
636 4347 737 4430 aliquo
764 4345 863 4409 abiis
891 4347 1002 4428 quihus
1032 4365 1111 4408 nnnc
1133 4347 1248 4408 utimur
1278 4363 1338 4406 non
1368 4344 1494 4406 diverso.
1511 4360 1579 4404 cor·

259 4455 359 4510 rectos
383 4446 496 4508 habuit.
542 4458 697 4530 postremo
721 4447 911 4512 Caislordius
934 4447 1071 4512 Parisino
1095 4450 1208 4520 codice,
1233 4460 1264 4512 ut
1288 4467 1378 4528 supra
1403 4446 1474 4515 dixi,
1506 4463 1579 4506 usus

259 4549 386 4612 hiarium
414 4549 599 4613 Victorinum
624 4554 654 4615 in
679 4552 878 4634 scriptoribus
894 4552 994 4614 latinis
1017 4555 1061 4614 rei
1086 4554 1230 4614 metricae
1254 4551 1357 4613 edidit.
1403 4551 1428 4610 is
1451 4547 1578 4610 multae

258 4653 365 4714 codice
387 4653 567 4725 emendavit,
591 4657 700 4719 iustum
718 4657 855 4718 ordinem
875 4659 905 4719 in
929 4658 1014 4718 initio
1037 4657 1126 4738 primi
1148 4653 1217 4718 libri
1242 4655 1371 4717 restitnit
1394 4659 1424 4713 et
1441 4649 1577 4714 lacunam

207 4923 223 4930 Δ.
327 4875 355 4946 *)
375 4879 415 4932 hd
436 4893 530 4932 comeo
550 4878 807 4965 Aplnhcoii'qunrto
827 4882 891 4933 libro
912 4881 1089 4948 subscriptum
1109 4881 1171 4932 haee
1189 4839 1322 4930 relerenda
1341 4889 1411 4930 sunt.
