3850 5560
356 344 421 412 636
435 329 443 414 s
626 361 629 367 ·
698 363 916 416 mansues
935 365 1067 417 nuncu.
1092 367 1138 416 sn
1161 367 1336 418 sasoscu.
1443 340 1450 352 ⁸

290 559 292 562 ·
355 535 421 600 xil
444 536 626 621 syliabarum
649 537 893 624 herouarcclpit
921 543 1064 624 quattuor
1087 541 1236 626 dactylos,
1266 531 1385 625 species
1411 543 1504 608 habet
1526 547 1676 629 quinque:

356 638 492 723 dactylus
516 642 584 706 loco
608 645 706 724 primo
729 644 863 706 secundo
887 648 976 708 tertio
999 654 1029 708 et
1051 657 1171 730 quarto,

511 746 628 809 interea
652 757 795 827 repetunt
817 765 869 810 sua
893 748 982 812 litora
1006 751 1248 831 llinturuensss3

356 844 491 929 dactylus
515 845 581 911 loco
605 852 702 931 primo
726 851 860 914 secundo
882 855 974 917 tertio
997 865 1027 918 et
1050 858 1165 938 quinto,

488 953 628 1016 interea
653 957 780 1017 veulunt
801 957 930 1018 animosi
953 956 1169 1029 Massiliensem

264 1131 267 1138 ¹
353 1054 488 1138 dactylus
511 1056 577 1118 loco
601 1058 700 1138 primo
724 1058 861 1121 secundo
883 1070 992 1143 quarto
1017 1071 1046 1124 et
1069 1063 1187 1143 quinto,

508 1161 624 1223 interea
648 1161 776 1224 redeunt
800 1181 856 1244 per
878 1161 966 1228 litora
989 1164 1207 1234 llassiliensest

354 1259 490 1345 dactylus
512 1261 579 1325 locu
602 1246 815 1346 primo'tertio
838 1275 947 1345 quarto
970 1275 1001 1331 et
1023 1270 1138 1350 quinto.
1207 1309 1209 1314 .

507 1369 623 1430 interea
647 1366 771 1431 laudant
793 1387 848 1430 sua
872 1369 958 1434 litora
982 1370 1201 1438 Massiliensest

354 1467 490 1550 dactylus
513 1471 579 1534 loco
601 1471 735 1533 secundo
759 1475 848 1534 tertio
872 1484 980 1554 quarto
1003 1481 1033 1534 et
1056 1475 1173 1554 quinto,
1516 1494 1520 1500 ¹
1684 1493 1712 1533 ts

283 1574 284 1578 ’
332 1567 339 1575 “
506 1573 597 1652 longe
619 1574 808 1656 prospiciunt
830 1592 883 1636 sua
907 1577 996 1648 litora
1019 1575 1232 1638 Massilienses.
1600 1649 1603 1656 q

351 1671 430 1737 XVll
452 1673 634 1757 syllabarum
658 1677 770 1741 herous
793 1675 884 1740 habet
907 1655 1042 1759 dactylos
1064 1680 1213 1760 quinque:
1237 1678 1326 1740 huius
1348 1681 1465 1761 species
1489 1699 1547 1742 una
1571 1688 1624 1751 cst,

505 1781 622 1842 interea
646 1790 790 1862 repetunt
812 1799 866 1842 sua
889 1781 976 1843 litora
1000 1781 1213 1846 Massilienses.

439 1881 504 1944 Nou
528 1883 636 1961 ignoro
658 1893 760 1945 autem
785 1883 913 1946 heroum
943 1900 1063 1949 tersum
1088 1887 1231 1949 trochaeo
1255 1885 1332 1966 pede
1362 1884 1461 1949 solere
1485 1887 1574 1948 liniri.
1618 1885 1669 1948 sed

350 1985 494 2067 quoniam
516 1984 617 2048 lotum
642 1985 733 2050 alium
749 2004 810 2048 non
834 1986 934 2056 habet.
959 2007 1048 2070 quam
1072 1991 1104 2051 iu
1122 1989 1227 2052 ultinto
1244 2007 1349 2068 Averso,
1373 1991 1453 2051 scire
1470 1999 1589 2071 oportet
1604 2007 1669 2051 eunt
1684 2003 1709 2045 ts

352 2105 412 2151 noo
438 2090 594 2169 proprium
618 2107 684 2152 esse
708 2089 848 2172 dactylici
876 2094 966 2154 metri
988 2093 1118 2171 ideoque
1140 2093 1172 2153 iu
1202 2091 1304 2154 ultima
1333 2103 1420 2174 parte
1447 2094 1512 2156 eius
1534 2093 1672 2156 incedere

349 2209 459 2274 possa,
489 2194 559 2275 qula
588 2175 664 2256 uilr⁸tl
692 2181 833 2264 interest,
863 2193 951 2273 longa
981 2211 1019 2257 an
1047 2192 1133 2256 breui
1160 2193 1274 2275 syllaba
1303 2213 1408 2258 sersus
1437 2192 1574 2267 liniatur,
1604 2194 1670 2258 cum

250 2326 252 2330 ·
350 2295 426 2358 liniti
449 2313 554 2358 versus
578 2313 673 2367 mora,
698 2297 815 2359 etiamsi
837 2295 960 2358 brevem
991 2299 1098 2360 sortita
1128 2305 1175 2360 est
1197 2297 1358 2380 syllabam,
1389 2299 1560 2361 adiectione
1588 2299 1670 2362 vacui

349 2399 500 2480 temporis
519 2400 611 2462 iaciat
634 2396 715 2461 illatn
739 2398 846 2478 longae
869 2417 982 2480 param.
1030 2400 1120 2462 liuius
1143 2419 1249 2462 versus
1273 2401 1347 2462 haec
1370 2401 1506 2480 exempla
1531 2409 1627 2472 erunt,

507 2499 617 2581 [Attica
641 2500 719 2583 palla
743 2504 820 2580 legit
842 2519 990 2572 soterum,
1015 2511 1083 2583 loga
1107 2505 1186 2584 picta
1209 2501 1381 2588 parentem]
1680 2521 1707 2562 ao

505 2603 732 2686 posthabita
755 2604 926 2667 coluisse
948 2605 1072 2668 Sauro:
1097 2607 1156 2668 iric
1179 2605 1291 2669 illius
1313 2624 1429 2678 arma,

505 2706 565 2769 hic
588 2725 723 2770 currus
747 2707 830 2780 luit,
854 2709 924 2771 ltoc
947 2727 1105 2790 regnunt
1129 2709 1193 2771 dea
1217 2710 1394 2790 gentibus
1417 2729 1517 2781 esse,

504 2813 613 2889 slqua
636 2811 714 2873 lata
738 2813 879 2882 sinant,
910 2813 979 2874 lam
1004 2822 1078 2874 tum
1101 2812 1301 2893 tenditque
1324 2811 1516 2895 lusitque,

243 2927 244 2930 ’
347 2921 382 2976 ut
404 2911 538 2991 intellegi
562 2915 658 2994 possit
682 2931 736 2994 per
758 2917 922 2981 totrtinuos
944 2933 1048 2978 uersus
1072 2914 1130 2978 hoc
1152 2918 1183 2978 in
1208 2915 1332 2996 Vergilii
1354 2915 1491 2979 carnrine
1514 2915 1666 2983 accidisse.

288 3065 291 3070 -
348 3035 405 3080 neo
432 3024 607 3080 contextum
635 3026 737 3079 tamen
765 3013 895 3079 laeserit.
949 3035 1010 3080 nou
1043 3020 1150 3093 ignoro
1185 3027 1286 3081 autem
1315 3019 1394 3098 apud
1424 3017 1589 3080 liomerum
1617 3017 1705 3080 llllas

347 3120 442 3202 pedes
464 3118 620 3202 simplices
643 3122 674 3181 iu
698 3119 801 3182 herois
827 3117 961 3182 versibus
984 3121 1114 3182 inveniri
1137 3129 1168 3184 et
1190 3121 1270 3202 apud
1293 3119 1440 3192 Ennium
1469 3121 1549 3203 apud
1572 3118 1665 3198 Virgi-

345 3221 421 3286 lium
446 3240 576 3304 quoqne,
607 3231 722 3284 utnon
746 3221 873 3285 audeam
896 3223 999 3286 dicore
1023 3227 1149 3296 omnis„
1169 3223 1329 3306 plerosque
1353 3225 1512 3288 adfirmare
1537 3241 1665 3305 possunt,

434 3325 509 3388 llltia
533 3334 603 3388 sunt
626 3325 712 3388 heroi
735 3328 824 3388 metri
847 3344 989 3389 versuum
1014 3346 1076 3390 seat.
1113 3325 1289 3408 acephalus,
1317 3331 1369 3408 qui
1394 3347 1453 3390 uon
1477 3328 1575 3390 solum
1597 3334 1665 3388 tuuc

347 3429 471 3501 dicitur,
503 3446 573 3492 curn
596 3439 687 3511 caput
709 3428 803 3502 deest,
827 3429 880 3492 sed
903 3433 994 3492 etium
1017 3448 1086 3493 cunt
1110 3435 1142 3492 in
1171 3433 1271 3513 capite
1294 3431 1407 3512 aliquid
1429 3441 1576 3512 superest.
1618 3433 1665 3492 oui

347 3533 441 3604 deest,
460 3530 519 3595 tale
536 3535 698 3602 invenitur,
724 3532 811 3610 qualo
827 3530 972 3596 Horatius
988 3533 1045 3596 lroc
1068 3528 1291 3615 ipsum'aitiutn
1313 3534 1541 3616 reprehendens
1556 3533 1661 3615 posuit,
1676 3547 1702 3589 so

481 3634 664 3718 ,acephalus
686 3638 815 3716 primus,
841 3654 969 3716 quorum
993 3634 1041 3698 hio
1065 3654 1154 3718 quem
1180 3635 1307 3699 dicimus
1329 3640 1395 3717 ipse
1418 3646 1480 3699 est:

413 3893 557 3946 idsctilos
577 3893 602 3944 B
701 3897 732 3946 ld
751 3891 938 3947 massillieuaes
954 3892 959 3959 Ι
975 3893 1060 3946 Erous
1083 3905 1112 3944 ut
1129 3894 1246 3946 diximus
1265 3909 1357 3946 uersus
1380 3893 1486 3946 trocheo
1505 3893 1573 3946 finiri
1590 3893 1664 3946 solet.

336 3981 391 4045 ‚sed
409 3977 494 4031 locum
514 3993 567 4030 uon
586 3977 663 4030 habet
681 3979 732 4030 nisi
751 3981 777 4032 lu
801 3977 899 4037 ultima.
935 3991 1039 4048 oportet
1056 3995 1114 4032 eunt
1140 3995 1192 4032 non
1210 3995 1269 4034 csse
1292 3979 1404 4032 dactilici
1426 3982 1500 4032 metri
1523 3982 1661 4048 probriutn.

343 4065 456 4131 ideoque
474 4067 499 4114 iu
519 4063 610 4117 ultima
628 4075 701 4132 parts
719 4067 776 4118 eiua
794 4067 913 4119 incedere
932 4081 1012 4134 posse
1030 4068 1091 4131 qula
1110 4065 1175 4117 ulhil
1199 4069 1307 4118 interest
1324 4067 1395 4118 breui
1419 4081 1452 4117 sn
1471 4067 1551 4135 longa
1569 4067 1663 4132 syllaba

345 4165 438 4203 uersus
457 4149 562 4203 finiatur
580 4165 638 4202 curn
658 4151 701 4201 illa
719 4152 747 4204 iu
765 4153 931 4220 depositione
944 4167 1037 4205 uersus
1055 4167 1129 4204 mora
1148 4154 1248 4204 etiamsi
1268 4154 1370 4205 breuem
1388 4155 1481 4205 sortito
1500 4165 1540 4204 eat
1557 4153 1661 4204 litterani

344 4237 490 4289 adiectione
509 4243 598 4288 tameo
612 4239 688 4289 uacui
707 4243 831 4306 temporis
849 4238 965 4305 et'longe
983 4253 1073 4306 parem
1091 4235 1244 4291 huiusmodi
1257 4253 1349 4291 uersus
1367 4239 1487 4307 exempla
1501 4242 1586 4290 Attica
1597 4237 1662 4306 palla

345 4324 408 4390 tegit
421 4338 549 4382 socerum.
572 4335 636 4391 toga
653 4325 723 4391 picta
736 4335 878 4391 parentem.
892 4325 954 4376 Post
966 4327 1053 4392 capita
1065 4326 1179 4379 coluisse
1192 4341 1267 4378 santo
1280 4325 1318 4376 cis
1332 4322 1401 4377 illius
1415 4339 1496 4378 artua.
1515 4325 1562 4378 Hic
1574 4339 1660 4376 currus

342 4409 392 4463 luit
405 4403 454 4462 hoc
467 4426 582 4480 negocur
594 4410 643 4462 dea
656 4411 776 4478 gentibus
790 4425 857 4465 esse.
883 4409 911 4462 Si
924 4426 976 4478 qua
989 4411 1042 4464 lata
1054 4413 1108 4464 siut
1120 4415 1170 4464 ism
1186 4422 1240 4464 tum
1253 4413 1387 4478 tenditque
1399 4411 1500 4478 luitque
1513 4415 1571 4466 cod.
1585 4412 1661 4475 Scap.

413 4499 446 4548 ld
464 4497 532 4548 liniri
551 4497 693 4550 secundum
713 4497 835 4548 alint
906 4499 947 4550 1'lv
956 4497 1045 4565 posse}
1062 4499 1149 4567 possit
1167 4499 1193 4551 B
1263 4499 1349 4551 breuia
1367 4499 1392 4550 B
1479 4501 1513 4552 to
1532 4500 1661 4552 Attica-

341 4584 575 4651 pateutsmout.B
645 4583 677 4636 tt
697 4580 857 4652 posthabita]
876 4583 1184 4654 Vsrp.Asat.115apq.
1254 4586 1288 4638 24
1305 4581 1445 4656 accidisse]
1460 4583 1662 4639 accessissent
1781 4589 1783 4591 ’

282 4777 284 4782 ,
341 4745 375 4759 -
393 4723 490 4774 arsisse
508 4721 534 4773 B
603 4723 637 4774 id
655 4721 757 4773 leaserit
774 4721 801 4774 B
870 4723 904 4774 28
922 4721 1079 4790 accephalus
1098 4723 1124 4775 B
1194 4725 1228 4776 29
1247 4669 1336 4776 agotum
1353 4725 1439 4792 capite
1456 4725 1483 4776 B
1552 4726 1586 4777 80
1605 4735 1659 4774 ora·

341 4808 393 4859 tius
408 4807 440 4859 B.
472 4809 540 4861 unde
557 4810 664 4876 petilius
681 4810 716 4861 sa't
733 4810 877 4874 exemplum
895 4824 984 4861 aeram
1002 4811 1128 4876 acephali,
1147 4813 1217 4878 qaod
1232 4815 1414 4878 damtione
1432 4811 1547 4864 Horaso
1565 4810 1658 4872 tridail,

341 4909 392 4946 nou
411 4901 514 4946 contat
578 4896 610 4978 31
630 4893 786 4963 accephalus
805 4893 832 4944 Β
