3874 5556
716 396 935 450 TERENTIAM
959 399 1007 450 DE
1031 396 1196 448 LITTERIS

581 575 777 660 linguamque
798 585 926 642 necesso
951 588 996 642 εει
1018 580 1059 642 ita
1083 573 1245 658 pendulam
1269 575 1385 646 reduci,

581 687 615 744 ut
636 681 720 745 nisus
742 683 774 744 in
797 679 878 744 illem
903 680 1000 744 valeat
1022 679 1129 744 subire
1151 681 1233 742 nocis

529 801 567 842 ru
582 801 638 846 nec
660 784 799 866 portibus
822 784 890 848 ullis
912 784 1029 866 aliquos
1053 784 1145 848 icrire
1168 781 1284 847 dentes.

494 925 497 930 -
579 900 704 970 requae
726 887 864 967 sequitur
888 887 991 951 rocula
1014 889 1136 952 dissone
1160 896 1205 950 εει
1228 888 1334 969 priori,

580 993 652 1071 quie
676 990 820 1073 deprimit
842 990 936 1054 eitum
959 991 1081 1055 modico
1105 1000 1209 1054 tenore
1233 993 1352 1061 rictum,

580 1103 611 1156 et
632 1091 733 1174 lingue
757 1103 892 1158 remotos
914 1097 1026 1177 premit
1048 1094 1119 1158 hino
1143 1102 1175 1158 et
1197 1093 1266 1157 hinc
1291 1092 1431 1156 molares.

569 1195 593 1258 ‘1
616 1199 745 1279 porrigit
767 1199 862 1262 ictum
884 1197 1033 1278 genuinos
1055 1216 1152 1280 prope
1176 1197 1213 1260 ed
1236 1198 1318 1280 ipsos

528 1317 567 1361 no
580 1301 801 1383 minimumque
824 1299 945 1364 renidet
965 1319 1077 1383 supero
1102 1310 1190 1364 tenus
1213 1299 1333 1363 labello.

580 1417 603 1467 ο
627 1403 833 1484 Graiugenum
856 1405 977 1485 longior
998 1404 1091 1468 altera
1115 1413 1161 1466 εει
1184 1405 1291 1484 ilguro,

462 1556 465 1564 .
579 1503 656 1570 ulter
678 1525 771 1572 sonus
794 1517 840 1572 est
864 1517 895 1570 ει
917 1518 987 1572 note
1012 1515 1183 1590 temporum
1207 1509 1329 1578 minori,

579 1610 757 1693 compendio
781 1613 877 1675 nostri
900 1613 1025 1675 meliora
1049 1611 1256 1681 crediderunt,

580 1712 733 1778 vocatibus
757 1725 872 1778 utnon
897 1716 954 1778 nisi
977 1717 1111 1797 quinque
1135 1717 1349 1794 fungeremur:

527 1833 566 1875 ne
580 1818 741 1901 productio
763 1817 862 1899 longis
885 1817 972 1881 daret
994 1828 1028 1882 ut
1051 1829 1188 1901 tempora
1213 1817 1294 1890 bine,

579 1925 736 2004 correptio
760 1921 829 2003 plus
852 1931 990 2004 ternpore
1013 1941 1074 1985 non
1100 1922 1212 1990 valeret
1236 1939 1307 1984 uno.

579 2023 651 2088 lrlno
672 2010 737 2106 ἦτα
760 2028 863 2088 minus
881 2025 1060 2096 scribimus,
1085 2024 1154 2086 lrinc
1178 2033 1209 2086 et
1232 2043 1258 2084 m
1281 2041 1475 2106 supremum

579 2146 637 2191 uno
659 2131 803 2210 quonium
826 2129 871 2191 los
893 2126 1027 2192 habitum
1051 2137 1096 2190 est
1119 2135 1225 2190 notare
1248 2126 1355 2198 lorme,

539 2218 542 2222 ⁵
578 2250 635 2312 pro
658 2230 848 2314 temporibus
870 2250 947 2313 quoe
969 2233 1125 2312 geminum
1147 2231 1297 2293 ministret
1319 2248 1417 2293 usum.

527 2349 565 2391 uo
578 2335 672 2416 igitur
694 2336 828 2399 sonitum
852 2334 982 2398 reddere
1005 2354 1073 2398 cum
1098 2335 1179 2396 voles
1201 2335 1323 2405 minori,

579 2447 733 2502 retrorsus
757 2425 891 2502 edoctam
916 2437 1036 2502 modice
1059 2446 1160 2500 teneto
1183 2434 1328 2518 linguam,

578 2544 656 2606 rictu
680 2561 779 2624 neque
803 2559 913 2623 magno
935 2551 982 2606 set
1004 2542 1062 2604 erit
1083 2550 1188 2623 putere
1209 2539 1304 2604 labra.

578 2653 610 2708 ει
632 2645 751 2726 longior
774 2643 833 2709 ulto
857 2647 1002 2726 tragicum
1025 2644 1081 2708 sub
1105 2649 1167 2708 oris
1189 2653 1277 2708 antro

579 2747 681 2812 molito
704 2749 844 2812 rotundis
866 2751 949 2812 acuit
970 2767 1077 2812 sonum
1101 2748 1225 2812 labellis.

525 2867 563 2910 uo
578 2865 602 2914 Υ
623 2868 715 2932 quam
739 2863 923 2924 memorent,
949 2850 1072 2915 vocibus
1096 2855 1160 2914 orie
1185 2861 1230 2914 est
1252 2839 1370 2914 latinis:

576 2954 730 3019 vocalibus
752 2965 853 3020 cutem
876 2956 1016 3038 quoniam
1040 2954 1141 3035 iugata
1164 2955 1282 3035 graecis
1392 2944 1397 2954 '

576 3060 607 3122 ln
632 3067 736 3122 nostra
758 3060 849 3122 etiem
871 3057 963 3121 verbe
987 3057 1077 3121 debut
1099 3059 1278 3140 frequenter
1302 3075 1400 3128 usum,

576 3160 762 3226 subiecimus
783 3161 882 3236 illem,
906 3164 955 3225 cui
979 3179 1092 3225 nomen
1114 3175 1136 3223 u
1160 3161 1319 3232 dederunt,

575 3264 678 3328 rocrle
701 3275 845 3328 sonantes
867 3265 926 3328 slbl
948 3283 1026 3348 quae
1049 3267 1169 3345 lugeret
1192 3283 1297 3326 omnes

525 3389 564 3430 no
577 3377 607 3432 et
628 3369 690 3432 sole
714 3387 822 3432 sonum
845 3367 988 3432 redderet
1011 3388 1047 3434 ex
1069 3387 1122 3432 sua
1146 3369 1258 3448 ligurem

576 3491 664 3554 quem
687 3471 824 3536 scribere
847 3473 970 3544 Graius,
995 3473 1053 3535 nisi
1076 3474 1181 3551 iunget
1202 3491 1257 3552 ov,
1281 3471 1443 3554 nequibit·

576 3575 654 3638 hauc
678 3575 768 3638 cdere
793 3595 895 3638 rocem
920 3565 1061 3658 quotiens
1083 3593 1225 3657 puremus
1248 3593 1312 3666 ore,

576 3681 708 3742 nitemur
732 3688 809 3742 utu
832 3678 953 3750 dicere,
975 3681 1018 3743 sic
1042 3679 1153 3742 citetur
1170 3688 1278 3740 ortus:

575 3781 755 3863 productius
777 3788 878 3844 eutem
903 3781 1083 3846 coeuntibus
1105 3779 1225 3844 labellis

525 3903 563 3945 us
577 3894 684 3948 nature
706 3887 776 3948 soni
800 3887 934 3965 pressior
956 3887 1046 3949 altius
1069 3883 1190 3948 meabit.

536 4029 538 4036 ·
618 3989 703 4052 lieno
725 3998 756 4052 et
777 3989 869 4051 modo
892 4007 982 4069 quarn
1006 3987 1135 4051 diximus
1159 4001 1172 4048 1
1194 3987 1285 4050 simul
1308 3989 1424 4069 iugates

467 4109 469 4116 ’
565 4111 681 4155 uerum
704 4100 750 4154 εει
772 4093 902 4174 spetlum
926 4110 1047 4154 sumere
1070 4093 1190 4171 vimque
1212 4101 1443 4165 consonentum,

493 4222 496 4228 ·
575 4204 610 4258 ut
632 4211 769 4276 quaeque
791 4203 892 4258 temen
915 4197 1088 4259 constiterit
1110 4193 1177 4257 loco
1200 4195 1312 4276 priore.

297 4457 299 4460 .
360 4405 496 4458 tto-134
518 4403 634 4470 Pompei.
657 4405 721 4464 102,
740 4403 826 4454 2-18
864 4469 867 4474 Δ
897 4403 1034 4456 135-140
1060 4419 1083 4454 v.
1109 4403 1252 4455 rod-372
1324 4403 1503 4459 tto-1810.
1527 4405 1614 4455 520-

291 4492 343 4541 ool
360 4491 432 4546 Mar.
456 4491 557 4544 Wetor.
576 4493 620 4554 35,
638 4489 754 4550 22—36,
774 4491 791 4538 ιι

361 4664 410 4714 122
424 4674 571 4730 temporum
584 4621 679 4713 minori
692 4661 814 4726 diligites
834 4672 980 4726 temporum
999 4661 1084 4712 minor
1096 4660 1134 4714 M.
1155 4676 1189 4710 cn
1201 4662 1325 4726 temporis
1338 4661 1467 4712 minoris?
1506 4663 1554 4713 1⁴28
1573 4661 1613 4714 los

291 4747 406 4800 liuditum
424 4749 608 4802 dordracum
625 4759 667 4800 set
682 4746 800 4798 hobitum
819 4745 859 4797 M.
884 4747 949 4798 setis
973 4745 1089 4797 hobitum
1111 4747 1222 4798 corriecr't
1242 4745 1382 4799 Santonico
1452 4748 1501 4800 139
1524 4750 1614 4800 uocate

295 4833 415 4900 Micyllus
427 4833 552 4886 Vooelem
564 4833 599 4885 M
644 4835 692 4885 141
711 4834 803 4898 iungat
820 4847 856 4883 ou
869 4832 991 4898 Micyllus
1009 4832 1100 4898 iungat
1114 4831 1135 4881 Y
1148 4831 1192 4882 lli:
1210 4831 1245 4894 cf.
1267 4832 1338 4884 ilar.
1355 4834 1455 4886 lictor.
1474 4851 1500 4899 p.
1516 4837 1563 4894 33,
1578 4839 1614 4888 13

328 4921 376 4970 148
394 4921 539 4972 constiterit
557 4920 679 4984 Micyllus
697 4918 861 4970 constiterint
879 4919 922 4969 M:
942 4917 977 4982 cf.
995 4935 1018 4968 o.
1037 4921 1099 4970 521.
1118 4922 1169 4969 old

343 5009 496 5044 cuunrror
509 5012 592 5043 unrnn
605 5013 637 5044 rr.
1431 4991 1465 5039 ‘22
