3874 5556
371 381 379 396 ·
412 349 477 414 370
984 371 1202 422 succurram

412 485 433 522 p.
450 473 507 516 2415.
524 475 586 517 161³.
1329 509 1335 517 .

567 550 757 628 comprima
781 545 897 620 breuis,
921 546 1009 629 ionga
1034 549 1121 621 dein,
1147 553 1237 614 tertia
1263 551 1360 633 ionga,

567 656 634 731 post
656 658 764 731 quarte
790 649 888 714 brevis
910 650 1023 734 syllaba
1047 653 1214 725 conti-tebit
1237 674 1352 726 omnes,
1424 644 1431 724 ζ’

503 773 554 816 mso
569 753 648 816 hunc
671 755 783 834 promit
805 753 939 828 iambus,
963 757 1116 835 geminum
1140 759 1213 821 iacit
1237 758 1416 824 trochaeus!

565 875 619 937 pes
643 875 753 921 nomen
777 857 915 930 habebit,
940 859 1020 942 quod
1043 863 1074 922 in
1093 861 1156 925 'itoc
1180 861 1296 924 reierre
1320 873 1417 928 metro

565 959 672 1041 longae
696 961 859 1042 prohibent
881 963 987 1026 ordine
1011 973 1071 1027 tres
1095 963 1184 1028 simui
1208 964 1340 1029 locatae:
1411 995 1416 1004 ¹

564 1057 795 1129 ἀντίσπαστον
818 1069 899 1130 enirn
923 1085 1009 1148 mage
1032 1067 1080 1132 ies
1104 1067 1224 1131 heroica
1248 1079 1382 1149 promet:
1485 1058 1494 1069 ’

565 1179 611 1231 est
634 1169 740 1242 torma,
763 1171 973 1234 Tarentina
999 1172 1082 1261 vena
1102 1174 1219 1236 moenia
1243 1172 1335 1235 dicas.

500 1291 551 1335 raes
565 1271 707 1336 claudunt
730 1274 845 1338 medias
868 1275 988 1358 qnando
1012 1275 1120 1338 brevis
1144 1275 1304 1357 utrimque.
1318 1275 1437 1357 longae,

564 1385 701 1440 estante
724 1378 901 1448 trochaeus,
924 1380 1061 1459 sequitur
1084 1377 1196 1443 ,ieirinc
1219 1379 1354 1442 iambus:

566 1478 680 1544 idcirco
704 1480 866 1562 gemellum
890 1484 1058 1545 vocitarunt
1074 1480 1287 1564 qoqe‘apdov:

564 1603 631 1648 nam
656 1587 707 1665 qui
731 1586 851 1648 chorios
875 1585 986 1649 dicitur
1009 1595 1039 1648 et
1062 1585 1223 1648 trochaeus
1239 1585 1320 1649 idem
1344 1597 1405 1650 est:

564 1687 718 1771 exemplar
741 1691 770 1752 in
794 1689 850 1752 isto
873 1689 963 1754 tacite
987 1697 1033 1752 est
1056 1689 1157 1752 icaro
1181 1708 1277 1761 versu,

499 1796 589 1856 ascesi
615 1791 832 1856 Romulidas
855 1793 960 1856 dicere
981 1793 1144 1879 quislteiit
1166 1792 1311 1867 Quirites.

562 1899 609 1959 sin
633 1899 730 1978 prima
755 1897 869 1970 brevis,
894 1896 982 1978 longa
1005 1915 1154 1976 sequens,
1177 1899 1311 1979 itemque
1335 1917 1439 1962 rursus

561 1999 618 2064 sibi
641 1999 817 2064 consimiles
840 2000 947 2065 ordine
971 2019 1031 2084 quo
1055 2000 1130 2064 duas
1152 1999 1257 2072 iocari,

562 2102 642 2166 istane
664 2105 722 2166 rite
745 2114 868 2177 vocant,
892 2107 961 2186 quia
985 2097 1166 2186 geminator,
1191 2104 1357 2174 diiambum

562 2204 774 2290 duplicemque
798 2206 973 2270 trochaeum
998 2210 1169 2270 vocitarunt
1192 2201 1398 2289 διτρόχαιον.

500 2333 551 2378 mos
566 2318 612 2373 est
633 2311 730 2373 forma
755 2312 883 2393 prioris.
908 2312 993 2392 quasi
1017 2313 1041 2372 si
1065 2311 1295 2374 Corinthios
1318 2315 1397 2392 quis,

562 2413 728 2497 itidemque
751 2418 922 2496 sequentis,
947 2415 1031 2493 quasi
1055 2413 1255 2478 Gallicane
1279 2415 1368 2478 dicat.

561 2534 642 2578 nnnc
664 2515 759 2580 reddo
783 2518 873 2590 duos,
897 2521 1019 2581 nomine
1043 2511 1257 2599 οοοεἼωνας
1278 2517 1384 2581 atnbos

561 2619 737 2684 discrimine
759 2623 892 2701 signant,
917 2621 999 2683 dedit
1022 2623 1097 2683 ordo
1120 2621 1199 2702 quod
1225 2618 1376 2684 iocorum:

561 2721 667 2804 iongas
689 2725 840 2803 siquidem
866 2723 986 2807 quando
1010 2727 1095 2806 prins
1119 2723 1253 2788 locamus
1277 2725 1391 2792 anthes,

498 2851 549 2894 raoo
564 2827 671 2889 exinde
694 2826 802 2891 breves
824 2828 1000 2898 subdimus,
1025 2838 1058 2890 ut
1079 2837 1168 2909 putes
1190 2830 1324 2908 priorem

560 2930 716 3013 spondeon
741 2934 826 3002 oriri,
852 2933 995 2996 comitem
1020 2950 1089 2994 mox
1112 2929 1313 3012 pariambum,

559 3022 627 3096 aiud
649 3019 801 3118 με’ίζονος
823 3036 907 3100 iiiurn
934 3044 1103 3098 memorant
1125 3037 1309 3097 ionicorum:

560 3140 664 3220 atqui
690 3139 833 3203 brevibus
856 3141 1037 3220 praepositis
1060 3137 1170 3200 deinde
1195 3137 1300 3217 longas
1352 3189 1358 3198 .

560 3231 729 3324 acceperit,
753 3236 809 3306 ἀπ’
834 3238 1022 3316 ἐλάσσονος
1045 3241 1127 3303 hunc
1149 3239 1255 3304 iubent
1279 3245 1388 3304 vocari.

495 3369 546 3414 ees
561 3363 671 3408 atomon
697 3345 752 3424 tihi
769 3347 840 3429 quid
864 3344 979 3425 deligo,
1003 3364 1063 3426 quo
1087 3352 1172 3406 notes
1195 3346 1339 3424 priorem,

560 3468 629 3511 com
654 3449 791 3512 versibus
814 3452 881 3512 istis
905 3450 1014 3512 totiens
1036 3457 1176 3511 recurrat
1199 3447 1247 3508 hie
1271 3466 1332 3529 pes,

560 3552 665 3634 longas
688 3555 821 3634 geminat
844 3556 895 3635 qui
920 3554 1004 3634 prius
1028 3559 1057 3614 et
1079 3551 1162 3632 iugat
1185 3551 1340 3612 minores?

561 3657 714 3720 Lavinia
738 3675 806 3720 cnm
831 3657 974 3728 dicimus,
1000 3657 1074 3718 liaeo
1098 3663 1197 3716 tamen
1221 3655 1316 3734 tigura
1340 3664 1396 3726 est,

561 3770 752 3843 metrumque
775 3761 860 3832 iacit,
885 3761 1041 3824 sotadicon
1066 3758 1146 3840 quod
1170 3759 1343 3820 vocitarunt

494 3883 545 3925 esso
560 3867 612 3943 qui
636 3863 730 3926 muita
752 3865 855 3927 ierunt
878 3864 934 3926 hoc
958 3863 1034 3944 pedo
1058 3861 1189 3924 Sotaden
1213 3860 1356 3923 locutum.

559 3960 616 4029 ἀπ’
640 3963 826 4043 ἐλάσσονος
850 3979 949 4031 autem
974 3969 1023 4029 cni
1048 3983 1157 4029 nomen
1181 3963 1368 4034 indiderunt,

558 4073 589 4134 in
614 4057 733 4134 nomine
757 4075 800 4135 sic
823 4083 877 4144 est,
902 4060 1086 4156 Διομήδης.
1132 4081 1251 4134 metron
1276 4077 1375 4130 autern

560 4193 619 4238 non
644 4173 780 4238 versibus
802 4177 881 4240 istud
905 4195 1034 4240 numero
1050 4184 1100 4237 aut
1122 4179 1233 4260 pedum
1259 4189 1404 4249 coartant.

559 4278 611 4342 scd
637 4281 780 4343 continuo
804 4283 936 4344 carmine
959 4281 1034 4360 quia
1058 4281 1150 4360 pedes
1173 4283 1293 4363 gemelli

495 4399 546 4440 1515
560 4392 669 4464 urgent
692 4384 833 4447 brevibus
856 4393 899 4447 tot
922 4404 1049 4448 numero
1073 4387 1203 4468 iugando
1226 4385 1340 4466 longas,

559 4487 675 4550 idcirco
699 4490 797 4552 vocari
821 4487 980 4552 voluerunt
1003 4486 1208 4570 ouvdqaeaov.

559 4595 747 4674 anapaestico
772 4593 845 4656 dunt
868 4593 970 4656 itidem
995 4613 1050 4674 per
1073 4589 1282 4674 ouvciqaeeov:

471 4749 536 4798 148?
557 4745 715 4814 χορϊανβον
733 4749 767 4799 J!
835 4751 901 4800 1500
924 4750 1018 4800 exiruie
1047 4749 1223 4802 Laedrannnue
1247 4749 1345 4801 Deinde
1365 4750 1397 4801 ,tt
1416 4765 1446 4800 ee
1469 4753 1563 4806 deinde
1587 4757 1722 4810 Brissaeus

438 4835 503 4884 ibit)
522 4829 576 4900 qui]
598 4834 660 4900 quie
678 4836 789 4885 coniecit
802 4833 940 4886 Suetonius
1012 4837 1077 4887 1512
1097 4836 1236 4890 Diomedes
1250 4837 1403 4889 Sonteniue:
1423 4839 1460 4904 cs:
1479 4859 1499 4892 o.
1520 4844 1588 4894 2059
1661 4847 1720 4896 tstt

401 4919 462 4982 quia
480 4934 528 4970 one.
547 4919 586 4982 Μ,
606 4921 669 4970 cdd.
691 4921 774 4972 Aldus
1203 4932 1208 4939 ·
