3904 5556
663 339 741 392 ΛΒΤ.
761 340 872 394 GRAM.
891 341 963 394 LlB.
983 342 1040 406 14,
1060 345 1173 396 te-ss
1536 343 1577 408 21

281 451 302 493 p.
316 439 374 481 stse.
389 440 414 480 st
429 438 453 480 Ρ.
1404 459 1426 500 ρ.
1440 448 1473 490 ιι.
1487 448 1513 492 88
1528 445 1553 490 G.

255 529 334 592 siin
358 528 562 594 declinatione
584 533 758 612 acciperent
781 530 810 603 h,
836 541 868 593 ut
892 532 1011 595 caelebs
1035 532 1168 606 caelibis,
1198 533 1284 614 plebs
1307 533 1415 616 plebis.
1460 548 1580 618 postea·

256 651 346 719 quam
370 653 386 696 a
409 634 534 698 Graecis
558 631 574 712 ξ
598 645 627 699 et
649 655 665 699 a
691 635 778 698 nobis
802 653 820 696 a
843 645 966 716 recepta
985 646 1038 708 est,
1062 636 1137 701 abiit
1153 647 1183 700 et
1198 638 1318 702 illorum
1336 649 1366 701 et
1389 649 1493 702 nostra
1510 660 1578 722 per·

256 736 340 819 plexa
365 740 441 800 ratio
466 747 497 801 et
518 741 549 802 in
573 743 678 822 primis
694 737 864 801 observatio
880 738 1001 820 Nigidii,
1027 743 1131 820 quiin
1155 741 1242 804 libris
1266 744 1330 806 suis
1354 761 1372 804 x
1395 739 1495 804 littera
1519 763 1580 806 nou

256 853 301 904 est
330 859 402 904 usus
429 845 639 925 antiquitatem
669 860 809 926 sequens.
856 842 908 906 sed
939 841 1071 907 libenter
1099 862 1293 924 quaererem,
1330 843 1443 928 quihus
1470 844 1581 926 litteris

230 946 398 1026 escripturi
428 958 530 1011 essent
559 965 611 1010 eas
639 965 741 1016 voces,
774 965 851 1028 quae
880 949 911 1009 in
940 945 1145 1010 declinatione
1173 968 1230 1012 nec
1257 967 1277 1030 g
1300 960 1330 1012 et
1353 969 1368 1012 s
1392 967 1449 1012 nec
1472 969 1488 1012 c
1512 959 1580 1012 ets

255 1057 379 1120 exeunt,
405 1061 437 1113 ut
466 1053 518 1113 nix
542 1053 626 1122 nivis,
649 1069 741 1114 senex
765 1052 855 1122 senis,
878 1067 968 1112 sexus
990 1068 1088 1121 sexus.
1114 1060 1144 1113 et
1166 1054 1312 1134 oppidum
1334 1054 1366 1116 in
1390 1051 1534 1134 Hispania
1557 1052 1581 1135 †

256 1157 402 1226 aushusi,
428 1155 506 1236 quod
532 1163 578 1218 est
600 1153 637 1216 ah
654 1155 750 1225 traho,
774 1163 806 1216 et
829 1156 904 1216 rexi.
944 1172 1032 1218 voces
1055 1157 1157 1236 igitur,
1182 1175 1258 1238 quae
1282 1161 1312 1218 in
1337 1175 1355 1218 a
1377 1154 1510 1220 litteram
1534 1158 1580 1218 in·

256 1257 375 1329 cidunt,
404 1257 509 1322 relicta
534 1261 654 1340 antiqua
678 1257 889 1322 observatione
913 1277 968 1340 per
989 1277 1007 1321 ιι
1032 1258 1173 1329 scribite.
1205 1278 1283 1340 quae
1307 1277 1378 1323 uero
1402 1278 1457 1342 per
1480 1266 1520 1334 ψ,
1545 1280 1579 1324 ea

255 1381 308 1445 per
331 1381 367 1444 ps
391 1366 492 1444 potius
521 1380 609 1442 quem
634 1362 686 1424 bs:
716 1375 737 1424 σ
766 1365 845 1424 enim
870 1374 928 1424 nec
956 1365 986 1425 in
1011 1364 1124 1425 noscis
1152 1381 1208 1426 nec
1231 1365 1261 1424 in
1286 1365 1470 1426 Graecorum
1494 1363 1580 1427 libris

220 1469 404 1530 reinsenitut·
427 1465 584 1530 subiuncta
608 1465 627 1528 b
651 1463 779 1529 litterae.
827 1485 860 1528 ca
886 1484 956 1528 raro
972 1485 1049 1548 quae
1073 1475 1223 1542 dsonaut
1246 1476 1276 1529 et
1300 1485 1360 1530 non
1374 1467 1578 1539 declinantur,

255 1583 288 1633 ut
308 1589 399 1652 supre
423 1569 518 1640 dicte,
544 1589 598 1651 per
622 1569 657 1632 hs
680 1567 820 1641 scribite,
845 1579 877 1632 ut
893 1568 1029 1634 abscedit
1044 1569 1174 1632 abscidit
1189 1567 1348 1632 abscondit
1364 1569 1494 1634 abstinet
1519 1571 1578 1655 [et]

255 1673 401 1738 abstrahit
430 1672 529 1737 obstat
557 1671 705 1754 obstipuit
733 1671 918 1736 absinthium
947 1671 1085 1755 gyhsunt.
1133 1691 1202 1736 natu
1232 1673 1329 1736 hiems
1360 1685 1389 1736 et
1418 1676 1526 1738 sumsit
1550 1686 1580 1738 et

255 1781 394 1842 insnmsit
408 1788 437 1840 et
453 1776 562 1840 demsit
576 1781 643 1840 sine
660 1773 671 1860 fl
689 1777 780 1840 dubio
804 1795 859 1857 per
882 1795 928 1840 ms
951 1776 1100 1840 scribetis.
1142 1786 1172 1840 et
1195 1779 1336 1858 quoniam
1361 1777 1524 1842 incidimus
1547 1783 1577 1842 in

187 1955 191 1962 ⁴
255 1880 361 1944 harunr
385 1899 493 1944 vocum
518 1883 712 1953 tutationem.
738 1899 794 1944 uec
817 1889 1007 1945 consumtum
1032 1899 1087 1942 uec
1112 1890 1224 1944 emtum
1248 1901 1305 1943 nec
1328 1881 1497 1946 redemtum
1522 1901 1578 1946 nec

219 1997 242 2040 1⁵
256 1993 360 2048 temtat
382 2003 440 2048 nec
462 1995 600 2049 attemtat
624 1995 654 2048 et
683 1983 790 2048 similia
815 1985 881 2048 istis
911 2002 965 2063 per
988 1995 1021 2066 pt
1045 1983 1184 2048 scribetis
1207 1986 1329 2058 vitiose,
1360 1984 1429 2058 sed,
1459 1995 1494 2048 ut
1522 2005 1578 2067 eqo

255 2090 379 2177 scripsi,
410 2091 493 2152 iuxta
523 2100 567 2151 mt
589 2090 708 2170 ponetis
731 2095 761 2150 et
789 2087 985 2151 lucrifacietis
1007 2085 1153 2158 litteram,
1182 2107 1240 2170 qua
1273 2088 1406 2152 detracta
1436 2087 1510 2152 nihil
1541 2089 1578 2152 de

254 2193 421 2273 significatu
446 2196 526 2256 vocis
550 2193 736 2255 deminuitur
759 2203 790 2254 et
813 2190 956 2254 scribitur
982 2191 1162 2273 expeditius.

339 2295 437 2360 Credo
460 2297 542 2377 quod
566 2315 617 2358 ros
645 2299 793 2376 ignoratis
815 2314 926 2358 nomen
955 2294 1142 2375 privilegium
1165 2291 1245 2376 quod
1269 2293 1393 2359 dicitur:
1423 2295 1471 2360 lex
1496 2299 1575 2358 enim

255 2399 401 2481 pritilegii
423 2401 454 2462 in
479 2419 572 2463 unum
596 2399 752 2463 hominem
775 2408 822 2461 est
845 2399 934 2462 dicta.

217 2515 242 2556 ιο
340 2503 432 2568 Video
461 2522 514 2566 ros
536 2521 626 2586 saepe
650 2513 679 2566 et
702 2523 774 2566 orco
803 2512 833 2566 et
855 2502 988 2565 Vulcano
1011 2503 1030 2564 ιι
1054 2501 1187 2566 litteram
1211 2502 1399 2586 relinquere,
1431 2513 1461 2566 ct
1485 2503 1577 2566 credo

254 2626 305 2670 vos
326 2609 536 2690 antiquitatem
561 2609 658 2687 sequi.
703 2606 755 2668 sed
780 2625 848 2670 cunt
872 2609 1020 2688 asperitas
1044 2617 1129 2670 vetus
1151 2606 1201 2670 illa
1225 2607 1371 2688 panletim
1395 2605 1431 2669 ad
1456 2606 1575 2688 elegan-

254 2713 338 2775 tioris
361 2713 439 2798 ritae
463 2712 673 2792 sermonisque
697 2709 798 2772 limant
822 2710 970 2792 perpolita
993 2714 1041 2783 sit,
1066 2729 1118 2773 tos
1141 2729 1261 2792 quoqne
1284 2711 1338 2776 has
1362 2729 1448 2774 voces
1470 2713 1535 2774 sine
1555 2711 1574 2774 h

185 2839 189 2848 ·
254 2800 417 2878 secundum
442 2813 693 2878 cousuetudinem
709 2817 805 2876 nostri
822 2813 933 2876 saeculi
950 2815 1084 2877 scribite.
1130 2815 1203 2876 item
1227 2833 1339 2878 corona
1363 2833 1475 2877 ancora
1499 2813 1503 2898 Ι
1527 2833 1576 2877 se·

256 2918 400 3000 pulcrum,
445 2921 489 2981 sic
518 2927 548 2980 et
570 2935 647 3001 quae
671 2916 690 2978 h
713 2920 743 2979 ιιι
768 2917 972 3000 adspiratione
999 2917 1188 2989 desiderant,
1219 2926 1253 2982 nt
1280 2917 1437 2982 brachium
1466 2917 1576 2981 cohors

321 3110 503 3161 Bobseraatlo
521 3106 619 3174 Nigidii
642 3125 669 3174 ρ.
685 3111 710 3166 8,
730 3109 761 3157 id
833 3109 864 3160 ts
882 3107 1048 3176 privilegium
1068 3107 1216 3175 Cannam
1287 3109 1496 3162 ‘invidentes
1520 3109 1576 3160 Vei.

257 3179 336 3246 Lonp.
355 3181 434 3233 2219,
456 3181 533 3230 2229.
553 3180 635 3232 223⁴.
660 3175 717 3228 Ter.
737 3175 829 3228 scater.
849 3179 921 3228 225⁶

257 3283 458 3293 ——n—-n-u

321 3334 470 3397 isortaaee
489 3345 514 3382 et
531 3331 634 3382 illnrutn
658 3343 682 3384 et
701 3346 847 3384 nostrorum
936 3335 951 3384 3
975 3334 1040 3384 totio
1060 3346 1076 3390 ς
1100 3335 1183 3384 oretio
1205 3332 1293 3385 ABto
1383 3330 1440 3402 qni]
1467 3347 1533 3398 quse
1551 3331 1577 3382 B

321 3405 376 3454 suis
396 3415 420 3452 et
438 3417 457 3451 x
475 3402 593 3458 litterae
664 3403 679 3452 6
701 3417 781 3452 sexus
800 3417 880 3451 sexus
899 3414 950 3458 ως
973 3417 1053 3452 sexus
1073 3418 1148 3454 secus
1168 3405 1192 3454 A
1217 3417 1297 3453 sexus
1315 3405 1394 3454 semel
1410 3405 1532 3468 scripturn
1553 3401 1577 3452 B

321 3471 447 3539 oppidum
468 3473 493 3520 ιιι
513 3469 640 3537 Hispania
657 3469 762 3522 Uxama
780 3481 805 3521 et
823 3472 931 3530 attrttxi,
952 3471 1022 3534 qnod
1041 3485 1081 3522 est
1099 3473 1131 3521 ab
1150 3472 1259 3531 attraho,
1280 3483 1305 3522 et
1324 3473 1382 3522 ttexi
1404 3471 1575 3523 Camerarius.

253 3543 366 3604 furtum
378 3539 479 3592 Uxama
492 3542 643 3599 suestram,
656 3539 725 3601 quod
739 3552 777 3589 est
790 3555 807 3590 ιι
819 3539 897 3590 verbo
911 3552 991 3596 struo.
1006 3553 1030 3590 et
1043 3541 1115 3592 traho
1128 3542 1203 3596 traxi.
1216 3541 1282 3592 veho
1296 3543 1354 3592 rexi
1409 3543 1424 3592 7
1437 3541 1469 3590 ab
1483 3540 1573 3590 otrnbo

256 3612 353 3663 AVot.
372 3610 405 3660 ab
423 3608 525 3660 attraho
543 3607 641 3664 αιως
664 3611 696 3659 ab
715 3609 823 3659 adtrahe
842 3607 869 3658 B
941 3624 1018 3660 ttnces
1037 3609 1091 3660 Ba
1109 3611 1232 3668 Ventos
1261 3625 1312 3660 crox
1331 3611 1356 3661 A
1429 3625 1495 3674 qnne
1513 3611 1575 3660 ιιιιι

255 3681 361 3732 litteram
386 3679 553 3744 Gaiesordine
580 3693 647 3741 quae
671 3693 688 3726 x
712 3678 820 3728 litteram
846 3677 966 3734 ΑΒως
1054 3680 1069 3730 s
1090 3680 1207 3743 sortasse
1231 3695 1297 3743 (purae
1320 3694 1380 3730 vero
1400 3695 1446 3746 per
1464 3687 1487 3742 ψ
1506 3679 1575 3744 ιιριιιι

255 3749 364 3801 Graecos
377 3749 534 3804 scribuntur,
555 3761 584 3796 en
655 3747 936 3800 9oeninrl³ntscbiae
954 3745 1064 3800 'Fenim
1084 3749 1205 3805 ΑΒως
1285 3751 1316 3799 10
1335 3750 1502 3800 inueniuntur
1514 3748 1577 3798 sutb-

255 3819 338 3870 irtncta
356 3815 445 3876 ABto
464 3819 634 3867 inueniuntur
646 3817 759 3866 subiecto
781 3831 797 3872 ς
816 3818 949 3867 inuenitur
958 3818 1075 3868 subiecta
1092 3817 1228 3868 Putet-chius
1308 3821 1338 3868 11
1359 3831 1386 3868 ιιι
1404 3815 1536 3880 nhsoediti·
1552 3819 1575 3867 A

255 3903 281 3938 ιιι
297 3887 414 3938 abscedit
435 3888 494 3938 Val.
507 3899 558 3942 ως
577 3899 605 3936 ιιι
622 3885 753 3936 abscedite
771 3884 797 3935 B
869 3889 900 3937 1·2
918 3886 1076 3938 absinthium
1096 3888 1208 3953 gybsum
1227 3887 1259 3938 nd
1278 3889 1467 3952 interpolatore
1485 3888 1577 3938 addita

254 3973 308 4009 eece
331 3965 420 4008 censet
445 3956 472 4012 C.
493 3953 525 4006 h.
545 3954 719 4006 Schnetderns
739 3971 844 4022 promen.
868 3955 1031 4020 torphini
1046 3973 1073 4021 ρ.
1092 3957 1145 4006 221
1230 3959 1260 4008 13
1284 3964 1387 4007 stante
1410 3956 1504 4006 demsit
1527 3973 1575 4008 ont.

194 4077 202 4095 ,
253 4024 310 4078 AB
321 4039 373 4082 ως
445 4025 520 4088 stipis
540 4023 772 4087 (tffiffiBquando
784 4026 817 4086 ω)
837 4026 863 4074 in
882 4025 974 4075 hurum
993 4039 1082 4075 uocum
1102 4025 1256 4074 tuentionem
1278 4025 1363 4076 ABtn
1383 4036 1407 4075 ct
1425 4025 1530 4092 quando
1550 4027 1574 4072 ιιι

254 4095 342 4146 herum
361 4109 455 4145 uocum
476 4095 633 4145 mentionem
652 4092 791 4144 incidimus
809 4107 826 4150 ς
899 4097 930 4145 ld
949 4108 996 4144 nec
1007 4107 1171 4144 consumtum
1191 4109 1236 4144 trec
1255 4108 1350 4144 emtum
1369 4109 1416 4144 noc
1434 4093 1575 4144 redemtum

255 4181 298 4215 nee
316 4175 406 4214 temtet
424 4175 543 4214 attentent
560 4161 585 4212 B
604 4177 649 4213 nee
667 4174 831 4213 consumtum
851 4160 1047 4230 (eonsttmptum
1068 4160 1112 4226 ιιι)
1138 4176 1183 4212 nec
1202 4175 1296 4213 emtum
1318 4163 1443 4230 (emptum
1463 4161 1511 4228 n*)
1531 4179 1576 4212 net·

254 4233 412 4299 redemptum
433 4248 479 4282 nec
499 4245 608 4299 temptat
625 4244 742 4282 attemtut
761 4231 907 4298 (attemptat
926 4231 970 4294 αι’)
990 4233 1015 4282 A
1039 4247 1084 4282 nec
1104 4245 1268 4282 consumtum
1293 4247 1338 4282 nce
1357 4245 1452 4282 emtum
1473 4247 1518 4282 nec
1538 4247 1577 4282 re·

254 4303 384 4370 demptum
405 4317 451 4353 uec
469 4314 578 4369 temptat
596 4310 712 4372 ottemtat
735 4300 794 4350 Vol.
866 4302 897 4352 ld
916 4303 989 4352 iuxta
1007 4315 1053 4353 orn.
1073 4303 1109 4362 A,
1128 4301 1190 4356 add.
1209 4317 1226 4352 n
1248 4301 1307 4352 Vni.
1379 4315 1445 4365 quate
1463 4300 1577 4350 detracto

254 4371 430 4422 -deminuit
450 4384 475 4422 et
492 4369 551 4422 AB
563 4384 614 4426 ως
694 4370 727 4421 18
745 4371 816 4434 quod
834 4385 882 4420 tros
902 4371 1030 4438 ignoretis
1050 4371 1075 4420 A
1093 4371 1151 4422 an.
1174 4370 1244 4433 quod
1259 4385 1306 4419 nos
1319 4372 1444 4436 ignoretis
1463 4369 1497 4420 n*
1515 4385 1576 4434 ann

256 4489 301 4526 tros
321 4471 449 4541 ignoretis
468 4473 495 4524 B
517 4475 587 4538 quod
607 4475 735 4542 ignoretis
753 4485 802 4528 ως
872 4475 906 4526 20
923 4473 1034 4525 unicano
1052 4472 1078 4524 B
1096 4475 1155 4527 Vol.
1176 4442 1266 4524 Sicano
1286 4476 1311 4524 Α
1331 4476 1360 4533 (u
1373 4475 1577 4539 superscriptum

255 4545 345 4596 delenit
362 4541 409 4606 cdl)
429 4541 523 4592 ulcnnu
542 4557 594 4600 ως
672 4555 697 4593 et
709 4539 798 4608 credo]
819 4547 865 4592 sed
879 4542 955 4594 credo
978 4542 1032 4594 AB
1043 4556 1095 4600 ως
1174 4544 1207 4594 22
1225 4545 1405 4606 sermonisque
1417 4543 1504 4592 limem
1519 4559 1576 4609 pet·-

257 4613 332 4680 polita
345 4614 384 4663 sie
402 4626 450 4662 uos
464 4609 491 4662 B
510 4615 692 4675 sermonisque
711 4613 725 4664 e
745 4610 829 4676 (estro
842 4617 870 4676 ς)
889 4611 976 4662 limam
994 4611 1123 4679 perpolito
1141 4613 1179 4663 sic
1197 4626 1245 4662 uos
1265 4613 1290 4662 A
1303 4625 1355 4668 ως
1432 4614 1466 4662 ‘23
1489 4612 1577 4678 sepul-

256 4697 322 4732 crum
340 4695 388 4738 ως
406 4679 574 4748 sepulchrum
593 4684 618 4733 A
633 4681 658 4732 B
736 4683 770 4732 at
793 4682 830 4731 sic
849 4694 874 4731 et
892 4679 972 4745 (sicut
990 4684 1013 4732 A
1028 4700 1049 4732 ω
1068 4684 1132 4733 sicet
1150 4699 1166 4732 n
1183 4681 1254 4744 Vol.)
1284 4695 1351 4742 quate
1370 4679 1385 4729 ιι
1405 4681 1430 4730 ιιι
1456 4681 1576 4748 adspira-

257 4748 319 4803 tione
335 4751 487 4803 desidernnt
506 4749 563 4800 AB
575 4767 597 4801 to
616 4752 682 4801 sicut
700 4764 767 4814 quae
784 4750 801 4800 h
821 4752 846 4800 iu
865 4751 1043 4817 disputatione
1060 4751 1209 4802 desiderant
1227 4763 1243 4806 ς
1267 4752 1334 4799 sicut
1352 4765 1419 4813 quae
1438 4749 1453 4799 ιι
1474 4752 1499 4800 ιιι
1515 4766 1576 4816 pro·

258 4823 414 4872 nuntiatione
437 4819 589 4871 desiderant
613 4819 640 4872 0.
659 4819 692 4871 L.
711 4819 885 4872 Schneiderns
906 4837 1012 4886 ρναιιιιιι.
1031 4822 1091 4888 ιιιιρ.
1110 4826 1155 4872 lot.
1178 4820 1192 4870 l
1209 4837 1237 4885 p.
1257 4823 1314 4870 189.
1345 4837 1378 4870 cn
1397 4820 1435 4869 sio
1453 4831 1476 4869 et
1496 4835 1541 4886 per
1561 4819 1575 4870 b

258 4931 318 4979 qnne
335 4917 542 4983 adspirationem
561 4915 727 4966 desiderant?
798 4915 831 4966 ‘24
849 4899 985 4966 brabbinm
1004 4917 1029 4967 A
