3888 5550
395 315 461 383 450
613 306 616 312 ’
682 331 784 380 uranu
807 330 928 380 suoru
954 313 1006 401 [ιι.
1032 315 1194 400 crunon]
1220 328 1441 380 sacnnoorrs
1551 305 1553 310 ’

395 419 546 470 ΜΗΠ.

396 508 488 571 laee’:
512 525 568 590 per
588 525 694 578 casus,
718 526 754 570 ao
777 509 803 570 si
829 505 914 569 dieas
937 508 1060 588 ‘sequor
1084 505 1218 568 homine'
1243 522 1298 588 pro
1322 508 1446 585 ‘sequor
1463 503 1641 577 hominem’,
1665 503 1723 566 Το-

395 611 512 675 rentius
536 613 600 672 ‘ita
625 618 664 673 ut
686 607 796 672 robis
819 609 938 673 decet'
963 628 1019 691 pro
1042 611 1094 672 ‘ita
1110 617 1144 673 ut
1164 627 1217 671 ros
1232 609 1349 672 deeet’:
1374 627 1429 689 per
1446 626 1603 678 numeros,
1628 612 1721 685 ἰοιι,

395 733 413 774 ο
437 711 615 796 Calliope,
640 717 790 795 precor'
816 722 847 775 et
869 715 977 794 ‘pars
1000 715 1035 775 in
1060 712 1176 776 irnsta
1200 716 1360 776 secaut’:
1384 731 1439 794 per
1456 729 1615 793 personas.
1641 730 1675 774 ao
1697 713 1721 773 si

396 815 478 880 dicos
511 819 584 896 ‘ego
614 817 702 880 lacit’
733 834 788 899 hro
817 821 887 896 ‘ego
915 815 1021 880 laoio':
1052 833 1108 896 per
1138 825 1293 899 tempora,
1323 823 1355 878 ut
1382 818 1435 878 ‘et
1465 818 1585 878 omnis
1613 814 1721 878 humo

233 973 236 982 ι
396 921 525 984 lumat’
551 939 606 1002 pro
631 921 770 984 innuerit:
795 939 850 1002 per
873 917 1035 1002 qualitates
1059 921 1232 996 nominum,
1255 928 1289 982 ut
1735 935 1748 976 ι

606 1023 754 1086 hauriat
777 1024 877 1086 hune
901 1021 1022 1085 oculis
1045 1024 1163 1103 iguem
1188 1021 1353 1086 crudelis
1376 1021 1420 1085 sh
1443 1021 1517 1085 alto

605 1126 802 1190 Dardanus

396 1251 452 1314 pro
475 1227 658 1302 Dardanius.
684 1233 843 1313 proprium
867 1249 923 1313 pro
946 1229 1140 1313 appellativo:
1166 1248 1222 1312 per
1243 1249 1356 1312 genera
1380 1226 1555 1299 verborum'.
1580 1249 1614 1292 ae
1637 1231 1662 1292 si
1677 1229 1720 1292 di·

396 1345 446 1400 oss
469 1333 578 1398 sedeur
604 1353 661 1417 pro
684 1334 789 1407 sedeo,
819 1342 851 1396 ut
873 1334 1036 1397 Terentius
1065 1335 1190 1413 ‘eique
1214 1333 1372 1403 anulum.
1405 1333 1484 1396 dum
1509 1330 1644 1404 luctet.
1663 1333 1720 1394 de-

396 1439 526 1500 traxit’
550 1437 768 1519 proluctatur,
792 1445 822 1500 et
838 1435 990 1517 Vergilius
1008 1437 1138 1520 ‘pletis
1162 1435 1354 1501 bellantur
1377 1439 1572 1500 Amazones
1596 1438 1757 1500 armis'n

393 1560 450 1623 pro
473 1539 600 1604 bellant:
625 1558 680 1623 per
695 1559 810 1620 genera
828 1542 1001 1611 horminum,
1026 1560 1060 1603 ac
1083 1542 1107 1602 si
1131 1539 1215 1604 dieas
1239 1540 1288 1604 hie
1309 1539 1411 1603 caelus
1434 1557 1490 1620 pro
1513 1541 1571 1604 hoc
1594 1538 1720 1611 eaelum,

395 1647 534 1724 quamvis
549 1643 709 1708 Lueretius
728 1643 733 1728 Ι
754 1642 853 1707 caelos
869 1643 956 1706 dicit:
982 1663 1037 1726 per
1060 1645 1173 1706 iormas
1196 1641 1425 1724 rotunditates
1447 1644 1623 1717 verborum,
1647 1645 1719 1706 acsi

395 1747 477 1811 dicas
500 1743 608 1811 taedeo
632 1765 688 1828 pro
711 1746 812 1810 taedet
835 1765 898 1819 ιιιο,
923 1749 1008 1830 quasi
1031 1746 1189 1830 personale
1213 1767 1268 1830 pro
1291 1745 1485 1829 impersonali.
1724 1746 1726 1748 ’

614 1859 649 1912 at
673 1868 759 1913 uero
782 1849 928 1914 Rutulis
951 1853 1066 1932 impar
1090 1868 1128 1913 ea
1152 1869 1269 1933 pugna
1295 1851 1411 1913 rideri

406 2025 409 2034 ¹
613 1941 855 2027 iamdudum,
1732 1971 1756 2012 n

394 2075 450 2138 pro
473 2057 644 2130 ridebatur,
668 2059 818 2121 inlinitum
841 2074 898 2139 pro
913 2058 1013 2120 linito:
1036 2075 1091 2139 per
1109 2057 1230 2127 modos.
1256 2067 1313 2119 ute
1330 2077 1384 2140 per
1401 2057 1557 2127 adverbia.
1582 2076 1618 2120 ac
1633 2059 1658 2120 si
1674 2056 1718 2121 di·

394 2179 444 2224 cas
471 2161 525 2224 ‘ite
551 2161 644 2224 intus’
673 2180 729 2244 pro
752 2162 833 2222 intro
856 2162 899 2224 rel
931 2162 1039 2224 ‘estote
1064 2164 1157 2225 iutro’
1182 2179 1238 2241 pro
1260 2162 1356 2224 intus:
1390 2179 1444 2242 per
1466 2163 1716 2242 praepositiones,

394 2283 428 2328 ac
455 2265 481 2328 sl
512 2264 594 2328 dieas
628 2264 719 2344 ‘apud
747 2262 832 2326 illum
861 2263 945 2326 rado’
970 2283 1032 2343 pro
1061 2265 1118 2326 ‘ad
1143 2267 1233 2344 illum
1259 2267 1349 2329 vudo'
1378 2267 1426 2327 net
1454 2266 1511 2326 ‘uei
1532 2267 1618 2328 illum
1640 2267 1716 2329 snm’

318 2442 323 2448 Ι
394 2386 450 2449 ριο
473 2367 564 2448 ‘apud
588 2366 671 2431 illurn
694 2369 791 2432 snm’:
821 2385 875 2450 per
898 2368 1011 2447 gradus
1035 2368 1230 2439 conlationis,
1261 2368 1318 2430 hoo
1341 2376 1388 2430 est
1410 2370 1662 2449 comparationis,
1686 2379 1718 2430 ut

393 2479 441 2533 est
463 2470 652 2533 ‘Saturnia
680 2469 830 2553 pulchra
861 2471 1025 2534 dearum’
1051 2482 1107 2553 ριο
1130 2470 1350 2554 pulcherrima,
1375 2479 1405 2532 et
1428 2469 1587 2533 Lucretius
1610 2472 1753 2534 ‘iaie-so

392 2575 492 2637 riora
516 2575 649 2653 magis’
674 2592 729 2655 pro
754 2576 915 2638 interiora:
940 2594 996 2657 per
1012 2577 1246 2655 geminationem
1271 2573 1439 2644 abnuendi.
1466 2571 1580 2636 ‘nulla
1602 2593 1716 2656 neque

392 2697 532 2741 amnem
547 2676 679 2742 liharit
702 2677 940 2760 quadrupes':
968 2676 1037 2760 [per
1060 2677 1176 2740 ordinis
1200 2677 1453 2760 immutationem]
1479 2701 1496 2738 e
1519 2687 1553 2740 ut

590 2779 782 2863 inplentur
807 2783 945 2844 ueteris
969 2781 1099 2844 Bacchi
1123 2784 1347 2866 pinguisque
1371 2782 1521 2866 ferinae:

392 2903 447 2964 per
470 2883 688 2964 anastrophen.
711 2895 746 2950 ut
769 2884 975 2966 ‘Thestylis
997 2887 1052 2948 et'
1071 2903 1133 2964 pro
1156 2889 1201 2949 ‘et
1229 2884 1400 2964 Thesrntrs’.
1446 2884 1520 2948 haec
1544 2886 1568 2948 si
1592 2903 1607 2948 a
1632 2884 1716 2947 nohis

396 2989 603 3001 ———-.--

460 3024 494 3074 24
513 3037 559 3087 per
577 3021 753 3090 anastrophen
771 3040 799 3089 ρ.
821 3025 881 3088 162,
901 3025 945 3078 26.
967 3025 1026 3088 166,
1047 3026 1080 3074 12

395 3109 602 3120 -ο-ι--ι

460 3145 476 3194 2
495 3144 532 3194 he
550 3153 578 3195 ut
596 3139 685 3212 vobis]
713 3143 819 3195 Terent.
840 3143 952 3210 Adelph.
974 3142 1025 3195 111
1045 3147 1068 3205 1,
1089 3147 1122 3196 16
1146 3143 1209 3194 heeo
1233 3145 1344 3210 primum
1365 3155 1393 3196 nt
1411 3143 1556 3196 ilarrtdeos
1575 3156 1716 3208 quaesout

390 3229 466 3280 vobis
485 3230 565 3281 decet.
588 3229 624 3285 tt.
642 3229 667 3279 V
679 3233 733 3293 8,6
752 3232 830 3280 ἰιιιιιιο
849 3229 935 3281 hercle
953 3231 987 3280 im
1007 3229 1081 3282 nohis
1100 3230 1175 3282 decet
1262 3245 1311 3281 nos
1330 3245 1345 3280 o
1365 3229 1476 3296 calliope
1496 3229 1532 3280 B:
1555 3231 1634 3295 Verp.
1651 3233 1714 3282 Aen.

396 3313 491 3366 VIIII
509 3317 562 3367 626
624 3313 1027 3383 3pa1·s]Verp.Aen.1212
1080 3317 1144 3368 «let
1163 3311 1261 3384 omnis]
1285 3316 1365 3383 γει-ρ.
1385 3317 1452 3368 Aen.
1472 3314 1561 3368 1113
1619 3315 1716 3366 iihan·

302 3436 308 3441 -
392 3395 451 3466 siet]
476 3401 555 3468 Verp.
574 3403 642 3454 Aen.
655 3401 725 3454 1111
739 3405 789 3453 661
860 3403 972 3466 seinos
990 3399 1110 3468 anulum]
1135 3401 1237 3456 Terent.
1258 3403 1357 3468 Heepr.
1380 3403 1406 3452 V
1424 3403 1450 3463 3,
1471 3403 1505 3454 31
1526 3401 1641 3466 dicitque
1659 3417 1716 3453 sese

336 3511 338 3515 ·
391 3485 427 3536 illi
446 3486 561 3547 errulum,
581 3488 643 3538 dum
661 3487 748 3548 lnotot,
769 3489 917 3540 detraxisse
971 3491 1003 3540 10
1021 3485 1110 3554 pletis]
1134 3490 1214 3555 Verp.
1235 3491 1301 3541 Aen.
1323 3487 1366 3539 xl
1384 3491 1433 3540 666
1505 3489 1534 3540 11
1556 3503 1586 3539 ae
1604 3490 1627 3540 si
1645 3489 1715 3540 diros

391 3589 404 3624 o
423 3587 453 3622 uo
470 3571 542 3624 dieas
557 3573 604 3624 hae
623 3575 645 3625 si
664 3575 736 3625 dicas
751 3573 776 3625 B
884 3575 914 3624 12
933 3573 1019 3624 caelos
1038 3575 1063 3626 ιΙ.
1083 3574 1109 3624 Β
1128 3573 1212 3626 caelos
1231 3575 1327 3625 dixerit
1344 3591 1373 3625 o:
1392 3575 1499 3626 Lueret.
1520 3575 1554 3626 11
1573 3577 1640 3626 1667
1658 3575 1715 3639 quis

389 3659 487 3725 puriter
499 3658 585 3710 melos
599 3660 684 3712 omnis
694 3671 842 3711 corruertere
896 3661 927 3712 tt
939 3673 986 3727 pro
1000 3657 1169 3727 lupersouali.
1185 3675 1231 3726 per
1241 3659 1334 3710 modos
1345 3669 1372 3710 nt
1384 3669 1410 3710 st
1422 3659 1656 3711 sero-intinitum
1671 3674 1716 3728 pro

390 3745 474 3799 linito.
511 3761 558 3812 per
580 3745 703 3796 adverbia
725 3763 755 3798 o:
781 3746 893 3798 ‘linitum
917 3761 964 3814 pro
988 3743 1090 3796 infinito
1118 3747 1175 3799 rod.
1198 3746 1335 3810 manifesto
1357 3745 1510 3812 sphalmate.
1545 3747 1610 3796 haee
1635 3748 1715 3797 literis

390 3832 535 3883 maiusculis
553 3833 678 3896 miniatis,
697 3838 757 3898 poet
775 3833 853 3886 aerbo
872 3848 919 3899 pro
938 3829 1108 3900 impersonali,
1124 3833 1221 3898 portin
1240 3833 1267 3882 in
1285 3833 1410 3899 margine,
1433 3835 1529 3896 portin
1548 3835 1715 3883 interlineas

388 3920 490 3982 scripta
506 3917 579 3967 herine
605 3919 655 3968 loci
682 3921 752 3968 runt’
772 3919 858 3970 editor
880 3919 1095 3971 Vindoboueneir.
1130 3933 1229 3969 uersum
1256 3916 1367 3985 Verpih'i
1389 3917 1472 3979 (Aen.
1498 3917 1560 3969 XII
1582 3921 1646 3982 216)
1666 3933 1714 3984 pro

389 4007 508 4070 exemplo
526 4005 670 4056 soloecismi
684 4019 734 4070 per
754 4008 893 4071 portitores
914 4005 1047 4057 veriorum
1061 4005 1148 4070 poenit
1165 4003 1329 4056 dominianus
1347 4002 1448 4058 chasse.
1464 4021 1492 4070 ρ.
1513 4007 1571 4064 266,
1586 4005 1629 4056 26.
1666 4006 1714 4054 r'tn·

390 4104 439 4155 que
462 4107 483 4140 u.
507 4102 534 4140 et
557 4104 618 4141 uero
637 4089 740 4140 Rutulis
758 4115 792 4128 -·
810 4090 940 4142 lulluitunt
963 4104 1011 4157 pro
1036 4089 1110 4140 llnlto
1133 4092 1159 4162 lp
1177 4089 1210 4149 B,
1236 4096 1263 4140 ut
1280 4090 1396 4148 uidetur,
1415 4095 1512 4156 pertint
1535 4093 1714 4156 superscripta

388 4177 485 4240 partim
507 4177 534 4226 in
552 4177 667 4244 margine
690 4167 777 4240 puelia
796 4183 821 4227 tu
838 4192 910 4228 ouum
927 4177 1008 4228 lorum
1024 4177 1158 4227 reuocari:
1182 4177 1278 4228 deinde
1296 4179 1425 4236 lacunam,
1445 4191 1495 4243 qno
1514 4179 1656 4242 ememphuu
1672 4191 1713 4228 so·

389 4261 502 4312 loeeirmi
518 4277 567 4327 per
585 4261 673 4314 rhodos
691 4257 808 4324 (Charis.
827 4279 854 4329 p.
874 4265 933 4326 267,
953 4263 982 4325 8)
1001 4263 1107 4320 emolliit,
1127 4263 1238 4314 iudicavi
1327 4265 1359 4315 18
1378 4277 1426 4328 ριο
1445 4259 1569 4314 edilium
1588 4262 1654 4313 rado
1675 4262 1713 4314 rel

389 4345 423 4396 sd
441 4345 512 4396 illum
532 4361 589 4396 snm
609 4363 655 4399 orn.
677 4346 700 4396 B
788 4349 821 4400 20
840 4345 973 4416 Saturnis]
995 4347 1062 4399 Ειιιι.
1080 4351 1167 4398 annal.
1182 4347 1198 4398 1
1212 4351 1246 4399 66
1258 4351 1299 4401 ed.
1320 4348 1395 4403 Vani.
1483 4348 1608 4399 interiore
1624 4351 1714 4416 priore

389 4434 446 4484 loeo
464 4429 506 4483 B:
524 4432 632 4485 Lueret.
651 4434 756 4486 11063
809 4437 841 4486 21
863 4430 940 4499 nulla]
964 4433 1140 4501 Vernbueol.
1160 4440 1184 4493 6,
1204 4438 1239 4487 26
1308 4437 1341 4486 22
1360 4434 1539 4485 imntationem
1557 4435 1589 4488 B.
1608 4451 1660 4488 non
1677 4436 1714 4487 rii·

297 4541 299 4545 ’
388 4535 488 4571 ueram
506 4526 547 4572 eet
563 4519 612 4572 hoo
628 4520 755 4587 penetral
774 4535 805 4573 eo
829 4522 899 4589 quod
914 4523 1039 4588 requitur,
1063 4522 1313 4587 peranartrophee.
1351 4522 1446 4574 deinde
1458 4525 1575 4572 lacunam
1593 4522 1712 4584 iudicavi,

390 4622 441 4674 quo
459 4605 574 4670 definitio
592 4609 736 4660 soloecismi
751 4623 801 4674 per
824 4610 1010 4660 detractionem
1032 4610 1148 4661 excidit:
1172 4609 1208 4672 cs.
1232 4607 1332 4659 Clnrrir.
1355 4624 1384 4672 p.
1411 4609 1471 4667 267,
1491 4610 1525 4658 29
1547 4607 1711 4668 demetiens,

389 4705 448 4742 oum
472 4693 558 4744 miuus
585 4708 664 4758 quam
686 4693 762 4746 dehet
784 4696 911 4746 sententia
933 4695 1071 4747 verborum
1096 4695 1182 4760 hahet,
1207 4705 1235 4746 ιιι
1258 4693 1397 4760 implemur
1419 4694 1517 4745 veteris
1536 4691 1632 4746 Bacchi
1655 4696 1712 4764 pin·

389 4779 501 4844 genisque
519 4777 640 4831 ieriuse’r
660 4779 733 4832 deest
751 4781 820 4832 euim
838 4781 923 4833 cernis
994 4785 1027 4835 23
1047 4777 1191 4850 inplentur]
1210 4781 1288 4845 Verp.
1303 4780 1370 4830 Aen.
1383 4778 1464 4830 1216
1534 4781 1569 4831 at
1586 4789 1616 4832 ut
1633 4779 1711 4833 Thes·

322 4879 328 4885 ·
391 4862 450 4930 tylis
475 4877 500 4914 et
521 4879 570 4932 pro
595 4876 619 4917 et
638 4865 767 4932 Thestylis
788 4883 801 4918 o
820 4879 848 4916 ιιι
867 4866 986 4935 thesiplie
1010 4868 1050 4920 B:
1090 4868 1173 4935 Verp.
1192 4867 1275 4919 bucol.
1294 4869 1321 4926 2,
1342 4868 1377 4916 16
