3866 5562
628 344 742 400 coum.
765 316 815 394 o'n
838 345 997 398 uvunnrs
1021 348 1127 400 oaar.
1150 345 1254 397 sa-eo
1546 337 1612 404 575

283 449 306 490 p·
320 439 378 481 1111.
393 437 419 478 11
432 436 457 478 1’.
1432 453 1454 493 p.
1469 443 1515 484 400.
1529 442 1567 484 tllt
1582 441 1609 486 D.

285 525 411 608 dialogis
434 529 472 592 de
496 553 532 596 re
556 529 676 613 publica
707 525 800 589 mulla
829 523 921 600 dicit,
949 526 1089 590 referens
1116 515 1241 591 Asianos
1269 540 1405 592 oratores
1435 531 1617 595 ditrochaeo-

207 659 210 664 ·
283 627 433 694 clausulas
456 637 631 702 terminare.
970 618 973 624 ¹

370 734 574 804 Terentianus
597 738 635 802 de
658 739 781 806 cretico,
806 733 865 797 hoc
889 743 934 796 est
957 732 994 795 de
1018 733 1225 816 amphimacro
1249 736 1335 817 pede.
1360 739 1403 800 sic
1426 740 1508 816 dicit,

437 845 569 923 optimus
593 861 648 922 pes
671 849 702 902 et
723 837 851 901 melodis
875 846 905 900 et
927 835 1062 915 pedestri
1086 836 1209 917 gloriae.

436 946 603 1025 plurimum
628 944 744 1006 orantis
767 937 894 1010 decebit,
919 937 1039 1022 quando
1062 958 1158 1021 paene
1182 943 1212 1003 iu
1235 933 1341 1003 ultimo

437 1048 554 1111 ohtinet
577 1047 681 1112 sedem
705 1044 835 1114 beatam,
859 1045 1003 1106 terminet
1025 1043 1050 1104 si
1073 1042 1265 1127 clausulam!

415 1149 572 1233 .clactplus
594 1149 746 1232 spondeus
768 1151 870 1219 imam,
897 1163 953 1208 uec
977 1145 1153 1209 trochaeum
1178 1165 1304 1229 respuor

435 1252 579 1319 bacclrios
603 1264 750 1335 utrosque
774 1250 880 1332 fugito,
905 1267 961 1312 nec
984 1247 1106 1312 rotellas
1129 1248 1321 1333 tribrachyn:

434 1374 503 1420 nam
527 1356 605 1421 solet
627 1357 747 1437 longam
771 1353 933 1418 trochaeus
956 1350 1073 1416 solvere
1097 1355 1130 1416 in
1154 1353 1228 1416 duas
1252 1354 1379 1425 brevest

434 1460 515 1524 unde
539 1469 569 1524 et
591 1457 745 1543 appellant
768 1456 954 1527 trochaeum,
979 1475 1070 1538 quem
1094 1472 1236 1519 vocanaus
1258 1458 1444 1542 tribrachyn.

431 1563 551 1644 plenius
574 1572 722 1628 tractatur
744 1561 825 1625 istud
849 1571 914 1624 erte
938 1577 1028 1643 prosa
1051 1560 1220 1624 rhetorum.

362 1665 523 1746 Pompeius
539 1665 717 1730 Messalinus
732 1665 770 1728 de
787 1667 924 1728 numeris
940 1671 969 1726 et
991 1663 1121 1744 pedibus
1138 1675 1295 1728 oratorum
1311 1667 1355 1728 sie
1371 1666 1452 1744 dicit,
1478 1669 1597 1733 ‘Cicero

273 1767 444 1847 spondeum
467 1771 572 1832 incisis
595 1769 737 1832 idoneum
761 1777 856 1850 putat,
881 1768 960 1847 qtria,
985 1777 1017 1830 ot
1040 1769 1090 1837 ait,
1114 1770 1298 1849 paucitatem
1322 1768 1431 1850 pedum
1454 1777 1601 1852 gravitate

273 1887 328 1932 sua
352 1881 382 1932 et
399 1870 539 1935 tarditate
563 1881 757 1952 compensat:
782 1871 957 1933 dochmium
973 1878 1077 1952 aptum
1101 1873 1205 1952 quovis
1226 1872 1293 1935 loco
1317 1891 1394 1944 esse,
1419 1873 1489 1937 dum
1506 1878 1600 1939 setrtel

232 1981 259 2023 1⁵
273 1983 414 2054 ponatur,
439 1977 582 2056 quoniam
607 1977 802 2038 continuatus
824 1990 986 2037 numerum
1010 1991 1151 2054 asperum
1175 1973 1299 2044 ciliciam
1323 1975 1500 2039 dichoreum
1523 1995 1599 2058 quo·

272 2093 332 2157 que
355 2079 513 2159 praeclare
537 2078 663 2142 cadere:
688 2078 740 2140 sed
765 2076 895 2159 palmam
919 2076 957 2138 de
980 2075 1122 2164 omnibus
1145 2079 1259 2138 cretico
1284 2076 1414 2141 tribuit.’
1457 2080 1537 2143 iDem
1562 2083 1599 2144 de

272 2176 453 2243 Sallustiana
474 2183 700 2263 compositione
724 2183 788 2243 sire
812 2179 849 2242 de
873 2197 1001 2241 numero
1025 2189 1055 2240 et
1077 2187 1230 2241 structura
1254 2180 1297 2243 sic
1321 2180 1408 2251 dicit,
1439 2182 1547 2256 ‘Nune
1571 2187 1598 2247 si

272 2281 411 2356 videtur,
441 2284 641 2348 Sallustianae
670 2283 789 2366 periodi
819 2281 964 2346 numeros
991 2283 1202 2363 inspiciamus:
1234 2285 1296 2345 ‘res
1325 2285 1417 2365 popu’
1452 2286 1595 2368 dactylus,

271 2383 305 2446 ‘ll
320 2384 447 2450 Romani
463 2386 578 2450 llarco'
603 2395 666 2451 tres
682 2387 818 2469 spondei,
844 2385 984 2466 ‘Lepido’
1009 2393 1198 2466 anapaestus,
1223 2384 1348 2458 ‘Quinto
1365 2387 1483 2450 Catulo’
1506 2409 1596 2471 spon·

229 2485 346 2552 ”deus
370 2498 399 2551 et
415 2500 603 2572 anapaestus,
628 2489 829 2553 ‘consulibus’
854 2506 950 2571 paeon
974 2487 1100 2569 primus,
1125 2491 1173 2550 ‘ac
1197 2485 1318 2550 deinde'
1347 2488 1509 2555 dichoreus
1533 2496 1595 2556 sire

271 2588 478 2664 ditrochaeus,
502 2591 618 2658 ‘militi’
642 2593 787 2676 dactylus,
811 2595 873 2656 ‘aet
895 2591 990 2654 domi’
1015 2591 1154 2664 creticus,
1178 2596 1302 2670 ‘gestas’
1317 2592 1478 2673 spondeus,
1503 2598 1595 2660 ‘com-

269 2695 371 2774 posui’
396 2695 591 2761 choriambus
615 2715 652 2760 ex
675 2695 763 2777 longa
788 2703 824 2759 et
839 2695 923 2758 hreri
946 2703 976 2757 et
999 2694 1083 2757 hrevi
1108 2704 1138 2756 et
1161 2693 1270 2774 longa'.
1317 2715 1321 2724 ·

356 2797 466 2861 Cicero
488 2799 526 2863 de
550 2802 774 2882 compositione
790 2796 1003 2863 Demosthenis
1019 2795 1162 2882 sicctlicit,
1181 2793 1192 2880 ΙΙ
1210 2796 1313 2869 ‘Quasi
1337 2815 1407 2860 vero
1423 2798 1594 2865 Trallianus
1655 2825 1657 2832 ¹

269 2898 361 2962 luerit
384 2898 614 2977 Demosthenes,
644 2905 732 2966 cuius
761 2920 823 2965 non
846 2911 907 2965 tam
934 2899 1090 2963 vibrarent
1118 2898 1246 2963 fulmina
1274 2898 1341 2972 illa,
1371 2904 1429 2964 nisi
1458 2906 1594 2968 numeris

226 3012 253 3052 2⁵
268 3009 405 3067 contorta
429 3003 608 3070 terrentur!

355 3107 467 3172 Versus
489 3109 590 3173 liuilni
612 3107 647 3172 l'.
671 3108 702 3172 G.
728 3108 766 3172 de
789 3111 927 3172 numeris
948 3116 978 3170 et
999 3105 1129 3188 pedihus
1153 3114 1318 3170 oratorum.

324 3335 540 3388 arcessamus
559 3352 581 3387 a.
602 3337 673 3386 1⁴39
759 3333 794 3384 23
812 3321 900 3383 Cicero
918 3331 951 3382 de
968 3331 1160 3398 compositione
1178 3327 1361 3383 Demosthenis
1382 3331 1454 3385 Orat.
1474 3335 1516 3400 70,
1535 3335 1591 3386 234

333 3544 493 3610 doptumns
513 3544 538 3593 Α
626 3541 740 3609 pedestri
765 3544 827 3594 Alci.
851 3541 1022 3594 Terentianus
1040 3538 1168 3606 pedestris
1188 3535 1240 3589 AB
1263 3537 1328 3593 Ven.
1348 3541 1426 3589 Asu:
1449 3541 1484 3603 cs.
1506 3557 1591 3608 supra

262 3645 290 3694 p.
301 3629 362 3691 adt,
374 3631 407 3679 u
417 3627 467 3680 hoo
476 3631 542 3695 pede
552 3628 698 3695 composito
710 3627 830 3678 lorrdntur
840 3626 908 3677 ianm
918 3626 1050 3693 pedestris
1104 3625 1120 3675 h
1134 3625 1232 3674 orantis
1243 3622 1285 3674 Ab
1299 3625 1399 3675 ornatis
1414 3624 1438 3676 B
1453 3615 1557 3679 orantes
1571 3640 1588 3684 ς

316 3727 384 3781 pens
400 3715 427 3765 iu
447 3715 538 3766 numo
557 3716 619 3770 Aru.
638 3714 798 3780 paerrultimo
818 3712 871 3764 AB
893 3711 959 3768 Ven.
978 3713 1042 3762 Aac.
1123 3709 1140 3760 8
1159 3708 1296 3760 bacchicus
1315 3716 1340 3761 et
1359 3709 1468 3777 repellas
1492 3712 1588 3765 Teren·

264 3801 350 3852 uaaaa
432 3803 465 3852 to
483 3799 616 3868 appellant
634 3800 676 3852 Ab
695 3798 809 3867 appellat
826 3797 852 3849 B
941 3801 972 3848 11
992 3807 1045 3846 orte
1065 3810 1145 3863 prose
1164 3797 1190 3846 Α
1210 3796 1274 3847 Aac.
1295 3797 1357 3848 Atd.
1376 3810 1430 3848 arte
1448 3812 1542 3864 prosas
1562 3798 1588 3850 B

262 3950 344 4004 prosa
366 3937 432 3988 Ven.
452 3947 508 3988 arta
527 3949 551 3988 et
569 3952 649 4004 prosa
668 3937 805 3988 Rataclina
893 3938 924 3986 11
943 3877 1074 3986 mesdmus
1094 3931 1120 3984 B
1212 3935 1245 3986 13
1264 3928 1420 4000 spondeum]
1441 3933 1493 3986 Cic.
1514 3933 1585 3987 Orat.

261 4025 397 4082 11216-
448 4024 510 4087 quie
530 4033 557 4074 ut
575 4025 611 4073 ait
629 4022 682 4073 AB
700 4023 744 4087 qui
764 4033 791 4073 ut
809 4025 845 4074 ait
863 4023 926 4074 Aac.
945 4023 1009 4073 Ata.
1027 4021 1072 4085 qui
1091 4035 1136 4071 aot
1158 4021 1224 4072 Vera.
1300 4017 1512 4088 ttdochmiom]
1533 4020 1587 4072 Cic.
1645 4075 1648 4082 Δ

255 4107 335 4162 Orat.
350 4109 392 4168 dt,
406 4111 458 4160 218
528 4117 620 4176 aptum
634 4109 774 4160 Abantem
786 4108 1041 4182 Baptumdicits·
1093 4105 1255 4175 esseJestB
1328 4107 1359 4157 to
1378 4105 1583 4158 continuatusA

174 4259 182 4268 μ
261 4193 420 4245 continuitas
439 4191 484 4252 aa
554 4193 733 4246 ditrochaeum
751 4206 783 4251 5:
801 4193 854 4252 Cio,
875 4193 947 4249 Orat.
961 4195 1005 4254 63,
1019 4196 1074 4246 113
1146 4196 1178 4246 16
1197 4195 1243 4246 sed
1262 4205 1343 4250 orus
1412 4187 1517 4257 cretico]
1532 4192 1585 4243 Cic.

262 4278 338 4332 Orat.
357 4282 401 4344 64,
419 4282 481 4332 tta.
501 4281 554 4332 m
624 4279 692 4330 idest
709 4280 790 4340 (corr.
810 4279 863 4344 ide)
881 4280 914 4330 de
931 4279 1076 4332 salustiana
1094 4280 1119 4331 B
1136 4281 1197 4332 item
1216 4281 1249 4332 de
1266 4279 1430 4332 salustinaA
1503 4279 1534 4328 l'l
1553 4278 1586 4329 de

259 4367 410 4432 posteriore
427 4367 485 4418 loco
503 4381 552 4420 an.
570 4363 625 4422 ae.
697 4365 729 4419 18
747 4367 851 4416 uidetur
869 4368 894 4418 Α
918 4366 1080 4418 uideaturB
1103 4367 1167 4419 Aee.
1192 4369 1255 4419 Ald.
1343 4367 1516 4420 Sallustianae
1538 4382 1585 4434 pe·

261 4445 343 4520 riodi]
364 4449 503 4502 Sallustios
522 4453 549 4502 iu
568 4452 579 4501 1
597 4451 764 4502 historiarum
784 4451 935 4505 Priscianus
953 4455 970 4504 l.
990 4452 1047 4503 XV
1061 4469 1089 4520 p.
1108 4456 1152 4518 64,
1173 4457 1206 4506 ts
1224 4461 1249 4505 et
1265 4470 1293 4520 p.
1308 4457 1353 4521 73,
1367 4457 1408 4505 11.
1438 4452 1503 4505 Sall.
1522 4455 1583 4506 hiat.

260 4537 357 4602 srapna.
376 4535 393 4587 Ι
413 4539 428 4587 1
498 4537 530 4588 11
550 4534 601 4602 aet]
620 4550 650 4586 ac
667 4533 791 4604 corma&
809 4539 946 4604 adscripta
958 4541 984 4589 in
1002 4541 1116 4604 maraine
1135 4541 1335 4591 adnotationes
1354 4540 1518 4607 synelipham
1536 4557 1584 4608 pa-

262 4623 322 4674 titur
344 4637 403 4674 nam
425 4624 534 4674 creticus
558 4637 591 4673 ex
610 4623 688 4690 longa
707 4635 731 4674 et
750 4624 820 4674 breui
845 4633 869 4674 et
887 4623 966 4690 longe
984 4631 1090 4675 constat
1107 4625 1146 4680 A.
1170 4638 1200 4674 ac
1217 4641 1287 4680 corr.
1310 4641 1340 4676 ae
1358 4625 1384 4677 B
1402 4641 1433 4676 ae
1456 4635 1480 4676 et
1497 4628 1585 4679 codex
1604 4659 1609 4669 -

262 4707 452 4762 litnaiedlensis
475 4723 506 4759 ae
530 4721 554 4765 ς.
572 4725 575 4732 ·
591 4709 698 4759 militiae
721 4721 746 4758 et
767 4709 853 4775 domi,
878 4717 905 4760 ut
927 4717 968 4762 eat
989 4713 1063 4774 apud
1082 4711 1259 4774 Marianum,
1284 4729 1335 4764 non
1353 4711 1442 4763 militie
1464 4723 1489 4762 et
1510 4713 1582 4764 domi

261 4797 352 4861 lapiaae
374 4797 475 4848 uidetur
493 4793 651 4847 Messalinus
756 4796 788 4846 11
808 4807 832 4846 et
850 4795 922 4846 brevi
940 4807 964 4845 et
981 4791 1069 4863 longa]
1089 4811 1119 4848 ac
1138 4798 1209 4849 breui
1226 4809 1251 4848 et
1274 4799 1353 4865 longa
1372 4800 1396 4849 A
1416 4811 1441 4850 et
1458 4799 1532 4851 breui
1552 4815 1583 4851 ac

260 4877 340 4946 longa
358 4877 383 4930 B
453 4881 488 4933 111
506 4879 622 4933 teruntur
640 4896 711 4933 corr.
730 4879 859 4933 terrentur
877 4881 903 4933 B
921 4881 1038 4933 teruntur
1055 4887 1081 4936 A
