3858 5560
565 401 606 410 ,ι
656 402 658 407 .
703 327 1152 412 neunparsernenax.
1528 331 1593 399 213

239 430 493 488 'piminii¹
580 495 583 504 ,
1029 439 1030 442 ’
1405 432 1566 488 pmuai..

269 530 303 585 ut
325 522 458 586 ‘muita
481 539 632 604 quoque
655 529 691 584 et
718 520 819 586 delio
842 525 1003 605 passus',
1033 539 1086 585 seu
1114 522 1293 604 interposita
1322 533 1524 597 consonante,
1560 533 1594 587 ut

270 622 450 688 ‘muitum
474 621 542 688 iiie
564 635 609 705 et¹
624 627 744 690 terris
774 627 971 698 iactatus',
1001 625 1080 709 quod
1104 643 1293 709 nequaquam
1316 625 1375 688 hoc
1397 626 1464 690 ioco
1492 627 1593 690 adseri
1677 621 1680 628 ’

269 737 377 811 potest
408 729 530 812 ‚quippe
558 728 714 794 absolutus
741 748 795 812 pes
823 739 869 792 est
898 731 1034 801 ‘omnia’,
1058 727 1148 792 ueluti
1175 731 1207 791 iu
1235 727 1288 794 iilo
1310 748 1414 801 versu,
1450 731 1593 794 ‘omnia

268 833 345 896 sert
366 835 487 897 aetas'
511 840 544 896 et
565 835 705 896 ‘omnia
729 832 847 896 uincit
868 815 1000 895 am'or’.
1023 843 1126 916 posset
1141 837 1233 898 etiam
1250 851 1354 898 uersus
1377 851 1443 898 esse
1467 852 1502 898 ex
1519 835 1591 898 dac-

151 1023 157 1032 ·
241 933 342 1018 :tylis
364 955 427 1006 sex,
451 935 591 1000 simodo
615 935 733 1000 metrici
755 933 958 1012 admitterent,
983 933 1074 1022 reiuti

510 1040 620 1104 dicitur
641 1041 673 1102 in
696 1047 802 1104 tenero
832 1037 906 1102 mihi
929 1038 1037 1102 bucula
1060 1057 1188 1122 pascere
1210 1011 1347 1120 prumiae
1436 1131 1444 1146 ,

268 1128 298 1190 a
482 1221 513 1276 at
535 1211 603 1276 tuba
629 1208 796 1276 terribilem
820 1212 952 1277 sonitum
975 1210 1083 1294 procui
1107 1211 1216 1274 excitat
1239 1211 1372 1276 horrida.

353 1296 396 1380 Ex
425 1334 516 1400 supra
540 1317 629 1380 dictio
662 1315 822 1396 speciebus
854 1313 963 1388 xxxii
996 1322 1071 1398 quot
1103 1315 1221 1398 species
1254 1315 1525 1398 deprehenduntur
1558 1319 1589 1380 in
1674 1342 1679 1352 ·

229 1442 255 1483 ro
267 1421 400 1486 carmine
423 1419 614 1502 Vergiliano?
639 1417 747 1481 Decem
773 1427 803 1480 et
825 1428 951 1502 septem.
998 1417 1098 1492 Quasi
1136 1418 1179 1482 Ex
1209 1437 1297 1483 versu
1326 1417 1472 1486 tredecim
1501 1419 1589 1504 sylia-

266 1525 373 1588 barum
397 1523 475 1588 duae
497 1524 615 1606 species
646 1522 834 1605 adsumptae.
879 1523 973 1586 Cuius
1002 1522 1179 1605 positionis?
1216 1522 1375 1586 Secundae
1398 1531 1429 1588 et
1450 1525 1587 1608 quintae:
1668 1579 1671 1584 .

266 1647 335 1692 nam
359 1637 410 1692 aut
431 1625 565 1691 seeundo
588 1625 654 1690 loco
679 1643 757 1689 unos
780 1623 916 1708 dactylus
939 1613 1054 1688 tantum
1078 1626 1240 1696 inuenitur,
1265 1633 1297 1688 ut

393 1811 395 1816 ι
494 1741 560 1795 aut
587 1729 694 1794 leves
717 1747 852 1792 ocreas
881 1727 986 1792 lento
1015 1727 1157 1792 ducunt
1180 1727 1407 1816 argentei,

265 1845 317 1900 aut
338 1835 454 1918 quinto,
479 1841 512 1898 ut
1132 1829 1137 1838 '

227 1959 253 2002 ιι
396 1957 477 2003 cum
500 1937 590 2001 iuno
613 1929 1005 2000 aeternum‘servens
1033 1935 1102 2000 suh
1131 1943 1290 2019 pectore
1312 1937 1457 2001 uulnus.

265 2042 309 2106 iix
330 2060 419 2107 versu
441 2041 514 2105 item
530 2038 713 2124 syliabarum
728 2039 967 2126 quattuordecim
984 2047 1057 2124 quot
1072 2041 1191 2123 species
1206 2039 1402 2124 adsumptae?
1424 2041 1588 2116 Quattuor:

264 2152 317 2209 aut
338 2127 431 2210 cuim'
443 2147 541 2229 primo
564 2153 595 2207 et
617 2145 722 2227 quinto
745 2141 812 2206 ioco
834 2140 970 2224 dactylus
992 2144 1153 2215 inuenitur,
1178 2150 1213 2205 ut

420 2247 561 2330 quippe
585 2257 689 2312 votor
712 2247 819 2320 iotis,
840 2242 1230 2320 ‚nattameexurere
1253 2247 1432 2320 ciassem:

263 2363 317 2419 aot
338 2352 472 2417 secundo
496 2359 526 2414 et
548 2352 665 2431 quinto,
690 2358 723 2414 ut

224 2479 251 2521 ao
469 2453 561 2519 ieiix
586 2457 649 2537 qui
672 2455 800 2538 potuit
821 2473 948 2518 rerum
963 2471 1208 2536 cognoscere
1231 2471 1380 2529 causes:

264 2567 317 2623 ant
338 2561 428 2623 tertio
451 2566 482 2622 et
503 2551 617 2640 quinto,
642 2566 675 2620 ut
961 2643 965 2650 ι

384 2741 390 2753 ,
470 2661 633 2727 arcebat
656 2661 766 2743 longe
788 2660 895 2724 Latio
919 2660 1136 2745 muitoaque
1159 2679 1224 2744 per
1247 2680 1379 2734 annos:

264 2773 317 2831 aut
339 2774 448 2847 quarto
470 2775 501 2829 et
523 2767 637 2849 quinto,
662 2772 696 2828 ut
909 2772 912 2778 “

451 2885 611 2950 quarum
630 2886 728 2951 quae
752 2867 874 2931 iorum
897 2866 1159 2950 pulcherrima
1185 2866 1408 2954 Deiopeam.i

224 2973 339 3047 suno
364 2991 401 3036 ex
425 2991 514 3035 uersu
537 2972 707 3056 quindecim
736 2970 919 3056 syliabarum
948 2980 1023 3055 quot
1048 2975 1166 3055 species
1191 2971 1389 3056 ¹adsumptae?
1417 2973 1492 3038 Sex:
1516 2993 1586 3037 nam

204 3157 206 3161 ι
263 3086 316 3142 aut
337 3077 435 3160 primo
457 3086 488 3141 et
509 3075 642 3140 secundo
664 3073 731 3139 loco
754 3075 908 3157 spondeus
930 3077 1092 3148 invenitur,
1116 3085 1149 3138 ut
1174 3089 1182 3096 ·

274 3165 285 3185 '
355 3197 359 3204 ’
453 3179 666 3250 infandum,
690 3171 841 3272 regina,
864 3178 973 3243 iubes
995 3197 1184 3242 renovare
1206 3178 1392 3250 dolorem:

262 3280 318 3349 aut
336 3285 433 3367 primo
456 3293 487 3347 et
502 3285 609 3356 tertio,
633 3292 678 3346 ut·

332 3458 347 3508 1
366 3455 447 3507 muita
464 3469 569 3520 quoqne
589 3455 613 3507 A
633 3453 713 3507 mrdto
732 3471 834 3520 queque
854 3455 886 3508 0:
909 3455 989 3522 Verp.
1003 3457 1071 3509 Aen.
1085 3453 1131 3507 13
1191 3455 1385 3523 eeuuterposira
1403 3455 1424 3506 0
1441 3455 1488 3507 aed
1506 3457 1585 3506 inter·

202 3587 206 3594 ι
263 3527 392 3594 positaA
456 3527 485 3576 '2
502 3521 623 3593 muitum]
648 3525 728 3593 Verp.
747 3527 816 3577 Aea.
836 3523 889 3577 13
968 3539 1105 3589 aequisque
1124 3523 1174 3576 hoo
1192 3523 1248 3576 ioco
1267 3523 1288 3576 0
1307 3538 1471 3590 nequaquam
1490 3527 1516 3575 in
1536 3525 1585 3577 hoe

262 3595 319 3648 ioco
338 3595 364 3646 A
426 3593 594 3646 itmheoiume
614 3609 660 3662 pes
679 3605 720 3646 eat
738 3589 919 3662 A'pbsoiutue
938 3594 1017 3646 eetC
1081 3594 1167 3644 omnia
1186 3593 1235 3645 iert
1253 3607 1307 3645 otae
1326 3595 1352 3646 A
1372 3595 1460 3645 omnia
1478 3593 1584 3646 seruatas

262 3664 298 3717 G:
320 3665 400 3730 Verp.
418 3663 501 3715 noent.
520 3665 545 3726 9,
557 3665 590 3715 31
611 3697 613 3704 ι
677 3667 694 3715 i
718 3664 805 3715 omnia
823 3660 914 3732 vincit]
939 3665 1020 3728 Verp.
1039 3663 1120 3715 boeot.
1141 3665 1183 3726 10,
1197 3664 1230 3713 39
1317 3663 1403 3730 possit
1421 3664 1508 3726 itaque
1526 3680 1585 3715 esse

177 3749 179 3754 ·
262 3735 337 3785 miem
359 3745 451 3783 arerem
469 3745 503 3783 ex
520 3731 631 3797 decipite
649 3747 698 3783 sex
718 3734 743 3786 A
757 3733 831 3786 doti.
897 3733 1089 3786 cadmiuerint
1108 3731 1129 3782 G
1145 3731 1328 3783 admitteneA
1394 3731 1472 3783 ueiori
1490 3733 1584 3784 dieitur

261 3803 287 3854 in
312 3815 400 3854 tenero
420 3800 441 3854 G
465 3800 544 3852 ueluti
567 3801 673 3852 dieitur:
697 3801 724 3852 iu
748 3813 872 3858 teneros
899 3801 978 3852 ueluti
997 3795 1081 3853 dictus
1104 3813 1145 3852 eet
1167 3801 1209 3852 iiie
1226 3801 1324 3852 interea
1344 3811 1430 3852 tenero
1450 3803 1475 3853 A
1505 3801 1582 3853 ueiuti

262 3886 354 3924 uersus
373 3869 416 3922 iiie
433 3881 473 3922 eet
491 3871 587 3921 interea
607 3881 693 3922 tenero
711 3872 860 3924 Adducimus
875 3887 905 3938 p.
924 3873 979 3923 330
1047 3871 1064 3921 6
1083 3869 1176 3920 bucule
1195 3870 1250 3926 A:
1267 3869 1356 3920 bacula
1377 3869 1397 3919 0
1466 3871 1584 3936 gramine

263 3943 469 4008 Aegrammee
489 3938 510 3991 0
534 3991 537 3997 ,
572 3941 631 3990 'iet
649 3939 843 3992 etubeOimm
863 3939 959 3991 adtube
977 3939 1072 4004 Asos.
1095 3938 1176 4005 Verp.
1194 3939 1262 3990 Aen.
1286 3937 1453 3990 71111333
1521 3940 1581 3990 diu
1681 3979 1686 3990 .

260 4025 343 4078 supra
354 4009 436 4061 dictu
451 4007 473 4060 θ
488 4008 514 4060 ia
527 4021 609 4076 supra
619 4007 696 4059 dictis
708 4020 726 4065 ς
740 4007 815 4061 doen.
835 4008 877 4060 Ex
890 4023 971 4076 supra
983 4009 1059 4060 dictis
1073 4033 1105 4045 -
1117 4009 1179 4070 uu,
1189 4008 1223 4059 33
1236 4006 1328 4072 reliqui
1340 4007 1434 4060 omiaea
1445 4014 1506 4059 aaut
1517 4009 1544 4058 iar
1556 4009 1582 4060 A

329 4080 357 4130 iu
375 4078 489 4130 carmine
507 4076 650 4144 pergitisne
668 4075 731 4127 xvi
749 4075 755 4144 Ι
774 4077 932 4143 epiisbarum
955 4092 1005 4128 aue
1022 4079 1124 4196 eqoeciee
1143 4087 1228 4128 sumto
1250 4077 1323 4127 cuiue
1345 4077 1419 4127 euius
1441 4077 1582 4194 positionis

261 4148 308 4199 sed
326 4151 342 4201 ὅ
359 4157 384 4200 et
401 4149 491 4212 qniute
508 4161 568 4198 nem
587 4145 719 4197 aeecuudo
737 4145 758 4196 G
779 4147 806 4197 in
825 4148 940 4198 carmine
957 4146 1037 4214 Vergi
1049 4147 1109 4198 iano
1131 4143 1360 4214 deprehenduntur
1377 4143 1438 4196 XV!
1469 4147 1580 4212 species.

261 4231 320 4268 nam
339 4231 372 4268 ex
391 4231 469 4268 uersu
487 4213 549 4267 xut
567 4214 724 4281 epiiebarum
743 4214 840 4268 duces
861 4219 928 4268 ecies
947 4225 1075 4284 sumptae,
1097 4215 1227 4266 secundae
1249 4225 1295 4266 eut
1316 4215 1421 4278 quintae
1442 4215 1581 4281 positionis

262 4297 331 4337 onoc.
356 4299 414 4336 uem
427 4297 472 4336 aut
483 4284 630 4342 amando«
684 4285 716 4334 ii
734 4295 763 4336 ut
780 4295 825 4334 aut
842 4231 908 4337 renis
926 4299 1017 4336 nermo
1036 4285 1105 4336 iento
1123 4285 1222 4336 ducunt
1238 4293 1347 4352 argento
1367 4282 1442 4334 doti.
1465 4295 1492 4332 ιιι
1511 4283 1581 4334 ieues

262 4369 337 4407 ocras
355 4353 425 4406 leuto
443 4365 545 4421 eoquat
561 4363 670 4422 argento
688 4351 711 4404 0
732 4363 761 4404 ut
778 4351 843 4404 ienis
861 4368 951 4406 ocreae
969 4355 1067 4405 dueum
1084 4365 1192 4421 argento
1211 4367 1242 4410 ςι
1265 4351 1346 4420 Verp.
1360 4351 1427 4403 Aen.
1450 4351 1511 4402 VII
1527 4354 1582 4403 631

332 4426 365 4474 14
382 4421 436 4487 unt}
455 4433 481 4474 et
499 4423 549 4480 Os
631 4422 822 4475 ldenmluno
841 4435 934 4479 ccum
953 4425 1051 4474 inuno
1070 4421 1105 4473 0.·
1127 4420 1369 4489 Verp.Aen.I.id
1450 4421 1484 4472 13
1501 4417 1596 4485 epita?
1684 4419 1688 4429 '
1757 4419 1760 4426 '

260 4493 352 4544 barum
371 4490 434 4542 xtti
451 4491 523 4556 qaod
540 4489 719 4560 adsumpteG
787 4492 821 4544 te
838 4486 949 4559 qnippe]
973 4490 1214 4558 Verp.Aen.!39
1283 4503 1392 4540 exurere
1409 4500 1427 4545 ς
1447 4490 1584 4556 superes)

329 4561 441 4612 classem
457 4560 538 4628 longe
556 4561 617 4612 tauo
634 4571 680 4628 aut
697 4559 813 4612 secundo
833 4560 855 4611 C
917 4561 949 4612 19
969 4570 996 4609 ιιι
1012 4559 1074 4610 felix
1094 4562 1138 4625 qui
1157 4561 1243 4628 potuit
1259 4573 1344 4610 rerum
1364 4557 1449 4620 oon,
1467 4565 1495 4608 ut
1511 4558 1582 4609 eide-

218 4627 220 4630 ’
261 4637 312 4692 tur,
332 4629 526 4694 acquirerem
545 4630 630 4696 potuit
649 4629 670 4682 G
690 4629 782 4693 utqui
801 4629 989 4694 potuitrerum
1008 4640 1037 4685 5:
1061 4629 1141 4696 Verp.
1159 4643 1249 4695 peorp.
1268 4626 1302 4678 11
1320 4627 1372 4676 130
1458 4627 1491 4678 22
1510 4642 1581 4679 arce-
1639 4689 1643 4696 ,

262 4695 316 4766 bat]
339 4698 422 4767 Vero.
440 4699 510 4754 Aen.
530 4699 546 4750 1
565 4701 601 4752 31
687 4699 766 4766 iunge
788 4695 863 4748 Latio
887 4697 935 4748 doe
952 4698 1117 4750 toruum)
1200 4699 1234 4749 33
1256 4704 1371 4746 auteres
1389 4695 1495 4747 etV.C

261 4769 295 4819 24
313 4763 436 4834 quarum]
458 4767 539 4834 Ver-p.
558 4770 626 4820 Aen.
646 4767 663 4820 1
681 4770 715 4819 72
793 4765 973 4832 pulcherrima
991 4777 1016 4818 et
1032 4767 1128 4834 deopia
1148 4767 1169 4818 0
1186 4764 1357 4833 pulcherrima
1374 4764 1484 4832 deiopea
1505 4767 1580 4818 nott.

261 4835 433 4956 qqioherrima
451 4835 632 4958 Diqqqoqqme
701 4838 734 4888 23
752 4830 833 4904 Quid]
853 4835 966 4900 quodC
1041 4837 1075 4888 26
1095 4848 1123 4887 ut
1140 4849 1179 4886 eet
1196 4833 1333 4886 indendam
1353 4833 1387 4886 G:
1410 4835 1490 4902 Verp.
1511 4837 1580 4888 Aea.

315 4907 333 4957 3
403 4906 438 4956 2⁷
455 4906 481 4956 lu
557 4935 568 4958 J
