3904 5556
358 278 397 342 14
859 281 966 336 Manu
983 281 1175 337 vrororttrtt

326 381 332 396 ’
382 391 405 434 p.
417 381 477 423 troc.
491 384 516 426 dl
531 379 554 424 Ρ.
1491 399 1513 440 p.
1529 389 1604 432 rt-lo
1618 388 1644 431 G.

440 471 482 533 bc
505 470 647 552 syllabam
671 470 792 553 quidam
820 487 906 534 more
929 471 1113 538 Graecorum
1137 492 1193 556 per
1216 475 1243 535 ai
1266 472 1414 544 scribunt,
1446 494 1484 538 ne
1507 474 1581 540 illud
1605 481 1670 560 qui·

354 569 422 634 dem
447 573 661 644 custodientes,
691 573 772 656 quod
796 593 901 638 omnes
922 575 987 638 seve
1010 581 1063 657 qui
1087 579 1125 642 de
1147 577 1363 659 orthographia
1387 576 1498 658 aliquid
1522 583 1670 662 scriptum

355 675 543 756 reliquerunt
564 679 762 760 praecipiunt,
786 680 908 742 nomina
930 680 1074 744 feminina
1098 699 1170 745 casu
1193 680 1376 744 nominativo
1399 699 1414 742 a
1438 683 1520 745 linita
1543 701 1671 746 numero

353 777 463 861 plurali
485 783 518 844 in
540 799 575 844 ae
598 783 694 853 exire,
723 793 757 844 ut
777 780 888 860 bellae,
921 783 1026 848 eadem
1048 804 1104 867 per
1126 805 1141 848 a
1165 795 1195 848 et
1217 785 1226 847 i
1249 785 1363 866 scripta
1385 803 1544 849 numerum
1568 787 1670 867 singu·

353 882 447 947 larem
470 884 641 956 ostendere,
664 893 698 980 ut
720 884 811 948 huius
833 883 943 960 Aeliai,
959 875 960 879 ¹
974 888 1089 952 inducti
1112 907 1128 952 a
1151 890 1263 970 poetis,
1292 887 1345 970 qui
1367 889 1506 968 ‘pictai
1529 892 1697 953 vestls’s
1744 914 1748 920 ·

353 988 551 1067 scripserunt,
585 997 614 1050 et
647 987 726 1070 quod
756 988 863 1052 Graeci
896 1009 952 1072 por
986 994 996 1054 l
1030 993 1218 1074 potissimum
1252 990 1330 1054 banc
1358 989 1502 1074 syllabam
1532 992 1671 1056 scribunt

352 1097 477 1172 propter
491 1089 655 1155 exilitatem
677 1093 805 1164 litterae,
829 1114 850 1176 η
873 1103 973 1156 autem
996 1104 1122 1180 propter
1145 1093 1313 1160 naturalem
1335 1091 1577 1178 modulationem
1601 1099 1669 1174 iuo-

351 1211 425 1274 gere
441 1191 453 1278 ΙΙ
469 1194 563 1269 vocali
581 1194 668 1258 alteri
684 1215 742 1260 non
764 1204 907 1280 possuut;
930 1199 990 1260 iota
1014 1217 1095 1271 vcro,
1119 1217 1196 1280 quae
1220 1207 1264 1262 est
1286 1197 1388 1262 brevis
1402 1207 1433 1261 et
1448 1199 1552 1263 eadem
1569 1201 1667 1286 longa,

352 1298 449 1379 aptior
472 1297 508 1360 ad
533 1297 610 1362 banc
633 1309 815 1365 structuram
838 1300 898 1363 visa
922 1311 983 1365 est:
1007 1321 1095 1384 quam
1112 1311 1291 1381 potestatem
1309 1302 1387 1384 apud
1405 1321 1461 1366 nos
1477 1302 1567 1365 babet
1590 1313 1620 1366 et
1642 1323 1668 1376 e,

351 1420 428 1483 quae
452 1409 497 1464 est
519 1401 607 1483 longa
631 1412 661 1467 et
684 1403 793 1468 brevis.
829 1423 881 1467 vos
899 1405 992 1486 igitur
1014 1407 1081 1469 sine
1096 1407 1299 1470 controversia
1323 1405 1526 1487 ambiguitatis
1549 1416 1579 1469 et
1600 1406 1666 1490 plu·
1682 1424 1709 1464 ro

351 1501 445 1568 ralem
473 1509 690 1571 nominativum
719 1516 750 1571 et
776 1506 962 1589 singularem
990 1512 1163 1589 genetivum
1192 1529 1248 1592 per
1277 1529 1311 1574 ae
1341 1511 1481 1574 scribite.
1522 1514 1666 1594 namqui

350 1626 411 1672 non
434 1619 532 1692 potest
554 1611 716 1675 dinoscere
744 1629 836 1693 supra
865 1613 1046 1694 scriptarum
1075 1630 1182 1676 vocum
1209 1631 1353 1676 numeros
1382 1622 1413 1677 et
1440 1632 1551 1686 casum,
1582 1613 1668 1678 valde

350 1720 396 1775 est
417 1713 524 1782 hebes.

436 1817 589 1892 Quatenus
617 1837 707 1902 saepe
735 1839 802 1883 cum
831 1821 869 1884 sit
898 1829 980 1884 recte
1010 1821 1169 1902 scriptum,
1199 1839 1251 1884 vos
1281 1839 1298 1883 e
1326 1821 1492 1904 perducitis
1517 1823 1666 1886 etfacilis

350 1923 507 2002 quatinus,
543 1932 573 1985 et
601 1939 691 2005 saepe
721 1927 733 1987 i
760 1922 893 1987 litteram
922 1926 1113 1988 commutatis
1142 1927 1173 1987 iu
1204 1945 1230 1987 e.
1282 1923 1319 1987 de
1353 1943 1411 2007 qua
1438 1943 1473 1989 re
1506 1945 1545 1989 ne
1579 1926 1706 2009 plurara

350 2024 500 2106 loquendo
523 2025 625 2089 videar
652 2025 735 2089 vobis
765 2027 948 2111 exprobrare
978 2029 1168 2110 imperitiam,
1199 2037 1361 2092 contentus
1384 2047 1460 2101 sum,
1491 2029 1563 2112 quld
1587 2033 1667 2094 inter

347 2137 508 2212 utramque
524 2116 629 2194 vocem
645 2132 773 2205 intersit,
798 2133 979 2213 siguificare.
1017 2133 1110 2213 igitur
1126 2133 1265 2213 quatinus
1288 2140 1334 2195 est
1356 2141 1390 2194 ut
1412 2135 1571 2216 quianam3
1594 2153 1666 2216 qua·

349 2241 437 2296 tenus
460 2241 560 2297 autem
583 2235 730 2315 significat
752 2235 843 2297 luem
866 2233 925 2298 loci
948 2233 1112 2312 cuiusdam,
1136 2233 1288 2318 velutque
1305 2237 1376 2298 fine.
1415 2235 1489 2299 nibil
1505 2245 1560 2310 est,
1585 2237 1665 2318 quod

348 2353 408 2398 nou
431 2336 522 2400 vultis
544 2335 704 2401 consulere
728 2337 765 2400 de
787 2337 836 2401 bis
858 2357 934 2421 quae
957 2340 1114 2419 ignoratis.
1152 2356 1221 2402 nam
1244 2345 1277 2402 ut
1299 2337 1410 2421 aliquid
1434 2342 1552 2405 nescire
1576 2349 1665 2424 turpe

347 2457 407 2502 uon
432 2450 486 2514 est,
509 2442 554 2504 sic
576 2444 607 2505 lo
632 2441 767 2506 deterius
789 2441 925 2506 scribere
948 2441 995 2504 vel
1018 2441 1180 2505 emandare
1203 2444 1411 2524 turpissimum
1433 2451 1488 2506 est.
1676 2459 1704 2501 eo

432 2543 621 2609 Pertermiue
637 2544 745 2608 dicitur
761 2547 938 2628 auspicium,
962 2545 1042 2629 quod
1058 2548 1100 2624 tit,
1124 2565 1193 2610 cum
1217 2545 1254 2608 de
1277 2548 1335 2610 line
1359 2548 1495 2611 llomano
1511 2549 1541 2610 in
1557 2566 1663 2629 agrurn

346 2649 542 2729 peregrinum
565 2649 838 2730 transgrediuntur.
1234 2707 1244 2726 Ι

433 2751 491 2815 Sed
514 2751 645 2816 scribam
661 2771 760 2826 voces,
785 2773 859 2834 quas
882 2752 932 2816 alii
956 2773 1082 2816 numero
1105 2751 1249 2836 singulari
1273 2762 1303 2816 et
1324 2753 1434 2836 plurali
1456 2754 1663 2819 indilleventer

345 2874 401 2938 per
424 2874 444 2917 ιι
466 2864 496 2918 et
517 2875 536 2918 o
559 2859 761 2939 scripserunt,
792 2866 825 2922 ut
847 2875 917 2920 avos
945 2876 1050 2920 corvos
1074 2875 1166 2920 notos
1190 2867 1220 2920 et
1242 2867 1353 2922 cetera.
1401 2877 1453 2921 vos
1477 2860 1662 2922 nominativo

345 2957 491 3040 singulari
518 2962 640 3024 scribite
667 2979 722 3043 per
745 2960 805 3023 duo
829 2980 864 3033 u,
894 2978 1022 3040 quorum
1051 2963 1116 3024 vice
1144 2963 1334 3026 consonantis
1361 2963 1497 3043 iungitur
1520 2961 1701 3034 alterumn

345 3062 474 3128 alterum
491 3066 638 3146 accipitur
661 3082 717 3146 pro
741 3062 848 3128 vocali:
872 3082 941 3126 nam
964 3082 1020 3144 per
1043 3085 1063 3128 u
1086 3075 1117 3128 et
1139 3083 1157 3127 o
1179 3065 1308 3147 scriptae
1325 3066 1495 3154 significant
1510 3066 1659 3146 pluralem

297 3238 302 3246 ¹
344 3185 505 3232 numerum
535 3179 565 3232 et
593 3185 698 3231 casum
721 3169 929 3240 accusativum,
960 3178 994 3231 ut
1015 3185 1086 3232 avos
1108 3167 1199 3232 llavos
1222 3185 1328 3231 corvos
1357 3176 1387 3230 et
1409 3168 1517 3232 horum
1540 3169 1657 3233 nmilia.

345 3289 401 3333 uec
430 3275 512 3335 euim
540 3272 613 3335 mibi
642 3279 781 3354 superest
809 3275 920 3344 otium,
950 3275 1001 3353 qui
1025 3273 1137 3354 possim
1159 3272 1275 3353 singula
1299 3273 1439 3352 exsequi,
1469 3291 1525 3337 nec
1547 3274 1659 3337 scilicit

344 3376 498 3445 memoria,
523 3394 589 3440 curu
614 3376 661 3437 vix
685 3375 759 3438 haec
782 3393 858 3456 quae
882 3374 983 3439 scribo
1007 3374 1132 3457 implere
1149 3373 1161 3459 ΙΙ
1177 3377 1299 3458 possim.
1338 3383 1470 3439 attamen
1491 3377 1545 3440 bas
1567 3379 1657 3440 etiam

413 3602 427 3651 1
445 3600 485 3651 ae
502 3599 626 3667 syllabam
647 3599 731 3662 utana.
750 3600 767 3651 1
786 3605 808 3662 ι,
828 3601 861 3653 u
883 3599 939 3652 vu.
960 3601 1043 3666 aava.
1063 3602 1134 3652 2222
1156 3559 1371 3655 reclusam.
1390 3603 1472 3654 aava.
1491 3604 1561 3653 mo
1582 3601 1657 3654 aaut.

279 3681 281 3685 ’
343 3686 402 3725 erc,
422 3670 492 3722 Fert.
511 3673 546 3721 25
634 3671 666 3720 14
684 3669 815 3730 Quatenus
837 3670 908 3721 Feat.
928 3671 979 3721 258
1001 3670 1066 3736 Cup.
1086 3672 1167 3722 2213.
1188 3671 1258 3720 tata
1344 3672 1378 3722 24
1397 3686 1443 3738 per
1460 3687 1477 3722 u
1495 3682 1520 3722 et
1538 3684 1553 3721 o
1572 3673 1657 3739 scrip·

343 3752 433 3790 sertrut
455 3739 541 3802 Quint.
561 3737 577 3790 l
596 3743 620 3804 7,
640 3741 674 3790 26
699 3739 756 3791 Vel.
776 3739 860 3806 Loup.
879 3741 958 3791 2222.
979 3741 1050 3790 2228
1077 3738 1136 3793 Ter.
1156 3737 1248 3793 Scaur.
1268 3741 1338 3791 2251

343 3871 550 3887 “fl-⁴—

412 3968 425 4015 1
445 3979 477 4016 ne
494 3963 557 4015 illud
576 3961 679 4027 quidem
698 3962 872 4014 custodientes
890 3977 940 4020 ως
965 3979 1009 4014 uec
1033 3961 1095 4013 illud
1118 3963 1222 4028 quidem
1241 3963 1391 4016 custodient
1407 3962 1470 4016 AB
1546 3965 1563 4016 2
1584 3963 1654 4029 quod

343 4049 432 4086 omues
453 4033 482 4086 G.
500 4033 526 4088 1.
548 4033 657 4084 Vossius
667 4033 707 4101 ‚de
725 4035 826 4100 euolog.
844 4031 879 4083 11
898 4035 914 4083 d
931 4049 958 4098 p.
978 4035 1028 4082 672
1047 4034 1107 4096 quia
1126 4048 1215 4083 omues
1235 4032 1293 4084 AB
1305 4048 1355 4090 ως
1433 4035 1449 4085 5
1467 4031 1546 4100 pictai
1558 4029 1652 4152 vestisd

345 4102 424 4171 Verg.
444 4105 510 4154 Aen.
534 4101 628 4152 VIIII
646 4104 681 4152 to
767 4103 783 4152 6
807 4112 832 4152 et
849 4102 910 4165 quia
928 4103 1014 4168 graeci
1034 4099 1058 4152 B
1146 4104 1161 4153 'l
1184 4113 1290 4170 propter
1307 4103 1448 4153 exilitatem
1467 4101 1565 4153 litterae
1584 4101 1613 4156 E.

341 4184 426 4223 autem
447 4171 476 4223 G.
495 4170 521 4226 1.
543 4171 651 4223 Vossius
668 4172 684 4224 l.
704 4187 726 4226 e,
809 4184 931 4236 qautem
950 4183 1001 4226 ως
1028 4169 1044 4219 lv
1063 4181 1148 4220 utitem
1167 4170 1228 4221 AB
1310 4170 1417 4223 Salteri
1434 4181 1486 4226 ως
1514 4170 1608 4222 alterae
1627 4171 1652 4222 A

340 4241 422 4308 alterq
446 4238 470 4291 B
555 4240 643 4290 breuis
666 4251 691 4291 et
713 4239 801 4290 eadem
825 4240 903 4306 longa
925 4239 1030 4304 Sebudp
1051 4255 1078 4304 p.
1104 4243 1138 4290 12
1164 4240 1250 4310 breuis
1273 4241 1362 4292 eadam
1380 4239 1459 4306 longa
1477 4238 1538 4292 ΑΒ
1565 4241 1651 4290 breuis

340 4310 635 4376 eademquelougatus
712 4309 959 4373 illrabetetiquae
976 4307 1098 4364 ΑΒως
1116 4307 1310 4372 ltabereiquae
1327 4307 1432 4374 Sedudy
1511 4304 1651 4429 1018112

340 4391 424 4430 autem
448 4382 523 4430 etin
544 4395 624 4447 marg.
646 4379 725 4445 igitur
747 4376 773 4428 B
856 4380 886 4428 11
910 4392 968 4427 uum
988 4393 1034 4429 ona.
1053 4379 1088 4436 A,
1107 4379 1168 4430 add.
1187 4395 1204 4429 α
1226 4377 1285 4428 Vai.
1368 4379 1399 4428 12
1417 4372 1507 4444 supro]
1528 4392 1608 4445 super

409 4449 519 4515 scriptas
543 4463 612 4500 eorm
635 4450 789 4513 scriptarum
808 4447 833 4497 Α
914 4449 946 4498 ll
964 4447 1086 4510 quatinus
1104 4462 1182 4514 saepe
1200 4462 1258 4496 cum
1276 4447 1395 4496 sitrecte
1412 4447 1546 4512 scriptum,
1570 4460 1617 4496 uos
1637 4463 1651 4496 e

340 4515 483 4583 producitis
502 4529 526 4568 et
543 4515 627 4568 latitia
646 4528 772 4581 quatenus
791 4527 808 4570 ς
888 4518 919 4568 15
936 4516 969 4566 de
986 4530 1038 4580 qua
1056 4531 1083 4564 re
1102 4531 1132 4567 ue
1151 4515 1255 4582 Sobadp
1271 4532 1298 4581 p.
1318 4517 1354 4566 43
1372 4513 1406 4565 tle
1423 4529 1475 4578 qua
1493 4529 1525 4564 ue
1543 4513 1651 4570 ΑΒως

426 4588 458 4638 17
477 4581 610 4652 quianam]
635 4587 757 4650 quoniam
780 4584 925 4639 vatvellius.
953 4595 980 4634 at
1001 4584 1124 4647 quatinus
1147 4586 1269 4648 quoniam
1293 4584 1384 4635 Festus
1400 4598 1428 4649 p.
1448 4583 1564 4642 25234

341 4657 372 4707 18
391 4654 460 4719 quod
474 4651 538 4721 nou]
558 4654 722 4720 quianonB
791 4655 823 4705 21
842 4649 965 4720 quotltlt]
984 4653 1220 4716 quialltABwe
1296 4649 1650 4703 ilauoscoruosuouosB

339 4725 729 4780 auuscoruusucuusAws
817 4724 850 4774 25
868 4723 972 4772 scribite
989 4737 1036 4774 om.
1056 4722 1176 4778 Aaou
1264 4721 1297 4771 26
1319 4736 1365 4787 per
1383 4737 1399 4770 u
1418 4719 1650 4786 etoscriptaeB

340 4809 386 4860 per
404 4807 451 4843 uos
471 4794 583 4859 scriptae
602 4795 690 4848 Αως
779 4793 813 4843 22
837 4791 1069 4845 ιιιοιιι.ΑΒως
1147 4793 1181 4842 28
1203 4789 1300 4840 suflicit
1318 4787 1352 4840 u*
1369 4789 1648 4856 Vat.oesul·ugttA

338 4863 421 4929 alligit
437 4879 506 4914 corr.
525 4863 551 4912 iu
568 4878 648 4928 murp.
667 4861 768 4929 aulbgit
784 4860 810 4910 B
