3906 5564
355 313 417 380 104
849 314 959 370 uultu
975 313 1171 368 vtcrotttrtt

378 415 550 472 mmmm
1483 415 1646 473 pmue

352 507 504 578 conficiat,
534 517 679 587 quantum
703 526 719 566 e
743 505 869 586 perlecti
893 524 999 569 versus
1021 523 1162 570 mensura
1186 504 1339 582 dicordet,
1365 503 1425 588 [et]
1449 509 1552 587 utique
1575 507 1671 571 mani·

352 611 463 674 lestum
480 620 536 681 est,
560 627 630 672 curn
646 609 746 672 colum
762 609 861 689 portio
878 626 982 672 versus
998 627 1066 672 esse
1088 608 1235 673 tradatur.
1272 618 1344 673 sunt
1361 609 1435 672 item
1451 629 1527 694 quae
1543 611 1672 691 primam

353 715 552 782 trochaicam.
582 710 746 776 secundam
769 709 1014 784 choriambicam
1039 715 1158 776 tertiam
1183 712 1383 784 trochaicam,
1407 713 1459 776 sed
1483 726 1514 778 et
1535 725 1672 797 quartam

352 816 464 900 syllaba
500 817 667 880 breviorem
701 815 945 896 coniugationem
981 816 1126 891 habeant,
1160 833 1290 897 quorum
1324 817 1462 900 exempla
1495 819 1673 898 plerumque

353 922 431 1005 apud
454 923 586 986 comicos
608 923 640 982 in
664 918 775 1002 Diphili
800 929 830 982 et
853 919 1011 984 Menandri
1033 921 1198 986 comoediis
1221 921 1427 1004 reperiuntur.
1684 937 1699 978 s

439 1026 548 1088 Verum
571 1023 647 1088 haec
669 1024 815 1088 haetenus
844 1024 997 1088 noscenda
1020 1035 1106 1094 sunt.
1137 1044 1175 1088 ne
1203 1023 1276 1107 qnid
1299 1043 1355 1107 per
1381 1027 1564 1107 imperitiam
1586 1043 1673 1106 pree·

352 1129 471 1192 teriisse
498 1127 670 1191 videamur:
700 1125 833 1208 alioquin
863 1137 894 1191 et
923 1128 1042 1192 rimuda
1066 1137 1097 1192 et
1124 1129 1296 1212 respuenda
1317 1138 1399 1191 sunt.
1438 1148 1506 1192 nem
1536 1129 1700 1212 perlecto'

351 1241 460 1316 poetae
482 1231 556 1294 teria
580 1244 610 1295 et
632 1249 742 1294 sonora
766 1231 908 1295 sectanda
930 1243 1017 1303 sunt;
1041 1249 1118 1314 quae
1141 1242 1242 1298 autem
1264 1233 1383 1314 fragosa
1407 1241 1437 1296 et
1459 1251 1574 1315 aspera,
1597 1232 1674 1296 dicis

352 1353 456 1412 causa,
481 1353 540 1400 non
564 1336 793 1414 minitentur,
817 1335 869 1398 sed
893 1345 927 1398 ut
949 1337 1095 1408 vitentur,
1119 1336 1270 1399 noscenda
1294 1344 1375 1400 suut.
1420 1354 1568 1419 quorum.
1595 1336 1673 1398 sicut

351 1450 381 1502 et
413 1437 540 1504 aliorum
570 1439 787 1522 complurium,
817 1447 922 1503 auctor
957 1449 988 1502 et
1021 1457 1131 1520 parens
1160 1440 1258 1503 lertur
1281 1438 1481 1504 Archilochus
1510 1437 1672 1522 singularis
1685 1455 1714 1496 ιο

352 1543 469 1608 artilieii
492 1547 523 1606 in
546 1542 751 1624 excogitandis
774 1559 810 1606 ao
831 1542 997 1607 formandis
1020 1546 1108 1606 noris
1130 1544 1245 1616 metris,
1269 1545 1322 1624 qui
1343 1546 1461 1627 primus
1483 1543 1597 1626 epodos
1620 1561 1671 1606 ex·

353 1649 455 1712 citarit
478 1647 551 1710 alios
576 1647 745 1717 breviores,
770 1647 844 1708 alios
866 1645 1030 1727 longiores.
1048 1643 1060 1728 l
1076 1647 1239 1711 detrahens
1261 1665 1355 1710 unum
1370 1647 1478 1730 pedem
1496 1666 1549 1710 seu
1572 1646 1670 1710 colum

355 1759 467 1823 metro,
494 1760 526 1814 ut
548 1748 591 1814 illi
612 1749 765 1813 subiceret
787 1750 817 1812 id
838 1748 918 1830 qnod
943 1769 979 1812 ex
1000 1751 1066 1832 ipso
1093 1749 1262 1814 detractum
1286 1770 1354 1814 esse
1377 1751 1549 1815 videbatur:
1579 1761 1612 1814 ut
1640 1753 1672 1814 in

354 1854 459 1928 heroo,
483 1873 499 1916 a
523 1873 583 1936 quo
607 1855 737 1936 primum
762 1855 878 1936 coepit,
909 1861 1059 1934 tamquam

506 1957 699 2038 dilluyere
721 1958 844 2028 nives,
869 1956 1035 2020 redeunt
1056 1960 1127 2020 iam
1151 1961 1321 2039 gramina
1346 1961 1505 2040 campis;
1686 1973 1713 2014 1⁶

352 2061 461 2126 dehinc
484 2060 598 2144 epodus
621 2061 668 2123 sui
691 2063 827 2139 generis,

787 2161 1068 2245 arboribusque
1091 2182 1233 2227 comae:

353 2281 384 2334 et
405 2269 490 2341 illud,
513 2288 583 2332 cum
607 2268 694 2331 heroi
718 2285 822 2331 versus
844 2267 978 2332 secundo
1001 2267 1067 2330 colo
1090 2267 1282 2351 ithyphallica
1312 2268 1425 2350 epodos
1454 2289 1510 2352 per
1532 2263 1671 2333 ἀντιπά-

352 2377 455 2438 decan
476 2371 652 2455 respondet,
677 2381 709 2434 ut

594 2475 767 2555 Priamique
790 2483 927 2538 evertere
949 2485 1071 2556 gentem
1095 2474 1154 2538 lata
1176 2477 1237 2538 iam
1261 2475 1423 2555 parabant:
1685 2495 1714 2537 ao

353 2591 383 2644 ct
406 2579 496 2643 rurulta
521 2578 593 2650 alia,
617 2579 747 2660 quaein
771 2596 915 2660 processu
943 2581 1045 2658 operis
1068 2578 1363 2670 demonstrabimus
1400 2582 1501 2644 omnia
1530 2583 1610 2644 enim
1635 2601 1672 2645 er

308 2724 312 2734 -
352 2681 470 2764 dactylo
494 2683 498 2766 l
524 2693 555 2746 et
578 2680 678 2745 iambo
701 2679 921 2764 principalibus
951 2690 1017 2745 orta
1040 2691 1218 2746 noscuntur.
1266 2701 1335 2746 nam
1364 2702 1573 2766 quaecumque
1602 2704 1673 2769 pro-

353 2787 468 2858 tuleris,
494 2805 530 2849 ex
554 2785 600 2848 his
623 2785 775 2868 profluere
798 2786 933 2850 lontibus
956 2795 984 2848 et
1008 2785 1045 2848 ad
1067 2785 1144 2850 haee
1166 2787 1276 2850 relerri
1304 2785 1395 2850 veluti
1423 2789 1538 2851 semina
1562 2791 1673 2853 exami-

352 2889 451 2954 nando
474 2891 617 2970 reperies.
663 2889 737 2952 haee
760 2891 840 2952 euim
863 2889 926 2952 sola
949 2890 1008 2952 duo
1032 2899 1143 2963 melre.
1171 2892 1306 2973 quemvis
1337 2901 1367 2954 et
1395 2890 1556 2955 iambicum
1588 2892 1673 2955 beroi

351 2997 390 3057 sit
405 2995 620 3064 troductirum.
640 3001 750 3073 utpote
766 3011 833 3055 cunr
852 2979 987 3056 trimeter
1003 2992 1041 3056 de
1062 2995 1238 3058 hexametro
1254 3013 1393 3058 manasse
1415 3005 1574 3067 noscatur,
1598 2996 1672 3059 haec
1687 3011 1715 3053 as

352 3096 415 3161 sola
439 3107 565 3178 possunt
589 3107 817 3180 prototyporum
842 3107 1000 3179 prototypa
1024 3095 1084 3158 dici
1108 3108 1138 3160 et
1161 3099 1295 3162 omnium
1323 3105 1489 3161 metrorum
1513 3098 1673 3170 elementa,

354 3201 468 3281 reliqua
498 3211 597 3263 autem
628 3199 735 3262 horum
765 3193 1002 3281 ἀποτμήματαε
1032 3218 1159 3280 quorum
1190 3201 1310 3272 modos.
1341 3203 1372 3263 in
1401 3211 1543 3283 quantum
1573 3201 1674 3283 colligi

353 3305 465 3385 potuit,
494 3303 621 3366 studiosi
644 3303 768 3366 lectoris
791 3303 916 3367 auribus
937 3303 1093 3367 intimabo.
1175 3327 1178 3333 ¹

440 3509 775 3593 [Dusvntntnrtvmtssst
790 3525 883 3586 thti
897 3525 1093 3574 meruonvrt
1110 3523 1440 3575 mvutlrutcsrtorte
1460 3511 1673 3596 hentuttvn]

353 3614 429 3677 Nem
452 3634 521 3678 curu
540 3623 706 3678 metrorum
724 3614 945 3697 principalium,
970 3634 1047 3696 quae
1063 3613 1208 3679 catholice
1225 3625 1352 3697 excepto
1368 3615 1510 3699 rhythmo
1526 3620 1716 3698 paeonicum

353 3716 524 3799 recipienda
548 3729 632 3790 stunt,
657 3728 726 3780 octo
748 3737 860 3798 genera
883 3728 1073 3790 censeantur,
1098 3721 1192 3800 siquis
1215 3737 1248 3782 ea
1273 3721 1368 3782 octies
1391 3718 1579 3800 multiplicet.
1610 3718 1672 3804 [et]

352 3832 459 3885 octone
483 3831 578 3884 metra
596 3823 689 3884 octies
705 3821 901 3903 multiplicata
919 3823 1049 3885 ellicienl
1072 3822 1258 3886 differentias
1273 3835 1388 3885 bxtttt.
1435 3833 1465 3885 et
1488 3833 1521 3886 ut
1535 3823 1674 3906 exemplo

353 3925 382 3987 id
411 3927 544 4007 apertius
567 3924 694 3996 clareat,
725 3927 817 4006 siquis
845 3923 1007 3988 iambicum
1036 3925 1164 3988 iambico
1193 3927 1355 4007 coniungat
1382 3927 1616 3990 euttrochaico
1645 3936 1675 3989 et

420 4109 451 4158 21
472 4107 560 4156 omnia
591 4133 612 4144 -
631 4107 664 4156 er
684 4094 879 4172 ἀποτμήματα
896 4123 922 4172 ρ,
942 4109 1012 4158 asar

423 4265 577 4319 letoms
655 4259 966 4326 lsyllahassyllebnm
987 4261 1047 4313 AB
1128 4261 1361 4319 tinomaus
1439 4261 1674 4314 'luideamnrsed

351 4333 471 4394 alioquin
486 4337 627 4398 expuncto,
646 4339 673 4381 ιιι
690 4331 798 4392 ridetur,
817 4331 864 4382 sed
882 4331 908 4382 B
991 4345 1050 4380 nem
1070 4329 1220 4396 proiectos
1304 4331 1459 4382 Sdiseendi
1478 4343 1593 4388 musae

312 4403 517 4454 'illinirentur
536 4398 891 4456 ballote-imitantem
951 4402 983 4451 10
1001 4399 1430 4466 compluriumseomplurlorum
1451 4397 1512 4451 AB
1572 4402 1604 4452 15
1622 4399 1673 4450 dii·

353 4465 456 4537 lugere]
472 4469 540 4522 Hor.
553 4485 632 4520 carm.
646 4467 714 4519 1111
734 4470 787 4530 7,1
851 4471 882 4521 le
900 4469 939 4519 sul
954 4469 1058 4534 generis
1077 4481 1094 4524 ς
1113 4469 1168 4520 suis
1181 4471 1285 4536 generis
1304 4471 1328 4520 A
1345 4467 1368 4519 B
1431 4469 1462 4520 18
1480 4465 1550 4536 colu]
1571 4469 1627 4518 loco
1648 4469 1673 4519 B

420 4538 589 4606 ithyphallico
613 4539 698 4604 epodo
722 4549 815 4602 parant
838 4538 934 4657 ippthin
959 4537 983 4588 A
1011 4537 1181 4604 ithyphallico
1205 4539 1290 4605 epodo
1314 4553 1361 4605 per
1384 4527 1596 4593 dhttrldefild
1619 4537 1674 4594 sB

422 4611 454 4660 le
473 4607 613 4674 respondet
630 4621 647 4664 ς
665 4605 801 4674 respondit
813 4608 838 4657 A
927 4609 961 4658 20
979 4605 1138 4674 Priamique]
1163 4609 1242 4674 Verp.
1257 4608 1325 4659 Aen.
1345 4605 1397 4658 ΙΙΙ
1416 4609 1447 4656 1.·
1465 4607 1501 4670 cs.
1519 4624 1547 4671 p.
1568 4609 1628 4669 121,
1641 4609 1674 4658 15

356 4675 459 4728 Terenl.
479 4677 568 4728 Mam.
588 4679 657 4728 rell
727 4671 792 4741 lota]
818 4675 926 4727 ltrcmB
988 4677 1022 4727 ’24
1040 4678 1161 4738 qnsnrris
1181 4691 1197 4732 ς
1220 4677 1266 4740 qd.
1285 4678 1310 4727 A
1333 4691 1391 4726 curn
1410 4672 1436 4724 lt
1500 4677 1534 4727 25
1552 4690 1674 4728 manasse

352 4759 370 4803 ς
387 4745 412 4796 Β
431 4761 553 4797 manasse
572 4747 597 4796 A
686 4747 717 4796 :ll
738 4755 877 4812 potuerunt
894 4757 911 4802 ς
998 4746 1032 4796 29
1052 4744 1094 4795 DE
1113 4744 1233 4796 svtttls
1255 4773 1284 4782 -
1304 4741 1488 4796 llEillGlTVll
1506 4761 1542 4796 em
1558 4745 1674 4812 men-plne

352 4817 636 4867 illatueaseoidenlur
718 4809 823 4881 QVAE]
844 4816 886 4877 qui
907 4813 932 4865 B
1014 4817 1045 4865 iil
1065 4827 1185 4870 stom
1260 4813 1503 4880 erexemptoelt
1527 4814 1627 4864 excmlo
1649 4817 1674 4868 A

423 4885 455 4934 33
474 4887 615 4950 coniungat
633 4897 649 4939 ς
672 4885 796 4948 coniugot
816 4882 882 4936 AB.
912 4901 945 4934 nu
964 4884 1103 4950 couiuget'l
