3906 5564
643 353 725 406 aar.
745 351 857 406 cesar.
881 353 952 406 nra.
970 353 999 408 11
1017 355 1041 418 a,
1064 357 1094 406 rr,
1114 381 1145 390 -
1164 356 1189 419 o,
1210 357 1223 406 r

301 450 472 509 pmue

605 631 655 696 ut:
678 631 812 696 blll'llil)
836 631 966 696 lentico
991 632 1042 698 dii
1061 631 1270 698 ΕΛὸΕΕΟΝΟΕ

360 750 479 815 lonicus
501 755 617 824 minor,
643 771 734 836 quom
758 754 864 816 musici
888 746 956 814 aab
980 748 1166 828 ἐλάσσονος
1189 762 1305 826 vocant,
1330 755 1484 818 contrario
1507 773 1595 836 quam

275 859 414 940 superior
441 859 502 920 situ
524 868 694 941 temporum
719 860 854 940 priorem
878 855 969 918 habet
992 857 1196 938 pariambum,
1220 866 1398 941 sequentem
1423 857 1591 939 spondeum

275 968 305 1024 et
325 960 380 1025 hos
402 961 546 1035 ioricam,
575 971 608 1025 ut
630 962 786 1044 superior,
820 961 885 1023 sine
908 961 967 1022 line
991 969 1157 1024 currentes.
1203 959 1335 1044 adaeque
1367 960 1502 1044 spondeo
1531 970 1591 1024 ter·

250 1066 420 1136 arrrinatur,
438 1075 479 1130 m
500 1067 600 1129 ionico
623 1067 778 1146 congmit:
802 1083 872 1128 nam
895 1083 1016 1146 semper
1040 1062 1191 1128 adlectant
1213 1064 1244 1126 hi
1268 1063 1364 1146 longis
1386 1064 1509 1148 syllabis
1532 1076 1592 1128 ter·

275 1172 391 1233 minari.
437 1170 488 1251 qui
517 1189 585 1232 cum
609 1170 721 1232 divisus
750 1177 796 1232 est
824 1173 884 1244 ιἰιι,
915 1178 947 1232 ut
973 1169 1100 1248 integris
1129 1171 1283 1250 syzygiae,
1314 1188 1349 1232 er
1381 1187 1438 1250 qua
1468 1179 1594 1242 constat,

274 1273 460 1355 temporibus
489 1273 648 1345 elleratur,
679 1291 755 1354 quae
778 1271 859 1336 relnt
887 1273 923 1336 ad
952 1271 1114 1354 rhytlrmon
1142 1271 1256 1352 digesta
1286 1272 1467 1344 teneurunt,
1498 1275 1595 1356 aptior

274 1397 307 1440 ac
329 1377 484 1460 pulchrior
505 1377 679 1442 habebitur.
725 1396 795 1440 nam
819 1375 922 1440 solutis
946 1375 1057 1457 longis,
1085 1377 1148 1438 sire
1171 1384 1298 1459 utraque
1321 1377 1384 1440 eius
1406 1379 1467 1442 sire
1491 1379 1594 1449 altera,

274 1482 398 1546 induas
423 1481 529 1546 breves
552 1501 605 1546 seu
629 1490 735 1545 contra
765 1483 887 1545 conexis
910 1483 940 1542 in
965 1498 1055 1544 unam
1087 1478 1206 1558 longam
1230 1479 1347 1544 duabus
1371 1480 1513 1544 brevibus
1537 1485 1593 1544 ιιιιι

239 1603 262 1642 ιι
275 1587 415 1668 propriae
439 1596 566 1650 naturae
582 1584 765 1668 modumque
781 1587 949 1666 corrumpit
972 1592 1062 1668 atque
1079 1604 1115 1647 ex
1137 1603 1170 1648 se
1186 1582 1314 1668 dirarlsa
1337 1603 1448 1666 genera
1464 1588 1593 1667 species·

274 1709 331 1770 que
354 1690 502 1772 producit
550 1689 631 1754 unde
658 1689 837 1773 plerumque
861 1691 969 1772 recipit
990 1687 1002 1773 ΙΙ
1025 1692 1055 1752 in
1084 1689 1235 1771 principio
1259 1706 1363 1752 versus
1393 1687 1550 1753 bacchium
1574 1711 1593 1750 u

273 1792 369 1873 longis
396 1794 590 1877 incipientem
621 1802 650 1857 et
678 1811 824 1877 paeonem
854 1796 994 1864 tertium,
1031 1811 1161 1872 quorum
1195 1801 1325 1873 uterque
1354 1795 1488 1873 quinque
1518 1803 1592 1858 tem·

272 1915 378 1978 porum
402 1899 500 1979 spatio
524 1897 696 1960 extenditur
719 1895 945 1978 [catalecticum
969 1903 1068 1960 aulem
1092 1899 1124 1959 llt
1139 1903 1300 1976 anapaesto
1324 1905 1375 1959 aut
1396 1915 1433 1959 eo
1457 1899 1508 1977 qui
1531 1915 1593 1960 am·

272 2001 453 2084 plribrachys
478 1999 627 2084 vocatur}
674 2000 760 2074 lruic,
791 2019 860 2065 cum
884 2019 950 2064 asse
974 2019 1045 2064 sena
1074 2003 1266 2082 temporalo
1297 1997 1423 2081 singulis
1452 2001 1591 2082 coniuge·

239 2103 421 2176 rationibus,
445 2113 550 2188 utpote
572 2107 756 2182 ionicorum,
788 2114 941 2187 oporteat,
970 2106 1142 2168 necessario
1165 2103 1326 2167 trochaeus
1349 2113 1402 2167 aut
1424 2106 1489 2179 aius
1513 2105 1592 2168 basis

273 2207 447 2272 adnectetur
469 2228 504 2272 ea
527 2209 782 2292 contemplatione
805 2211 973 2282 imminuta,
999 2217 1031 2271 ut
1053 2206 1195 2290 dipodlae
1217 2209 1384 2290 superioris
1404 2217 1540 2290 tempora
1556 2229 1592 2273 es

272 2312 399 2376 subditis
422 2313 640 2394 compleantur.
686 2311 716 2375 ld
740 2313 848 2377 Graeci
872 2306 1051 2394 ἐπίζιυξιν,
1076 2312 1105 2373 id
1130 2319 1175 2374 est
1192 2314 1452 2393 coniugationcm,
1475 2323 1591 2388 rorant,

273 2417 409 2499 eoquod
434 2419 570 2500 priorum
593 2417 703 2500 pedum
727 2415 814 2479 basin
836 2435 897 2479 uno
920 2425 1057 2496 ternpore
1084 2415 1253 2478 breviorem
1277 2418 1432 2498 sequentis
1455 2421 1592 2500 syzygiae

272 2522 418 2604 compleat
446 2517 575 2603 syllaba,
613 2537 690 2600 quae
718 2539 774 2604 pro
806 2520 906 2592 brevi,
936 2519 1008 2584 licet
1037 2529 1143 2584 natura
1175 2519 1262 2601 longa
1291 2521 1346 2593 sit,
1382 2529 1486 2602 utpote
1507 2523 1592 2603 prior

234 2645 259 2684 ro
273 2625 418 2696 trochaei,
442 2623 619 2705 accipienda
642 2633 696 2694 est,
721 2623 870 2703 siquidem
894 2627 981 2688 unius
1004 2625 1149 2706 temporis
1165 2623 1375 2706 supplemento
1399 2626 1495 2688 ionica
1513 2625 1593 2687 basis

272 2728 408 2808 indigere
437 2728 583 2792 rideatur.
630 2730 743 2791 etenim
772 2727 844 2790 hnic
873 2737 971 2792 metro
1000 2726 1171 2811 rhythmica
1204 2738 1310 2792 natura
1340 2729 1456 2792 accidit.
1504 2728 1592 2792 huius

272 2832 350 2895 modi
382 2840 483 2895 autem
517 2833 599 2895 lnter
635 2851 668 2895 se
703 2829 864 2913 συζυγίας
896 2834 1067 2916 passionem
1103 2835 1164 2896 slve
1203 2833 1445 2896 communionem
1484 2835 1591 2896 musici

272 2930 462 3000 ἀνάκλασιν
491 2942 598 2998 rocam
626 2945 657 2998 et
687 2944 798 3007 metra,
831 2937 915 3020 siqua
946 2936 1024 3001 iorte
1058 2938 1246 3000 adverterint
1278 2935 1362 3009 talia,
1399 2937 1592 3000 anaclornana

203 3096 206 3102 ,
272 3040 435 3123 appellant,
465 3040 545 3123 quod
573 3047 740 3103 retrorsum
764 3039 964 3111 inclinentur,
993 3048 1027 3103 ut
1055 3042 1085 3102 ln
1109 3039 1289 3124 quibusdam
1319 3039 1511 3104 saltationum
1541 3061 1591 3122 ge·

235 3145 388 3209 resticulis
417 3152 522 3208 nostra
549 3161 678 3227 corpora
706 3163 784 3224 pone
813 3145 995 3226 pandantur.
1042 3145 1093 3207 sed
1124 3153 1157 3207 ut
1194 3144 1332 3227 exemplo
1362 3147 1502 3217 doceam,
1533 3148 1592 3208 erit

273 3249 328 3312 boc
350 3249 437 3313 colon
461 3251 696 3320 anaolomenon,

739 3353 850 3434 Cybele
874 3352 982 3415 rotabn
1007 3357 1117 3417 crines.

273 3456 318 3520 hic
341 3475 386 3528 ro,
409 3457 482 3520 licet
504 3460 544 3520 slt
568 3457 683 3528 oreris,
708 3457 876 3539 prolonga
900 3458 1076 3537 accipietur,
1102 3454 1212 3540 Cybele
1237 3477 1280 3519 ro.
1327 3477 1397 3522 uanr
1421 3459 1588 3524 detractum

273 3579 362 3624 unum
387 3568 507 3643 tempus
530 3563 686 3644 sequentis
709 3563 849 3643 syzygiae
879 3579 915 3623 ex
940 3561 1049 3623 initiali
1079 3560 1193 3643 syllaba
1219 3559 1288 3623 huic
1311 3563 1520 3644 impertietur,
1552 3583 1589 3626 nc

233 3663 1590 3747 mmmmsmmpmmwm,mmmmfflmmmifflmmwmo

273 3770 493 3848 roniugationis
508 3771 607 3848 prima
624 3767 754 3848 syllaba,
779 3785 855 3850 qrrae
873 3767 964 3829 debet
976 3785 1041 3829 osse
1059 3767 1174 3838 brevis,
1199 3777 1333 3832 mutatur
1349 3789 1383 3832 ea
1401 3770 1588 3838 condicione.

274 3871 1588 3954 mmmmmmmmfflmmffimmdmmfflmmmmo

272 3974 1585 4058 mmmmmMsimmmm;dimammwnbmusmmmuiumummtmr

271 4083 366 4158 poris,
396 4081 588 4162 superiorem
611 4088 711 4142 autem
735 4099 751 4141 a
775 4097 807 4142 se
837 4078 995 4161 syllabam,
1026 4097 1103 4159 quae
1127 4080 1227 4142 iuerat
1256 4081 1372 4152 brevis,
1403 4085 1588 4145 commercio

117 4175 123 4184 '
232 4205 258 4247 sa
272 4201 338 4246 suae
362 4185 557 4264 proceritatis
581 4181 726 4246 extendit.
773 4191 862 4265 atque
887 4187 928 4246 ita
951 4183 984 4243 lit
1006 4183 1126 4244 ionicon
1153 4184 1385 4256 anaolomenon,
1410 4193 1444 4247 ut
1466 4194 1513 4248 ost
1528 4184 1541 4269 ΙΙ

333 4359 394 4406 «let
412 4355 460 4406 lros
480 4356 590 4407 invicem
608 4381 639 4392 -
658 4365 791 4407 currentes
810 4353 836 4406 B
853 4354 912 4409 Vol,
932 4369 956 4408 et
974 4356 1023 4408 lroc
1042 4359 1152 4409 inrdcom
1172 4383 1204 4394 -
1223 4373 1328 4408 currens
1347 4359 1401 4412 ςΑ
1472 4359 1488 4408 6
1507 4359 1542 4409 ita
1561 4369 1589 4410 ιιι

270 4439 315 4476 ora.
329 4427 354 4477 Α
367 4423 422 4482 Be
475 4427 489 4476 7
508 4441 576 4490 quae
594 4423 664 4476 uelut
683 4427 706 4476 Α
727 4427 771 4489 qni
791 4423 861 4475 uelut
878 4423 904 4474 B
922 4443 990 4490 quae
1008 4428 1030 4477 si
1052 4429 1121 4478 uelut
1139 4441 1155 4484 ς
1208 4427 1242 4476 ad
1261 4425 1381 4492 rydrmon
1401 4429 1425 4476 Α
1445 4428 1478 4477 ad
1498 4428 1589 4493 rhyth-

270 4534 336 4570 mum
355 4519 411 4576 §B
468 4522 554 4588 aptior
571 4535 601 4571 ac
619 4519 751 4587 pulchrior
769 4517 824 4576 ςΒ
842 4521 928 4586 aptior
946 4520 1095 4588 opuleluior
1113 4524 1138 4573 A
1196 4516 1302 4588 boam]
1323 4503 1375 4571 ndu
1394 4519 1419 4570 B
1490 4521 1588 4573 alterna

270 4589 361 4646 ΑΒς
442 4591 471 4640 lt
491 4605 506 4640 a
525 4593 610 4643 orma
623 4589 678 4645 Βς
760 4591 792 4643 13
815 4589 990 4640 catalecticum
1010 4617 1042 4628 -
1061 4605 1176 4654 vocatur,
1200 4605 1266 4657 poue
1284 4591 1456 4656 dispretatioui
1472 4593 1505 4642 cie
1523 4609 1587 4644 aaa·

269 4660 331 4710 clari
352 4674 404 4712 uon
426 4665 499 4712 recte
521 4663 678 4727 interposito
700 4666 772 4720 errat,
803 4675 840 4710 erc
862 4663 977 4726 morpine
1001 4663 1075 4710 iltuto
1097 4677 1154 4713 esre
1176 4661 1302 4711 uideatur.
1329 4675 1380 4726 pro
1404 4661 1587 4726 amphibrachys

269 4736 361 4792 mrtem,
384 4733 430 4796 put
449 4731 475 4779 ia
498 4731 615 4782 catalect
635 4731 774 4781 ionicorum
797 4732 877 4779 iaceam
901 4745 951 4780 aon
975 4729 1063 4789 landet,
1092 4739 1137 4781 ortt
1159 4728 1301 4792 tribrachys
1325 4737 1370 4780 αιιι
1393 4731 1586 4797 amphimacrus

268 4797 426 4849 rrridmrlrnrr
444 4806 483 4849 eat
566 4801 597 4851 18
618 4801 732 4866 priorum
752 4809 770 4854 ς
789 4799 901 4864 priorem
921 4799 986 4849 AB
1059 4801 1093 4849 ιιι
1111 4796 1199 4865 colon]
1219 4798 1276 4848 colo
1296 4797 1390 4854 ΑΒς
1469 4803 1502 4851 34
1521 4817 1587 4864 qum·

271 4865 385 4946 irrorate
407 4883 474 4932 qrrae
493 4867 570 4920 luerit
589 4867 653 4919 AB
719 4868 752 4917 35
771 4879 848 4932 atque
867 4870 902 4918 ita
922 4868 949 4918 llr
968 4869 1080 4919 ionicum
1101 4868 1125 4917 lt
1144 4879 1169 4918 at
1189 4868 1222 4918 ita
1243 4866 1270 4916 ιιι
1288 4867 1390 4918 lonicon
1411 4871 1435 4919 A
1456 4885 1485 4918 ao
1505 4873 1538 4920 ira
1560 4871 1586 4920 ln

270 4949 415 4993 ronrcums
