3906 5564
609 379 690 432 auu.
710 379 820 434 ouant.
840 379 910 430 aru.
931 379 957 430 11
975 380 1000 444 a,
1018 379 1052 430 aa
1071 405 1104 414 -
1122 379 1146 442 a,
1166 380 1196 428 ιι
1525 373 1567 440 75

278 491 298 530 μ.
311 481 369 521 eaeo
382 482 407 520 aa
422 478 445 524 ιι.
1361 487 1381 530 p.
1396 479 1499 522 ιοο-ιιιι
1513 476 1537 519 u.

253 567 330 632 urrde
353 587 369 628 a
386 569 566 650 quibusdam
583 568 780 652 antidactylus
796 569 921 640 dicitnr,
946 569 1095 652 siquidem
1113 567 1247 650 dactylus
1264 590 1280 631 e
1299 567 1386 648 longa
1397 575 1433 630 et
1448 564 1566 630 duabus

253 671 408 744 breuibus,
433 683 613 755 anapaestus
629 695 645 738 e
669 673 787 737 <luobus
806 671 948 736 breuibus
964 683 995 736 et
1010 671 1100 755 longa
1118 672 1224 752 digesti
1241 675 1301 736 situ
1318 671 1434 734 ordinis
1450 680 1564 734 tantum

252 775 422 858 discrepare
445 778 618 850 rideantu1·;
644 777 753 842 debinc
777 777 858 859 quod
882 775 1014 841 detracta
1039 795 1094 862 per
1118 776 1275 858 epiplouen
1299 777 1394 840 beron
1418 773 1564 858 dactylico

252 883 345 961 prima
374 880 462 962 longa
498 882 607 966 reliqui
643 881 735 966 pedes
765 882 794 944 in
824 888 1018 960 anapaestum
1053 881 1258 944 reformentur
1287 883 1318 944 in
1347 900 1383 942 eo
1413 880 1566 943 dumtaxat

227 1003 351 1054 5rersu,
378 986 429 1064 qui
451 989 583 1069 utrinque
606 987 759 1048 continuis
781 1003 836 1067 pcr
859 985 995 1048 ordinem
1021 985 1144 1068 dactylis
1167 987 1276 1057 currit,
1301 994 1335 1046 ut

377 1099 414 1151 nt
437 1089 524 1154 tuba
549 1088 767 1154 terribilem
791 1089 959 1151 sonitum
985 1086 1116 1172 procul
1141 1107 1228 1151 aere
1251 1106 1401 1152 canoro.
1430 1085 1444 1172 d

253 1191 381 1256 detracta
413 1197 492 1256 enim
521 1203 552 1256 at
580 1193 708 1277 syllaba,
739 1210 796 1273 qua
825 1193 942 1276 primus
971 1193 1003 1254 in
1033 1211 1122 1272 versu
1152 1190 1286 1274 dactylus
1314 1201 1445 1265 constat,
1477 1199 1566 1255 erunt

253 1295 355 1379 reliqui
378 1297 473 1379 pedes
496 1299 650 1381 anapaesti
673 1299 731 1368 sic,

379 1399 449 1463 tuba
474 1401 644 1464 terribilem
667 1401 797 1464 sonitum
823 1401 930 1484 procul
954 1421 1024 1464 aere
1048 1419 1169 1464 canoro.

222 1537 243 1575 u
255 1507 358 1587 recipit
374 1515 474 1569 autem
493 1504 522 1567 id
547 1515 676 1569 metrum
692 1504 786 1587 pedes
805 1515 947 1587 quattuor
963 1505 1058 1587 spatio
1074 1513 1244 1588 temporum
1261 1524 1359 1586 puros,
1385 1505 1565 1587 syllabarum

254 1627 375 1671 numero
399 1609 550 1690 dispares,
579 1610 762 1692 spondeum,
793 1611 843 1692 qui
867 1620 913 1672 est
934 1611 1088 1691 anapaesti
1116 1608 1268 1681 collectio,
1299 1608 1463 1690 dactylum,
1496 1630 1566 1692 pro-

253 1711 477 1776 celeumaticum
502 1723 533 1776 et
557 1714 686 1777 cundem
703 1723 896 1795 anapaestum
921 1714 950 1776 in
967 1731 1154 1796 quacumque
1177 1712 1259 1780 sede.
1291 1731 1359 1775 narn
1377 1732 1444 1776 cum
1461 1731 1566 1775 onrues

253 1835 375 1880 nurnero
400 1825 570 1898 temporum
593 1826 736 1896 quattuor
762 1817 1073 1900 comprehendantur,
1104 1826 1203 1880 umen
1235 1815 1380 1879 divisione
1408 1815 1565 1897 longarum

255 1921 293 1983 rei
317 1921 531 1983 coniunctione
561 1919 715 1994 brevium,
751 1941 819 1985 curn
849 1921 957 2002 longae
986 1923 1016 1984 in
1046 1921 1152 1984 breues
1181 1923 1361 1985 dividuntur
1383 1923 1431 1983 uel
1446 1930 1565 1998 *contro

220 2053 241 2093 15
254 2025 351 2088 brecus
372 2030 404 2088 in
428 2027 536 2103 loripes
559 2024 755 2106 colliguntur,
780 2027 859 2088 inter
881 2045 914 2089 sc
939 2027 1108 2096 variantur,
1134 2035 1163 2088 et
1183 2045 1252 2088 cum
1269 2024 1395 2086 diversis
1412 2021 1564 2085 vocabulis

255 2135 479 2209 nuncupentur,
509 2129 642 2191 eiusdem
672 2128 736 2192 iere
758 2133 881 2210 generis
907 2131 1046 2193 existunt.
1092 2147 1153 2191 non
1182 2129 1257 2193 nulli
1285 2131 1316 2190 in
1345 2127 1447 2190 ultima
1478 2127 1566 2190 buius

204 2303 209 2314 ¹
253 2232 319 2294 sede
349 2233 482 2295 ionicum
512 2233 661 2296 minorem
689 2234 841 2315 recipiunt
863 2251 897 2296 ea
926 2235 1055 2306 ratione,
1085 2249 1144 2313 qua
1173 2235 1203 2296 in
1232 2234 1292 2295 line
1316 2239 1445 2296 metrum
1476 2250 1565 2294 ornnc

253 2338 329 2400 varie
352 2335 526 2407 claudatur;
551 2335 661 2398 debinc
684 2337 870 2419 quodetiam
895 2336 932 2398 ab
948 2337 1123 2400 auctoribus
1147 2335 1246 2400 studio
1263 2337 1401 2400 novitatis
1417 2335 1564 2416 quaedam

253 2440 417 2504 adiciantur
440 2451 470 2502 et
492 2440 691 2503 detrahantur
714 2448 833 2512 contra,
859 2459 948 2520 quam
972 2443 1048 2504 ratio
1073 2443 1183 2504 veteris
1202 2425 1382 2523 'disciptinae
1407 2442 1563 2521 permittit.

218 2544 329 2624 artprrod
358 2554 388 2608 et
417 2548 448 2607 in
472 2545 581 2608 ceteris
604 2546 710 2608 metris
740 2545 826 2608 datur
850 2562 1024 2625 agnoscere.
1071 2563 1139 2607 nam
1170 2553 1200 2606 et
1228 2543 1345 2607 ionibus
1373 2545 1403 2606 in
1434 2541 1563 2606 clausula

252 2651 414 2719 invenitur,
446 2656 475 2710 ct
498 2646 665 2730 appellatur
689 2647 906 2710 archebulium.
952 2657 981 2709 at
1004 2649 1029 2710 si
1054 2647 1206 2729 trisyllabo
1230 2648 1305 2730 pede
1336 2649 1383 2710 sui
1411 2647 1566 2710 dumtaxat

252 2754 367 2832 generis
396 2753 588 2821 terminetur,
620 2750 754 2832 adaeque
783 2751 995 2824 archebulion,
1024 2752 1075 2814 sed
1106 2755 1272 2832 integrum:
1310 2769 1377 2814 nam
1400 2753 1497 2834 prins,
1533 2752 1564 2814 in

252 2857 278 2916 in
301 2875 360 2938 quo
384 2855 516 2928 iambus,
540 2849 735 2937 dardanorum
752 2855 869 2919 dicitur.
916 2855 1020 2919 volunt
1035 2859 1115 2918 enim
1131 2857 1209 2918 sicut
1225 2854 1402 2937 dactylicum
1423 2853 1582 2918 trocbaeo¹

253 2957 369 3032 ultimo,
400 2961 440 3022 ita
464 2970 658 3041 anapaestum
682 2977 925 3040 nonnumquam
948 2959 1047 3022 iambo
1071 2957 1226 3030 concludi,
1258 2959 1406 3042 siquidem
1430 2957 1565 3040 dactylus

218 3091 240 3130 aa
253 3073 282 3124 ut
302 3063 464 3126 trocbaeus
489 3083 504 3126 a
527 3064 616 3144 longa
639 3064 773 3144 incipiat,
798 3071 975 3146 anapaestus
999 3073 1097 3126 antem
1121 3074 1154 3126 ιιι
1176 3062 1293 3126 iambus
1319 3060 1321 3139 l
1347 3063 1480 3133 desinat,
1505 3081 1565 3143 uuo

252 3168 281 3229 bt
302 3185 442 3230 sonorus.
489 3168 656 3249 percutitur
683 3185 755 3229 uero
780 3185 884 3229 versus
914 3170 1123 3248 anapaesticus
1147 3169 1307 3250 praecipue
1335 3185 1389 3248 per
1413 3165 1564 3248 dipodian,

253 3271 399 3334 interdurn
424 3281 453 3332 et
477 3290 531 3353 per
553 3269 687 3352 singulos
710 3271 812 3352 pedes.
858 3281 903 3332 est
931 3281 1029 3334 autom
1059 3274 1214 3354 percussio
1238 3271 1399 3333 cuiuslibet
1423 3271 1511 3332 metri
1534 3272 1564 3332 in

254 3376 339 3454 perles
362 3375 477 3437 divisio.
510 3373 680 3456 exemplum
697 3376 755 3437 erit
771 3375 938 3437 tetrametri
957 3375 1136 3448 catalectici,
1162 3374 1241 3455 qnod
1260 3377 1350 3436 estin
1367 3376 1566 3456 anapaesticis

255 3477 356 3541 nobilis
379 3477 430 3540 ille
453 3496 572 3550 versus,

218 3608 242 3647 no
376 3589 452 3654 alius
476 3592 589 3654 citbara
612 3593 772 3671 sonituque
795 3591 903 3674 potens
926 3590 1064 3655 volucres
1088 3575 1281 3674 pecudesque
1303 3611 1441 3662 movere,

256 3695 319 3757 item

376 3797 494 3861 admota
519 3797 611 3861 labris
635 3797 705 3862 tuba
729 3798 896 3863 terribilem
920 3801 1053 3864 sonitum
1077 3798 1160 3862 dedit
1183 3817 1252 3861 aere
1277 3817 1398 3862 canoro.

256 3921 328 4000 quod
351 3939 447 4000 genus
471 3921 613 4002 irequens
636 3929 681 3982 cst
704 3919 781 4002 apud
805 3921 1043 4005 Aristophanen:
1073 3919 1152 3984 unde
1176 3917 1188 4004 d
1212 3927 1240 3982 el
1263 3919 1490 4000 aristophanion
1514 3939 1563 3982 vo·
1623 3983 1625 3989 ,

316 4162 443 4214 lidebinc
461 4187 495 4200 -
513 4164 529 4214 6
546 4176 643 4213 canoro
661 4179 688 4230 p.
708 4165 776 4214 2512
852 4168 885 4217 21
903 4163 1076 4215 nrcbebnlinm
1096 4180 1122 4229 p.
1144 4165 1200 4221 111,
1214 4165 1256 4213 26.
1275 4163 1345 4213 2582
1423 4165 1456 4214 23
1475 4161 1565 4212 rolrtnt

254 4231 316 4282 enim
333 4258 367 4269 -
385 4233 419 4282 26
437 4245 550 4282 sonorus
568 4231 648 4283 schol.
668 4232 892 4298 Hepdoeet.177,
913 4237 1024 4284 17-21
1042 4235 1083 4284 ed.
1107 4231 1226 4298 Westpll.
1309 4233 1343 4282 30
1365 4231 1431 4281 alirn
1448 4249 1476 4298 p.
1496 4233 1565 4284 2580

317 4303 348 4353 32
366 4301 472 4353 admota
489 4317 516 4366 p.
536 4303 605 4353 2581
675 4305 707 4354 33
726 4305 797 4367 quod
815 4319 898 4371 genus
916 4327 950 4341 -
969 4303 1038 4365 tlte
1057 4301 1245 4368 Aristophanes
1264 4313 1304 4352 est
1319 4317 1347 4366 p.
1367 4303 1436 4352 2580

318 4509 331 4558 1
350 4507 521 4572 antidactplns
539 4512 564 4561 Α
584 4501 796 4571 ἄντιδάκτυιος
815 4510 870 4566 §B
944 4509 1046 4562 duobus
1065 4485 1155 4575 priore
1173 4512 1228 4561 loco
1249 4509 1282 4584 A,
1302 4509 1451 4574 posteriore
1470 4507 1495 4558 B

254 4611 268 4659 b
289 4625 314 4662 nt
333 4607 404 4678 triba]
431 4611 510 4679 Verp.
531 4613 599 4664 Aen.
622 4612 719 4664 VIIII
734 4615 788 4666 503
876 4617 908 4667 10
930 4614 956 4666 id
975 4625 1083 4663 menum
1103 4613 1129 4664 B
1146 4613 1234 4668 Vct-5
1259 4575 1306 4677 lfdc
1325 4625 1432 4663 metrum
1453 4613 1477 4662 Α

257 4681 283 4730 12
303 4681 418 4743 fortasse
441 4695 500 4730 nom
524 4684 643 4746 qtranrvis
663 4698 752 4734 omnes
835 4687 866 4736 13
890 4695 973 4736 tamen
999 4680 1140 4749 [divisione
1164 4683 1298 4747 longarum
1324 4680 1362 4730 rel
1386 4675 1565 4732 coniunctione

255 4745 374 4810 brevium]
394 4765 452 4800 cnm
470 4749 565 4818 longae
584 4755 609 4802 iu
629 4753 719 4802 breues
736 4753 887 4804 diuidnutur
905 4765 949 4804 ant
967 4753 1056 4803 breves
1075 4752 1232 4818 colliguntur
1251 4749 1380 4816 nupt-tos
1397 4752 1424 4800 r'n
1442 4766 1564 4802 commen-

258 4821 348 4871 tatione
366 4821 515 4871 acndemirc
533 4821 649 4886 beneficii
666 4823 882 4888 ,liorparpem'om‘
898 4825 953 4888 lepe
972 4823 1042 4872 erlltn
1061 4821 1125 4875 Hnl.
1146 4823 1214 4872 1853
1232 4837 1259 4886 p.
1279 4825 1294 4869 7
1376 4821 1409 4870 14
1431 4833 1489 4869 curn
1509 4819 1559 4872 lort-

257 4903 301 4948 gae
318 4889 343 4938 in
362 4889 453 4940 breues
472 4889 629 4956 colliguntur
647 4893 671 4942 A
685 4891 741 4946 Βς
811 4893 844 4945 23
863 4885 1037 4957 ἀπόκροτον]
1059 4893 1168 4941 ιιιίιιιιιιιι
1188 4892 1250 4941 dnn
1265 4889 1363 4940 Plotius
1379 4905 1406 4955 p.
1426 4891 1495 4962 2652

255 4956 283 5007 25
300 4969 466 5026 anapaestum
484 4971 569 5010 autem
588 4959 614 5010 B
