<?xml version="1.0" encoding="UTF-8"?>
<!DOCTYPE html PUBLIC "-//W3C//DTD XHTML 1.0 Transitional//EN"
    "http://www.w3.org/TR/xhtml1/DTD/xhtml1-transitional.dtd">
<html xmlns="http://www.w3.org/1999/xhtml" xml:lang="en" lang="en">
 <head>
  <title>
</title>
<meta http-equiv="Content-Type" content="text/html;charset=utf-8" />
  <meta name='ocr-system' content='tesseract 3.04.00' />
  <meta name='ocr-capabilities' content='ocr_page ocr_carea ocr_par ocr_line ocrx_word'/>
</head>
<body>
  <div class='ocr_page' id='page_1' title='image "./grammaticilatin05hagagoog_0164.png"; bbox 0 0 3906 5564; ppageno 0'>
   <div class='ocr_carea' id='block_1_1' title="bbox 339 309 1635 474">
    <p class='ocr_par' dir='ltr' id='par_1_1' title="bbox 339 309 1635 474">
     <span class='ocr_line' id='line_1_1' title="bbox 339 309 1157 376; baseline 0.006 -15"><span class='ocrx_word' id='word_1_1' title='bbox 339 309 401 376; x_wconf 85' lang='lat'><strong>134</strong></span> <span class='ocrx_word' id='word_1_2' title='bbox 838 313 946 366; x_wconf 81' lang='lat' dir='ltr'><strong>amau</strong></span> <span class='ocrx_word' id='word_1_3' title='bbox 964 313 1157 368; x_wconf 84' lang='lat' dir='ltr'><strong>vroronuu</strong></span> 
     </span>
     <span class='ocr_line' id='line_1_2' title="bbox 364 412 1635 474; baseline 0.003 -18"><span class='ocrx_word' id='word_1_4' title='bbox 364 424 386 467; x_wconf 79' lang='lat' dir='ltr'><strong>p.</strong></span> <span class='ocrx_word' id='word_1_5' title='bbox 400 413 459 456; x_wconf 78' lang='lat' dir='ltr'><strong>esta.</strong></span> <span class='ocrx_word' id='word_1_6' title='bbox 474 413 499 454; x_wconf 82' lang='lat' dir='ltr'><strong>aa</strong></span> <span class='ocrx_word' id='word_1_7' title='bbox 514 412 537 454; x_wconf 86' lang='lat' dir='ltr'><strong>r.</strong></span> <span class='ocrx_word' id='word_1_8' title='bbox 1471 429 1493 474; x_wconf 72' lang='lat' dir='ltr'><strong>p.</strong></span> <span class='ocrx_word' id='word_1_9' title='bbox 1510 419 1555 460; x_wconf 84' lang='lat' dir='ltr'><strong>rto.</strong></span> <span class='ocrx_word' id='word_1_10' title='bbox 1569 419 1594 460; x_wconf 83' lang='lat' dir='ltr'><strong>rr</strong></span> <span class='ocrx_word' id='word_1_11' title='bbox 1609 417 1635 462; x_wconf 86' lang='lat' dir='ltr'><strong>u.</strong></span> 
     </span>
    </p>
   </div>
   <div class='ocr_carea' id='block_1_2' title="bbox 337 501 1764 3904">
    <p class='ocr_par' dir='ltr' id='par_1_2' title="bbox 337 501 1764 2246">
     <span class='ocr_line' id='line_1_3' title="bbox 340 501 1662 586; baseline 0.005 -22"><span class='ocrx_word' id='word_1_12' title='bbox 340 501 452 574; x_wconf 90' lang='lat' dir='ltr'><strong>tribus,</strong></span> <span class='ocrx_word' id='word_1_13' title='bbox 482 520 571 582; x_wconf 86' lang='lat' dir='ltr'><strong>quem</strong></span> <span class='ocrx_word' id='word_1_14' title='bbox 596 521 611 564; x_wconf 89' lang='lat' dir='ltr'><strong>a</strong></span> <span class='ocrx_word' id='word_1_15' title='bbox 636 519 762 566; x_wconf 93' lang='lat' dir='ltr'><strong>numero</strong></span> <span class='ocrx_word' id='word_1_16' title='bbox 786 503 913 586; x_wconf 90' lang='lat' dir='ltr'><strong>pedum,</strong></span> <span class='ocrx_word' id='word_1_17' title='bbox 945 512 977 565; x_wconf 93' lang='lat' dir='ltr'><strong>nt</strong></span> <span class='ocrx_word' id='word_1_18' title='bbox 1001 503 1146 576; x_wconf 78' lang='lat' dir='ltr'><strong>diximus,</strong></span> <span class='ocrx_word' id='word_1_19' title='bbox 1179 507 1275 568; x_wconf 78' lang='lat' dir='ltr'><strong>nostri</strong></span> <span class='ocrx_word' id='word_1_20' title='bbox 1299 508 1464 579; x_wconf 88' lang='lat' dir='ltr'><strong>senarium,</strong></span> <span class='ocrx_word' id='word_1_21' title='bbox 1494 527 1510 571; x_wconf 87' lang='lat' dir='ltr'><strong>a</strong></span> <span class='ocrx_word' id='word_1_22' title='bbox 1534 527 1662 572; x_wconf 91' lang='lat' dir='ltr'><strong>numero</strong></span> 
     </span>
     <span class='ocr_line' id='line_1_4' title="bbox 339 606 1662 698; baseline 0.008 -33"><span class='ocrx_word' id='word_1_23' title='bbox 339 624 409 668; x_wconf 81' lang='lat' dir='ltr'><strong>vero</strong></span> <span class='ocrx_word' id='word_1_24' title='bbox 438 606 669 698; x_wconf 77' lang='lat' dir='ltr'><strong>percussionum</strong></span> <span class='ocrx_word' id='word_1_25' title='bbox 700 609 872 671; x_wconf 76' lang='lat' dir='ltr'>trimetrum</span> <span class='ocrx_word' id='word_1_26' title='bbox 896 607 1004 671; x_wconf 88' lang='lat' dir='ltr'><strong>Graeci</strong></span> <span class='ocrx_word' id='word_1_27' title='bbox 1034 607 1184 672; x_wconf 84' lang='lat' dir='ltr'><strong>dixerunt.</strong></span> <span class='ocrx_word' id='word_1_28' title='bbox 1230 607 1399 690; x_wconf 84' lang='lat' dir='ltr'><strong>exemplum</strong></span> <span class='ocrx_word' id='word_1_29' title='bbox 1430 629 1503 693; x_wconf 77' lang='lat' dir='ltr'><strong>ergo</strong></span> <span class='ocrx_word' id='word_1_30' title='bbox 1532 613 1662 676; x_wconf 76' lang='lat' dir='ltr'><strong>trimetri</strong></span> 
     </span>
     <span class='ocr_line' id='line_1_5' title="bbox 337 707 541 772; baseline 0 -1"><span class='ocrx_word' id='word_1_31' title='bbox 337 707 458 772; x_wconf 82' lang='lat' dir='ltr'><strong>iambici</strong></span> <span class='ocrx_word' id='word_1_32' title='bbox 483 709 541 771; x_wconf 90' lang='lat' dir='ltr'><strong>erit</strong></span> 
     </span>
     <span class='ocr_line' id='line_1_6' title="bbox 602 810 1404 898; baseline 0.005 -24"><span class='ocrx_word' id='word_1_33' title='bbox 602 810 782 894; x_wconf 79' lang='lat' dir='ltr'><strong>phaselus</strong></span> <span class='ocrx_word' id='word_1_34' title='bbox 805 811 874 876; x_wconf 92' lang='lat' dir='ltr'><strong>ille</strong></span> <span class='ocrx_word' id='word_1_35' title='bbox 897 833 1004 896; x_wconf 89' lang='lat' dir='ltr'><strong>quem</strong></span> <span class='ocrx_word' id='word_1_36' title='bbox 1028 816 1185 888; x_wconf 87' lang='lat' dir='ltr'><strong>videtis,</strong></span> <span class='ocrx_word' id='word_1_37' title='bbox 1210 817 1404 898; x_wconf 80' lang='lat' dir='ltr'><strong>hospites:</strong></span> 
     </span>
     <span class='ocr_line' id='line_1_7' title="bbox 338 915 1764 998; baseline 0.008 -20"><span class='ocrx_word' id='word_1_38' title='bbox 338 915 387 980; x_wconf 92' lang='lat' dir='ltr'><strong>hic</strong></span> <span class='ocrx_word' id='word_1_39' title='bbox 409 915 572 998; x_wconf 84' lang='lat' dir='ltr'><strong>qtradratus</strong></span> <span class='ocrx_word' id='word_1_40' title='bbox 595 935 632 978; x_wconf 82' lang='lat' dir='ltr'><strong>ex</strong></span> <span class='ocrx_word' id='word_1_41' title='bbox 655 917 793 980; x_wconf 86' lang='lat' dir='ltr'><strong>trimetro</strong></span> <span class='ocrx_word' id='word_1_42' title='bbox 816 915 945 982; x_wconf 80' lang='lat' dir='ltr'><strong>eflicitur</strong></span> <span class='ocrx_word' id='word_1_43' title='bbox 967 921 1019 992; x_wconf 90' lang='lat' dir='ltr'><strong>sic,</strong></span> <span class='ocrx_word' id='word_1_44' title='bbox 1688 949 1702 990; x_wconf 83' lang='lat' dir='ltr'><strong>s</strong></span> <span class='ocrx_word' id='word_1_45' title='bbox 1762 993 1764 996; x_wconf 73' lang='grc'><strong>,</strong></span> 
     </span>
     <span class='ocr_line' id='line_1_8' title="bbox 569 1017 1426 1108; baseline 0.008 -27"><span class='ocrx_word' id='word_1_46' title='bbox 569 1018 653 1082; x_wconf 90' lang='lat' dir='ltr'><strong>adest</strong></span> <span class='ocrx_word' id='word_1_47' title='bbox 671 1017 757 1083; x_wconf 82' lang='lat' dir='ltr'><strong>celer</strong></span> <span class='ocrx_word' id='word_1_48' title='bbox 779 1019 921 1104; x_wconf 83' lang='lat' dir='ltr'><strong>phaselus</strong></span> <span class='ocrx_word' id='word_1_49' title='bbox 944 1020 995 1085; x_wconf 93' lang='lat' dir='ltr'><strong>ille</strong></span> <span class='ocrx_word' id='word_1_50' title='bbox 1018 1043 1108 1106; x_wconf 91' lang='lat' dir='ltr'><strong>quem</strong></span> <span class='ocrx_word' id='word_1_51' title='bbox 1133 1023 1255 1096; x_wconf 89' lang='lat' dir='ltr'><strong>ridetis,</strong></span> <span class='ocrx_word' id='word_1_52' title='bbox 1279 1023 1426 1108; x_wconf 84' lang='lat' dir='ltr'><strong>hospites.</strong></span> 
     </span>
     <span class='ocr_line' id='line_1_9' title="bbox 338 1121 1661 1212; baseline 0.007 -28"><span class='ocrx_word' id='word_1_53' title='bbox 338 1123 430 1203; x_wconf 80' lang='lat' dir='ltr'><strong>igitur</strong></span> <span class='ocrx_word' id='word_1_54' title='bbox 446 1125 471 1185; x_wconf 92' lang='lat' dir='ltr'><strong>si</strong></span> <span class='ocrx_word' id='word_1_55' title='bbox 487 1123 622 1205; x_wconf 86' lang='lat' dir='ltr'><strong>priorem</strong></span> <span class='ocrx_word' id='word_1_56' title='bbox 638 1121 773 1188; x_wconf 88' lang='lat' dir='ltr'><strong>adiectae</strong></span> <span class='ocrx_word' id='word_1_57' title='bbox 797 1125 935 1188; x_wconf 82' lang='lat' dir='ltr'><strong>trimetro</strong></span> <span class='ocrx_word' id='word_1_58' title='bbox 958 1130 1060 1190; x_wconf 90' lang='lat' dir='ltr'><strong>rersui</strong></span> <span class='ocrx_word' id='word_1_59' title='bbox 1076 1127 1216 1212; x_wconf 91' lang='lat' dir='ltr'><strong>dipodiae</strong></span> <span class='ocrx_word' id='word_1_60' title='bbox 1240 1129 1408 1194; x_wconf 81' lang='lat' dir='ltr'><strong>detraxeris</strong></span> <span class='ocrx_word' id='word_1_61' title='bbox 1423 1128 1565 1211; x_wconf 74' lang='lat' dir='ltr'><strong>syllabam</strong></span> <span class='ocrx_word' id='word_1_62' title='bbox 1589 1129 1661 1200; x_wconf 80' lang='lat' dir='ltr'><strong>‘ad’,</strong></span> 
     </span>
     <span class='ocr_line' id='line_1_10' title="bbox 339 1225 1661 1316; baseline 0.005 -28"><span class='ocrx_word' id='word_1_63' title='bbox 339 1245 417 1310; x_wconf 84' lang='lat' dir='ltr'><strong>quae</strong></span> <span class='ocrx_word' id='word_1_64' title='bbox 440 1235 487 1289; x_wconf 89' lang='lat' dir='ltr'><strong>est</strong></span> <span class='ocrx_word' id='word_1_65' title='bbox 507 1225 599 1290; x_wconf 88' lang='lat' dir='ltr'><strong>iambi</strong></span> <span class='ocrx_word' id='word_1_66' title='bbox 622 1228 735 1310; x_wconf 88' lang='lat' dir='ltr'><strong>prima,</strong></span> <span class='ocrx_word' id='word_1_67' title='bbox 761 1229 819 1291; x_wconf 90' lang='lat' dir='ltr'><strong>erit</strong></span> <span class='ocrx_word' id='word_1_68' title='bbox 835 1247 939 1294; x_wconf 83' lang='lat' dir='ltr'><strong>versus</strong></span> <span class='ocrx_word' id='word_1_69' title='bbox 954 1232 1104 1313; x_wconf 89' lang='lat' dir='ltr'><strong>incipiens</strong></span> <span class='ocrx_word' id='word_1_70' title='bbox 1126 1251 1142 1296; x_wconf 92' lang='lat' dir='ltr'><strong>a</strong></span> <span class='ocrx_word' id='word_1_71' title='bbox 1166 1235 1296 1306; x_wconf 90' lang='lat' dir='ltr'><strong>cretico,</strong></span> <span class='ocrx_word' id='word_1_72' title='bbox 1320 1253 1409 1316; x_wconf 82' lang='lat' dir='ltr'><strong>quem</strong></span> <span class='ocrx_word' id='word_1_73' title='bbox 1426 1232 1661 1316; x_wconf 81' lang='lat' dir='ltr'><strong>amphimacrum</strong></span> 
     </span>
     <span class='ocr_line' id='line_1_11' title="bbox 338 1329 600 1411; baseline 0.004 -19"><span class='ocrx_word' id='word_1_74' title='bbox 338 1329 482 1402; x_wconf 90' lang='lat' dir='ltr'><strong>dicimus,</strong></span> <span class='ocrx_word' id='word_1_75' title='bbox 510 1330 570 1403; x_wconf 90' lang='lat' dir='ltr'><strong>sic,</strong></span> <span class='ocrx_word' id='word_1_76' title='bbox 596 1329 600 1411; x_wconf 82' lang='grc'><strong>1</strong></span> 
     </span>
     <span class='ocr_line' id='line_1_12' title="bbox 591 1433 1705 1524; baseline 0.01 -27"><span class='ocrx_word' id='word_1_77' title='bbox 591 1441 637 1497; x_wconf 92' lang='lat' dir='ltr'><strong>est</strong></span> <span class='ocrx_word' id='word_1_78' title='bbox 659 1433 740 1498; x_wconf 87' lang='lat' dir='ltr'><strong>celer</strong></span> <span class='ocrx_word' id='word_1_79' title='bbox 763 1435 904 1518; x_wconf 80' lang='lat' dir='ltr'><strong>phaselus</strong></span> <span class='ocrx_word' id='word_1_80' title='bbox 927 1436 978 1501; x_wconf 90' lang='lat' dir='ltr'><strong>ille</strong></span> <span class='ocrx_word' id='word_1_81' title='bbox 1001 1457 1090 1520; x_wconf 86' lang='lat' dir='ltr'><strong>quem</strong></span> <span class='ocrx_word' id='word_1_82' title='bbox 1115 1439 1239 1513; x_wconf 91' lang='lat' dir='ltr'><strong>ridetis,</strong></span> <span class='ocrx_word' id='word_1_83' title='bbox 1261 1439 1412 1524; x_wconf 87' lang='lat' dir='ltr'><strong>hospites,</strong></span> <span class='ocrx_word' id='word_1_84' title='bbox 1678 1469 1705 1508; x_wconf 81' lang='lat' dir='ltr'><strong>ro</strong></span> 
     </span>
     <span class='ocr_line' id='line_1_13' title="bbox 340 1536 1663 1628; baseline 0.004 -28"><span class='ocrx_word' id='word_1_85' title='bbox 340 1539 409 1620; x_wconf 76' lang='lat' dir='ltr'><strong>(puin</strong></span> <span class='ocrx_word' id='word_1_86' title='bbox 441 1536 573 1600; x_wconf 89' lang='lat' dir='ltr'><strong>detracta</strong></span> <span class='ocrx_word' id='word_1_87' title='bbox 602 1539 699 1621; x_wconf 89' lang='lat' dir='ltr'><strong>prima</strong></span> <span class='ocrx_word' id='word_1_88' title='bbox 729 1537 812 1603; x_wconf 86' lang='lat' dir='ltr'><strong>brevi</strong></span> <span class='ocrx_word' id='word_1_89' title='bbox 836 1561 852 1603; x_wconf 93' lang='lat' dir='ltr'><strong>e</strong></span> <span class='ocrx_word' id='word_1_90' title='bbox 879 1539 1000 1625; x_wconf 90' lang='lat' dir='ltr'><strong>dipodia</strong></span> <span class='ocrx_word' id='word_1_91' title='bbox 1029 1543 1156 1607; x_wconf 86' lang='lat' dir='ltr'><strong>iambica</strong></span> <span class='ocrx_word' id='word_1_92' title='bbox 1186 1563 1316 1628; x_wconf 87' lang='lat' dir='ltr'><strong>sequens</strong></span> <span class='ocrx_word' id='word_1_93' title='bbox 1344 1542 1433 1626; x_wconf 79' lang='lat' dir='ltr'><strong>longa</strong></span> <span class='ocrx_word' id='word_1_94' title='bbox 1462 1545 1579 1608; x_wconf 80' lang='lat' dir='ltr'><strong>adnexo</strong></span> <span class='ocrx_word' id='word_1_95' title='bbox 1606 1542 1663 1606; x_wconf 92' lang='lat' dir='ltr'><strong>sibi</strong></span> 
     </span>
     <span class='ocr_line' id='line_1_14' title="bbox 341 1641 1547 1728; baseline 0.004 -24"><span class='ocrx_word' id='word_1_96' title='bbox 341 1643 392 1722; x_wconf 84' lang='lat' dir='ltr'><strong>qui</strong></span> <span class='ocrx_word' id='word_1_97' title='bbox 416 1643 443 1704; x_wconf 92' lang='lat' dir='ltr'><strong>ei</strong></span> <span class='ocrx_word' id='word_1_98' title='bbox 467 1641 602 1722; x_wconf 78' lang='lat' dir='ltr'><strong>iungitur</strong></span> <span class='ocrx_word' id='word_1_99' title='bbox 624 1642 725 1706; x_wconf 92' lang='lat' dir='ltr'><strong>iambo</strong></span> <span class='ocrx_word' id='word_1_100' title='bbox 749 1645 893 1709; x_wconf 92' lang='lat' dir='ltr'><strong>creticum</strong></span> <span class='ocrx_word' id='word_1_101' title='bbox 918 1645 1008 1710; x_wconf 91' lang='lat' dir='ltr'><strong>eiilcit</strong></span> <span class='ocrx_word' id='word_1_102' title='bbox 1030 1647 1139 1728; x_wconf 91' lang='lat' dir='ltr'><strong>pedem</strong></span> <span class='ocrx_word' id='word_1_103' title='bbox 1162 1649 1220 1720; x_wconf 91' lang='lat' dir='ltr'><strong>sic,</strong></span> <span class='ocrx_word' id='word_1_104' title='bbox 1243 1650 1302 1712; x_wconf 81' lang='lat' dir='ltr'><strong>‘est</strong></span> <span class='ocrx_word' id='word_1_105' title='bbox 1324 1647 1429 1711; x_wconf 88' lang='lat' dir='ltr'><strong>celer’.</strong></span> <span class='ocrx_word' id='word_1_106' title='bbox 1475 1651 1547 1712; x_wconf 87' lang='lat' dir='ltr'><strong>iteur</strong></span> 
     </span>
     <span class='ocr_line' id='line_1_15' title="bbox 666 1743 1358 1832; baseline 0.013 -25"><span class='ocrx_word' id='word_1_107' title='bbox 666 1743 800 1810; x_wconf 86' lang='lat' dir='ltr'><strong>beatus</strong></span> <span class='ocrx_word' id='word_1_108' title='bbox 823 1745 890 1810; x_wconf 92' lang='lat' dir='ltr'><strong>ille</strong></span> <span class='ocrx_word' id='word_1_109' title='bbox 912 1751 976 1831; x_wconf 82' lang='lat' dir='ltr'><strong>qui</strong></span> <span class='ocrx_word' id='word_1_110' title='bbox 1001 1749 1133 1830; x_wconf 90' lang='lat' dir='ltr'><strong>procul</strong></span> <span class='ocrx_word' id='word_1_111' title='bbox 1158 1752 1358 1832; x_wconf 78' lang='lat' dir='ltr'><strong>negotiis:-</strong></span> 
     </span>
     <span class='ocr_line' id='line_1_16' title="bbox 342 1847 1663 1936; baseline 0.005 -26"><span class='ocrx_word' id='word_1_112' title='bbox 342 1847 411 1910; x_wconf 90' lang='lat' dir='ltr'><strong>huic</strong></span> <span class='ocrx_word' id='word_1_113' title='bbox 427 1849 565 1910; x_wconf 86' lang='lat' dir='ltr'><strong>trimetro</strong></span> <span class='ocrx_word' id='word_1_114' title='bbox 581 1849 606 1912; x_wconf 92' lang='lat' dir='ltr'><strong>si</strong></span> <span class='ocrx_word' id='word_1_115' title='bbox 622 1851 831 1931; x_wconf 89' lang='lat' dir='ltr'><strong>anteposueris</strong></span> <span class='ocrx_word' id='word_1_116' title='bbox 853 1852 1034 1922; x_wconf 81' lang='lat' dir='ltr'><strong>‘Socrates’,</strong></span> <span class='ocrx_word' id='word_1_117' title='bbox 1059 1856 1112 1936; x_wconf 89' lang='lat' dir='ltr'><strong>qui</strong></span> <span class='ocrx_word' id='word_1_118' title='bbox 1134 1863 1250 1918; x_wconf 90' lang='lat' dir='ltr'><strong>constat</strong></span> <span class='ocrx_word' id='word_1_119' title='bbox 1267 1853 1388 1936; x_wconf 76' lang='lat' dir='ltr'><strong>elonga</strong></span> <span class='ocrx_word' id='word_1_120' title='bbox 1413 1855 1497 1918; x_wconf 89' lang='lat' dir='ltr'><strong>brevi</strong></span> <span class='ocrx_word' id='word_1_121' title='bbox 1520 1863 1550 1918; x_wconf 91' lang='lat' dir='ltr'><strong>et</strong></span> <span class='ocrx_word' id='word_1_122' title='bbox 1563 1853 1663 1934; x_wconf 80' lang='lat' dir='ltr'><strong>longa,</strong></span> 
     </span>
     <span class='ocr_line' id='line_1_17' title="bbox 341 1951 1705 2039; baseline 0.009 -24"><span class='ocrx_word' id='word_1_123' title='bbox 341 1952 400 2015; x_wconf 89' lang='lat' dir='ltr'><strong>boc</strong></span> <span class='ocrx_word' id='word_1_124' title='bbox 429 1961 473 2014; x_wconf 91' lang='lat' dir='ltr'><strong>est</strong></span> <span class='ocrx_word' id='word_1_125' title='bbox 502 1951 756 2034; x_wconf 89' lang='lat' dir='ltr'><strong>amphimacrum,</strong></span> <span class='ocrx_word' id='word_1_126' title='bbox 791 1955 850 2016; x_wconf 92' lang='lat' dir='ltr'><strong>erit</strong></span> <span class='ocrx_word' id='word_1_127' title='bbox 878 1963 1071 2020; x_wconf 90' lang='lat' dir='ltr'><strong>tetrametrus</strong></span> <span class='ocrx_word' id='word_1_128' title='bbox 1099 1957 1302 2021; x_wconf 90' lang='lat' dir='ltr'><strong>archilochius</strong></span> <span class='ocrx_word' id='word_1_129' title='bbox 1332 1959 1543 2030; x_wconf 86' lang='lat' dir='ltr'><strong>catalecticus,</strong></span> <span class='ocrx_word' id='word_1_130' title='bbox 1572 1976 1662 2039; x_wconf 82' lang='lat' dir='ltr'><strong>quem</strong></span> <span class='ocrx_word' id='word_1_131' title='bbox 1680 1987 1705 2027; x_wconf 85' lang='lat' dir='ltr'><strong>rs</strong></span> 
     </span>
     <span class='ocr_line' id='line_1_18' title="bbox 342 2053 844 2136; baseline 0.008 -20"><span class='ocrx_word' id='word_1_132' title='bbox 342 2073 396 2116; x_wconf 91' lang='lat' dir='ltr'><strong>uos</strong></span> <span class='ocrx_word' id='word_1_133' title='bbox 421 2053 599 2136; x_wconf 79' lang='lat' dir='ltr'><strong>qtradratum</strong></span> <span class='ocrx_word' id='word_1_134' title='bbox 624 2057 764 2127; x_wconf 86' lang='lat' dir='ltr'><strong>dicimus,</strong></span> <span class='ocrx_word' id='word_1_135' title='bbox 789 2059 844 2130; x_wconf 90' lang='lat' dir='ltr'><strong>ita,</strong></span> 
     </span>
     <span class='ocr_line' id='line_1_19' title="bbox 649 2158 1356 2246; baseline 0.01 -24"><span class='ocrx_word' id='word_1_136' title='bbox 649 2159 790 2224; x_wconf 87' lang='lat' dir='ltr'><strong>Socrates</strong></span> <span class='ocrx_word' id='word_1_137' title='bbox 813 2158 918 2224; x_wconf 89' lang='lat' dir='ltr'><strong>beatus</strong></span> <span class='ocrx_word' id='word_1_138' title='bbox 941 2161 990 2225; x_wconf 90' lang='lat' dir='ltr'><strong>ilie</strong></span> <span class='ocrx_word' id='word_1_139' title='bbox 1012 2165 1064 2246; x_wconf 80' lang='lat' dir='ltr'><strong>qui</strong></span> <span class='ocrx_word' id='word_1_140' title='bbox 1088 2162 1195 2244; x_wconf 91' lang='lat' dir='ltr'><strong>procul</strong></span> <span class='ocrx_word' id='word_1_141' title='bbox 1219 2167 1356 2245; x_wconf 81' lang='lat' dir='ltr'><strong>negotiis.</strong></span> 
     </span>
    </p>

    <p class='ocr_par' dir='ltr' id='par_1_3' title="bbox 341 2251 1706 3700">
     <span class='ocr_line' id='line_1_20' title="bbox 343 2251 1663 2358; baseline 0.006 -34"><span class='ocrx_word' id='word_1_142' title='bbox 343 2261 424 2327; x_wconf 90' lang='lat' dir='ltr'><strong>bunc</strong></span> <span class='ocrx_word' id='word_1_143' title='bbox 445 2251 555 2326; x_wconf 84' lang='lat' dir='ltr'><strong>musici</strong></span> <span class='ocrx_word' id='word_1_144' title='bbox 578 2263 763 2326; x_wconf 91' lang='lat' dir='ltr'><strong>trochaicum</strong></span> <span class='ocrx_word' id='word_1_145' title='bbox 788 2261 949 2346; x_wconf 91' lang='lat' dir='ltr'><strong>appellant.</strong></span> <span class='ocrx_word' id='word_1_146' title='bbox 995 2286 1064 2329; x_wconf 91' lang='lat' dir='ltr'><strong>nam</strong></span> <span class='ocrx_word' id='word_1_147' title='bbox 1088 2286 1157 2330; x_wconf 91' lang='lat' dir='ltr'><strong>cum</strong></span> <span class='ocrx_word' id='word_1_148' title='bbox 1181 2269 1343 2348; x_wconf 87' lang='lat' dir='ltr'><strong>praecedat</strong></span> <span class='ocrx_word' id='word_1_149' title='bbox 1365 2268 1496 2333; x_wconf 89' lang='lat' dir='ltr'><strong>iambum</strong></span> <span class='ocrx_word' id='word_1_150' title='bbox 1524 2271 1663 2358; x_wconf 62' lang='lat' dir='ltr'><strong>creticus,</strong></span> 
     </span>
     <span class='ocr_line' id='line_1_21' title="bbox 342 2366 1665 2452; baseline 0.006 -24"><span class='ocrx_word' id='word_1_151' title='bbox 342 2366 477 2429; x_wconf 89' lang='lat' dir='ltr'><strong>detracta</strong></span> <span class='ocrx_word' id='word_1_152' title='bbox 500 2369 527 2430; x_wconf 92' lang='lat' dir='ltr'><strong>ei</strong></span> <span class='ocrx_word' id='word_1_153' title='bbox 551 2385 693 2450; x_wconf 89' lang='lat' dir='ltr'><strong>suprema</strong></span> <span class='ocrx_word' id='word_1_154' title='bbox 715 2367 804 2450; x_wconf 83' lang='lat' dir='ltr'><strong>longa</strong></span> <span class='ocrx_word' id='word_1_155' title='bbox 829 2378 858 2432; x_wconf 89' lang='lat' dir='ltr'><strong>et</strong></span> <span class='ocrx_word' id='word_1_156' title='bbox 880 2368 980 2433; x_wconf 87' lang='lat' dir='ltr'><strong>iambo</strong></span> <span class='ocrx_word' id='word_1_157' title='bbox 996 2369 1168 2452; x_wconf 86' lang='lat' dir='ltr'><strong>insequenti</strong></span> <span class='ocrx_word' id='word_1_158' title='bbox 1183 2371 1317 2444; x_wconf 88' lang='lat' dir='ltr'><strong>adiecta,</strong></span> <span class='ocrx_word' id='word_1_159' title='bbox 1342 2375 1437 2436; x_wconf 88' lang='lat' dir='ltr'><strong>versis</strong></span> <span class='ocrx_word' id='word_1_160' title='bbox 1458 2375 1489 2436; x_wconf 91' lang='lat' dir='ltr'><strong>in</strong></span> <span class='ocrx_word' id='word_1_161' title='bbox 1506 2372 1665 2436; x_wconf 84' lang='lat' dir='ltr'><strong>trochaeos</strong></span> 
     </span>
     <span class='ocr_line' id='line_1_22' title="bbox 341 2466 1705 2558; baseline 0.01 -25"><span class='ocrx_word' id='word_1_162' title='bbox 341 2468 465 2542; x_wconf 83' lang='lat' dir='ltr'><strong>iambis,</strong></span> <span class='ocrx_word' id='word_1_163' title='bbox 498 2466 510 2553; x_wconf 80' lang='grc' dir='ltr'><strong>ΙΙ</strong></span> <span class='ocrx_word' id='word_1_164' title='bbox 540 2468 710 2534; x_wconf 87' lang='lat' dir='ltr'><strong>trochaicus</strong></span> <span class='ocrx_word' id='word_1_165' title='bbox 749 2481 943 2536; x_wconf 89' lang='lat' dir='ltr'><strong>tetrametrus</strong></span> <span class='ocrx_word' id='word_1_166' title='bbox 977 2473 1168 2539; x_wconf 87' lang='lat' dir='ltr'><strong>catalecticus</strong></span> <span class='ocrx_word' id='word_1_167' title='bbox 1209 2475 1367 2538; x_wconf 90' lang='lat' dir='ltr'><strong>ellicietur.</strong></span> <span class='ocrx_word' id='word_1_168' title='bbox 1427 2485 1544 2558; x_wconf 89' lang='lat' dir='ltr'><strong>septem</strong></span> <span class='ocrx_word' id='word_1_169' title='bbox 1583 2478 1705 2546; x_wconf 77' lang='lat' dir='ltr'><strong>enimse</strong></span> 
     </span>
     <span class='ocr_line' id='line_1_23' title="bbox 343 2572 1664 2665; baseline 0.007 -32"><span class='ocrx_word' id='word_1_170' title='bbox 343 2572 494 2636; x_wconf 86' lang='lat' dir='ltr'><strong>trochaeis</strong></span> <span class='ocrx_word' id='word_1_171' title='bbox 517 2573 654 2637; x_wconf 87' lang='lat' dir='ltr'><strong>decursis</strong></span> <span class='ocrx_word' id='word_1_172' title='bbox 677 2575 787 2638; x_wconf 87' lang='lat' dir='ltr'><strong>extima</strong></span> <span class='ocrx_word' id='word_1_173' title='bbox 810 2577 935 2665; x_wconf 82' lang='lat' dir='ltr'><strong>omnino</strong></span> <span class='ocrx_word' id='word_1_174' title='bbox 959 2579 1060 2640; x_wconf 86' lang='lat' dir='ltr'><strong>versui</strong></span> <span class='ocrx_word' id='word_1_175' title='bbox 1082 2587 1222 2661; x_wconf 85' lang='lat' dir='ltr'><strong>superest</strong></span> <span class='ocrx_word' id='word_1_176' title='bbox 1249 2576 1360 2661; x_wconf 76' lang='lat' dir='ltr'><strong>syllaba</strong></span> <span class='ocrx_word' id='word_1_177' title='bbox 1384 2599 1440 2662; x_wconf 90' lang='lat' dir='ltr'><strong>per</strong></span> <span class='ocrx_word' id='word_1_178' title='bbox 1462 2580 1664 2644; x_wconf 90' lang='lat' dir='ltr'><strong>adiectionem</strong></span> 
     </span>
     <span class='ocr_line' id='line_1_24' title="bbox 342 2674 1665 2762; baseline 0.005 -23"><span class='ocrx_word' id='word_1_179' title='bbox 342 2675 551 2759; x_wconf 87' lang='lat' dir='ltr'><strong>arnplrimacri.</strong></span> <span class='ocrx_word' id='word_1_180' title='bbox 596 2687 627 2741; x_wconf 88' lang='lat' dir='ltr'><strong>at</strong></span> <span class='ocrx_word' id='word_1_181' title='bbox 653 2681 680 2742; x_wconf 89' lang='lat' dir='ltr'><strong>si</strong></span> <span class='ocrx_word' id='word_1_182' title='bbox 702 2698 757 2762; x_wconf 91' lang='lat' dir='ltr'><strong>per</strong></span> <span class='ocrx_word' id='word_1_183' title='bbox 780 2679 923 2760; x_wconf 88' lang='lat' dir='ltr'><strong>dipodiau</strong></span> <span class='ocrx_word' id='word_1_184' title='bbox 955 2674 1102 2744; x_wconf 80' lang='lat' dir='ltr'><strong>scandere</strong></span> <span class='ocrx_word' id='word_1_185' title='bbox 1126 2679 1272 2753; x_wconf 77' lang='lat' dir='ltr'><strong>volueris,</strong></span> <span class='ocrx_word' id='word_1_186' title='bbox 1302 2683 1362 2746; x_wconf 89' lang='lat' dir='ltr'><strong>erit</strong></span> <span class='ocrx_word' id='word_1_187' title='bbox 1390 2682 1469 2747; x_wconf 92' lang='lat' dir='ltr'><strong>idem</strong></span> <span class='ocrx_word' id='word_1_188' title='bbox 1495 2683 1665 2747; x_wconf 85' lang='lat' dir='ltr'><strong>trochaicus</strong></span> 
     </span>
     <span class='ocr_line' id='line_1_25' title="bbox 343 2779 1663 2870; baseline 0.006 -28"><span class='ocrx_word' id='word_1_189' title='bbox 343 2779 536 2843; x_wconf 90' lang='lat' dir='ltr'><strong>catalecticus</strong></span> <span class='ocrx_word' id='word_1_190' title='bbox 555 2780 805 2846; x_wconf 88' lang='lat' dir='ltr'><strong>concludentibus</strong></span> <span class='ocrx_word' id='word_1_191' title='bbox 819 2802 938 2848; x_wconf 91' lang='lat' dir='ltr'><strong>rersnm</strong></span> <span class='ocrx_word' id='word_1_192' title='bbox 951 2785 1016 2848; x_wconf 91' lang='lat' dir='ltr'><strong>eius</strong></span> <span class='ocrx_word' id='word_1_193' title='bbox 1030 2787 1116 2849; x_wconf 85' lang='lat' dir='ltr'><strong>modi</strong></span> <span class='ocrx_word' id='word_1_194' title='bbox 1131 2783 1336 2866; x_wconf 88' lang='lat' dir='ltr'><strong>amphimacro</strong></span> <span class='ocrx_word' id='word_1_195' title='bbox 1351 2785 1395 2850; x_wconf 86' lang='lat' dir='ltr'><strong>rel</strong></span> <span class='ocrx_word' id='word_1_196' title='bbox 1409 2787 1535 2870; x_wconf 80' lang='lat' dir='ltr'><strong>dactylo.</strong></span> <span class='ocrx_word' id='word_1_197' title='bbox 1560 2797 1663 2851; x_wconf 89' lang='lat' dir='ltr'><strong>contra</strong></span> 
     </span>
     <span class='ocr_line' id='line_1_26' title="bbox 342 2883 1665 2975; baseline 0.006 -29"><span class='ocrx_word' id='word_1_198' title='bbox 342 2883 366 2946; x_wconf 86' lang='lat' dir='ltr'><strong>si</strong></span> <span class='ocrx_word' id='word_1_199' title='bbox 396 2883 551 2966; x_wconf 89' lang='lat' dir='ltr'><strong>spondeus</strong></span> <span class='ocrx_word' id='word_1_200' title='bbox 580 2887 692 2949; x_wconf 89' lang='lat' dir='ltr'><strong>cretico</strong></span> <span class='ocrx_word' id='word_1_201' title='bbox 729 2885 776 2970; x_wconf 93' lang='lat' dir='ltr'><strong>[ut</strong></span> <span class='ocrx_word' id='word_1_202' title='bbox 805 2887 924 2951; x_wconf 89' lang='lat' dir='ltr'><strong>iambus</strong></span> <span class='ocrx_word' id='word_1_203' title='bbox 954 2883 1127 2975; x_wconf 90' lang='lat' dir='ltr'><strong>trochaeus]</strong></span> <span class='ocrx_word' id='word_1_204' title='bbox 1164 2889 1377 2961; x_wconf 89' lang='lat' dir='ltr'><strong>subnectatur,</strong></span> <span class='ocrx_word' id='word_1_205' title='bbox 1413 2892 1461 2952; x_wconf 93' lang='lat' dir='ltr'><strong>cui</strong></span> <span class='ocrx_word' id='word_1_206' title='bbox 1488 2891 1601 2973; x_wconf 90' lang='lat' dir='ltr'><strong>prima,</strong></span> <span class='ocrx_word' id='word_1_207' title='bbox 1632 2900 1665 2954; x_wconf 94' lang='lat' dir='ltr'><strong>nt</strong></span> 
     </span>
     <span class='ocr_line' id='line_1_27' title="bbox 343 2987 1706 3077; baseline 0.004 -28"><span class='ocrx_word' id='word_1_208' title='bbox 343 2989 484 3068; x_wconf 90' lang='lat' dir='ltr'><strong>superius</strong></span> <span class='ocrx_word' id='word_1_209' title='bbox 507 2987 680 3062; x_wconf 90' lang='lat' dir='ltr'><strong>docuimus,</strong></span> <span class='ocrx_word' id='word_1_210' title='bbox 705 2992 737 3054; x_wconf 93' lang='lat' dir='ltr'><strong>in</strong></span> <span class='ocrx_word' id='word_1_211' title='bbox 753 2990 891 3054; x_wconf 89' lang='lat' dir='ltr'><strong>iambicis</strong></span> <span class='ocrx_word' id='word_1_212' title='bbox 907 2992 994 3055; x_wconf 90' lang='lat' dir='ltr'><strong>sedes</strong></span> <span class='ocrx_word' id='word_1_213' title='bbox 1010 3001 1055 3054; x_wconf 91' lang='lat' dir='ltr'><strong>est</strong></span> <span class='ocrx_word' id='word_1_214' title='bbox 1078 2991 1210 3073; x_wconf 84' lang='lat' dir='ltr'><strong>(semper</strong></span> <span class='ocrx_word' id='word_1_215' title='bbox 1226 2993 1306 3056; x_wconf 88' lang='lat' dir='ltr'><strong>enirn</strong></span> <span class='ocrx_word' id='word_1_216' title='bbox 1326 3003 1441 3058; x_wconf 90' lang='lat' dir='ltr'><strong>remoto</strong></span> <span class='ocrx_word' id='word_1_217' title='bbox 1458 2992 1664 3077; x_wconf 91' lang='lat' dir='ltr'><strong>amphimacro</strong></span> <span class='ocrx_word' id='word_1_218' title='bbox 1679 3023 1706 3064; x_wconf 72' lang='lat'><strong>25</strong></span> 
     </span>
     <span class='ocr_line' id='line_1_28' title="bbox 344 3092 1663 3181; baseline 0.005 -27"><span class='ocrx_word' id='word_1_219' title='bbox 344 3092 472 3174; x_wconf 91' lang='lat' dir='ltr'><strong>primum</strong></span> <span class='ocrx_word' id='word_1_220' title='bbox 498 3093 619 3155; x_wconf 89' lang='lat' dir='ltr'><strong>tertimn</strong></span> <span class='ocrx_word' id='word_1_221' title='bbox 644 3102 674 3154; x_wconf 90' lang='lat' dir='ltr'><strong>et</strong></span> <span class='ocrx_word' id='word_1_222' title='bbox 695 3095 834 3175; x_wconf 86' lang='lat' dir='ltr'><strong>quintum</strong></span> <span class='ocrx_word' id='word_1_223' title='bbox 858 3095 973 3158; x_wconf 79' lang='lat' dir='ltr'><strong>obtinet</strong></span> <span class='ocrx_word' id='word_1_224' title='bbox 996 3094 1115 3172; x_wconf 86' lang='lat' dir='ltr'><strong>locum),</strong></span> <span class='ocrx_word' id='word_1_225' title='bbox 1140 3097 1235 3159; x_wconf 89' lang='lat' dir='ltr'><strong>series</strong></span> <span class='ocrx_word' id='word_1_226' title='bbox 1258 3094 1309 3159; x_wconf 89' lang='lat' dir='ltr'><strong>illa</strong></span> <span class='ocrx_word' id='word_1_227' title='bbox 1332 3097 1450 3180; x_wconf 83' lang='lat' dir='ltr'><strong>deque</strong></span> <span class='ocrx_word' id='word_1_228' title='bbox 1473 3117 1565 3181; x_wconf 88' lang='lat' dir='ltr'><strong>supra</strong></span> <span class='ocrx_word' id='word_1_229' title='bbox 1589 3098 1663 3160; x_wconf 81' lang='lat' dir='ltr'><strong>diri·</strong></span> 
     </span>
     <span class='ocr_line' id='line_1_29' title="bbox 345 3195 1665 3284; baseline 0.005 -27"><span class='ocrx_word' id='word_1_230' title='bbox 345 3214 413 3257; x_wconf 87' lang='lat' dir='ltr'><strong>rnus</strong></span> <span class='ocrx_word' id='word_1_231' title='bbox 437 3197 571 3259; x_wconf 88' lang='lat' dir='ltr'><strong>trochaei</strong></span> <span class='ocrx_word' id='word_1_232' title='bbox 595 3195 771 3259; x_wconf 89' lang='lat' dir='ltr'><strong>mutabitur.</strong></span> <span class='ocrx_word' id='word_1_233' title='bbox 819 3218 887 3261; x_wconf 94' lang='lat' dir='ltr'><strong>nam</strong></span> <span class='ocrx_word' id='word_1_234' title='bbox 911 3197 999 3280; x_wconf 82' lang='lat' dir='ltr'><strong>longa</strong></span> <span class='ocrx_word' id='word_1_235' title='bbox 1023 3201 1128 3262; x_wconf 89' lang='lat' dir='ltr'><strong>cretici</strong></span> <span class='ocrx_word' id='word_1_236' title='bbox 1152 3201 1239 3263; x_wconf 86' lang='lat' dir='ltr'><strong>tertia</strong></span> <span class='ocrx_word' id='word_1_237' title='bbox 1256 3203 1414 3263; x_wconf 87' lang='lat' dir='ltr'><strong>coniuncta</strong></span> <span class='ocrx_word' id='word_1_238' title='bbox 1438 3200 1496 3264; x_wconf 89' lang='lat' dir='ltr'><strong>sibi</strong></span> <span class='ocrx_word' id='word_1_239' title='bbox 1519 3210 1665 3284; x_wconf 87' lang='lat' dir='ltr'><strong>sequente</strong></span> 
     </span>
     <span class='ocr_line' id='line_1_30' title="bbox 344 3297 1666 3388; baseline 0.006 -28"><span class='ocrx_word' id='word_1_240' title='bbox 344 3297 432 3378; x_wconf 84' lang='lat' dir='ltr'><strong>longa</strong></span> <span class='ocrx_word' id='word_1_241' title='bbox 446 3299 622 3372; x_wconf 85' lang='lat' dir='ltr'><strong>trochaeos,</strong></span> <span class='ocrx_word' id='word_1_242' title='bbox 640 3308 779 3384; x_wconf 90' lang='lat' dir='ltr'><strong>utsupra</strong></span> <span class='ocrx_word' id='word_1_243' title='bbox 795 3303 996 3376; x_wconf 87' lang='lat' dir='ltr'><strong>ostendimus,</strong></span> <span class='ocrx_word' id='word_1_244' title='bbox 1018 3321 1073 3384; x_wconf 92' lang='lat' dir='ltr'><strong>per</strong></span> <span class='ocrx_word' id='word_1_245' title='bbox 1090 3304 1226 3367; x_wconf 90' lang='lat' dir='ltr'><strong>ordinem</strong></span> <span class='ocrx_word' id='word_1_246' title='bbox 1243 3305 1288 3366; x_wconf 92' lang='lat' dir='ltr'><strong>ire</strong></span> <span class='ocrx_word' id='word_1_247' title='bbox 1305 3322 1365 3366; x_wconf 91' lang='lat' dir='ltr'><strong>nou</strong></span> <span class='ocrx_word' id='word_1_248' title='bbox 1382 3308 1505 3387; x_wconf 89' lang='lat' dir='ltr'><strong>patitur,</strong></span> <span class='ocrx_word' id='word_1_249' title='bbox 1530 3305 1666 3388; x_wconf 91' lang='lat' dir='ltr'><strong>spondeo</strong></span> 
     </span>
     <span class='ocr_line' id='line_1_31' title="bbox 344 3401 1665 3490; baseline 0.003 -24"><span class='ocrx_word' id='word_1_250' title='bbox 344 3401 460 3466; x_wconf 89' lang='lat' dir='ltr'><strong>scilicet</strong></span> <span class='ocrx_word' id='word_1_251' title='bbox 482 3403 716 3476; x_wconf 87' lang='lat' dir='ltr'><strong>interveniente,</strong></span> <span class='ocrx_word' id='word_1_252' title='bbox 740 3406 846 3487; x_wconf 84' lang='lat' dir='ltr'><strong>quiin</strong></span> <span class='ocrx_word' id='word_1_253' title='bbox 869 3406 999 3469; x_wconf 90' lang='lat' dir='ltr'><strong>iambico</strong></span> <span class='ocrx_word' id='word_1_254' title='bbox 1024 3424 1110 3468; x_wconf 89' lang='lat' dir='ltr'><strong>rersu</strong></span> <span class='ocrx_word' id='word_1_255' title='bbox 1134 3405 1245 3488; x_wconf 89' lang='lat' dir='ltr'><strong>dispari</strong></span> <span class='ocrx_word' id='word_1_256' title='bbox 1270 3406 1344 3480; x_wconf 92' lang='lat' dir='ltr'><strong>loco,</strong></span> <span class='ocrx_word' id='word_1_257' title='bbox 1369 3410 1400 3470; x_wconf 93' lang='lat' dir='ltr'><strong>in</strong></span> <span class='ocrx_word' id='word_1_258' title='bbox 1425 3407 1581 3472; x_wconf 87' lang='lat' dir='ltr'><strong>trochaico</strong></span> <span class='ocrx_word' id='word_1_259' title='bbox 1598 3410 1665 3490; x_wconf 86' lang='lat' dir='ltr'><strong>pari</strong></span> 
     </span>
     <span class='ocr_line' id='line_1_32' title="bbox 345 3508 1706 3592; baseline 0.006 -25"><span class='ocrx_word' id='word_1_260' title='bbox 345 3508 479 3586; x_wconf 87' lang='lat' dir='ltr'><strong>ponitur.</strong></span> <span class='ocrx_word' id='word_1_261' title='bbox 524 3523 596 3569; x_wconf 88' lang='lat' dir='ltr'><strong>sane</strong></span> <span class='ocrx_word' id='word_1_262' title='bbox 624 3509 798 3572; x_wconf 89' lang='lat' dir='ltr'><strong>memineris</strong></span> <span class='ocrx_word' id='word_1_263' title='bbox 827 3512 961 3592; x_wconf 85' lang='lat' dir='ltr'><strong>quinque</strong></span> <span class='ocrx_word' id='word_1_264' title='bbox 990 3508 1120 3591; x_wconf 77' lang='lat' dir='ltr'><strong>syllabas</strong></span> <span class='ocrx_word' id='word_1_265' title='bbox 1152 3508 1259 3572; x_wconf 82' lang='lat' dir='ltr'><strong>breves</strong></span> <span class='ocrx_word' id='word_1_266' title='bbox 1288 3513 1319 3574; x_wconf 90' lang='lat' dir='ltr'><strong>in</strong></span> <span class='ocrx_word' id='word_1_267' title='bbox 1349 3511 1437 3573; x_wconf 91' lang='lat' dir='ltr'><strong>huius</strong></span> <span class='ocrx_word' id='word_1_268' title='bbox 1467 3513 1548 3576; x_wconf 85' lang='lat' dir='ltr'><strong>modi</strong></span> <span class='ocrx_word' id='word_1_269' title='bbox 1576 3531 1706 3582; x_wconf 65' lang='lat' dir='ltr'><strong>versum</strong></span> 
     </span>
     <span class='ocr_line' id='line_1_33' title="bbox 344 3611 1700 3700; baseline 0.007 -30"><span class='ocrx_word' id='word_1_270' title='bbox 344 3627 434 3692; x_wconf 92' lang='lat' dir='ltr'><strong>posse</strong></span> <span class='ocrx_word' id='word_1_271' title='bbox 458 3629 513 3692; x_wconf 94' lang='lat' dir='ltr'><strong>pro</strong></span> <span class='ocrx_word' id='word_1_272' title='bbox 538 3629 598 3673; x_wconf 89' lang='lat' dir='ltr'><strong>uno</strong></span> <span class='ocrx_word' id='word_1_273' title='bbox 622 3613 734 3674; x_wconf 91' lang='lat' dir='ltr'><strong>cretico</strong></span> <span class='ocrx_word' id='word_1_274' title='bbox 758 3613 845 3694; x_wconf 91' lang='lat' dir='ltr'><strong>poni,</strong></span> <span class='ocrx_word' id='word_1_275' title='bbox 869 3612 921 3676; x_wconf 93' lang='lat' dir='ltr'><strong>sed</strong></span> <span class='ocrx_word' id='word_1_276' title='bbox 945 3631 1015 3676; x_wconf 89' lang='lat' dir='ltr'><strong>raro</strong></span> <span class='ocrx_word' id='word_1_277' title='bbox 1038 3611 1207 3676; x_wconf 90' lang='lat' dir='ltr'><strong>admodum.</strong></span> <span class='ocrx_word' id='word_1_278' title='bbox 1695 3692 1700 3700; x_wconf 24' lang='lat'>⁵</span> 
     </span>
    </p>

    <p class='ocr_par' dir='ltr' id='par_1_4' title="bbox 346 3712 1664 3904">
     <span class='ocr_line' id='line_1_34' title="bbox 432 3712 1664 3801; baseline 0.006 -26"><span class='ocrx_word' id='word_1_279' title='bbox 432 3712 465 3775; x_wconf 94' lang='lat' dir='ltr'><strong>ln</strong></span> <span class='ocrx_word' id='word_1_280' title='bbox 489 3715 612 3778; x_wconf 89' lang='lat' dir='ltr'><strong>comicis</strong></span> <span class='ocrx_word' id='word_1_281' title='bbox 635 3723 734 3778; x_wconf 90' lang='lat' dir='ltr'><strong>autem</strong></span> <span class='ocrx_word' id='word_1_282' title='bbox 759 3733 818 3778; x_wconf 90' lang='lat' dir='ltr'><strong>non</strong></span> <span class='ocrx_word' id='word_1_283' title='bbox 841 3716 1008 3779; x_wconf 90' lang='lat' dir='ltr'><strong>succedunt</strong></span> <span class='ocrx_word' id='word_1_284' title='bbox 1030 3736 1085 3779; x_wconf 91' lang='lat' dir='ltr'><strong>nec</strong></span> <span class='ocrx_word' id='word_1_285' title='bbox 1101 3715 1281 3800; x_wconf 89' lang='lat' dir='ltr'><strong>copulantur</strong></span> <span class='ocrx_word' id='word_1_286' title='bbox 1296 3717 1427 3799; x_wconf 79' lang='lat' dir='ltr'><strong>syllabae</strong></span> <span class='ocrx_word' id='word_1_287' title='bbox 1443 3721 1664 3801; x_wconf 83' lang='lat' dir='ltr'><strong>insequentium</strong></span> 
     </span>
     <span class='ocr_line' id='line_1_35' title="bbox 346 3815 1664 3904; baseline 0.007 -27"><span class='ocrx_word' id='word_1_288' title='bbox 346 3815 456 3896; x_wconf 89' lang='lat' dir='ltr'><strong>pedum</strong></span> <span class='ocrx_word' id='word_1_289' title='bbox 479 3817 647 3899; x_wconf 89' lang='lat' dir='ltr'><strong>prioribus,</strong></span> <span class='ocrx_word' id='word_1_290' title='bbox 675 3827 834 3901; x_wconf 92' lang='lat' dir='ltr'><strong>utsupra,</strong></span> <span class='ocrx_word' id='word_1_291' title='bbox 865 3836 921 3881; x_wconf 88' lang='lat' dir='ltr'><strong>uec</strong></span> <span class='ocrx_word' id='word_1_292' title='bbox 945 3827 1099 3882; x_wconf 77' lang='lat' dir='ltr'><strong>mittantur</strong></span> <span class='ocrx_word' id='word_1_293' title='bbox 1121 3819 1230 3902; x_wconf 89' lang='lat' dir='ltr'><strong>pedes,</strong></span> <span class='ocrx_word' id='word_1_294' title='bbox 1261 3830 1294 3882; x_wconf 86' lang='lat' dir='ltr'><strong>ut</strong></span> <span class='ocrx_word' id='word_1_295' title='bbox 1316 3822 1346 3882; x_wconf 93' lang='lat' dir='ltr'><strong>in</strong></span> <span class='ocrx_word' id='word_1_296' title='bbox 1370 3823 1486 3902; x_wconf 79' lang='lat' dir='ltr'><strong>tragico</strong></span> <span class='ocrx_word' id='word_1_297' title='bbox 1509 3821 1664 3904; x_wconf 85' lang='lat' dir='ltr'><strong>quadrato,</strong></span> 
     </span>
    </p>
   </div>
   <div class='ocr_carea' id='block_1_3' title="bbox 344 4055 1667 4958">
    <p class='ocr_par' dir='ltr' id='par_1_5' title="bbox 344 4055 1667 4958">
     <span class='ocr_line' id='line_1_36' title="bbox 414 4055 1664 4131; baseline 0.002 -20"><span class='ocrx_word' id='word_1_298' title='bbox 414 4055 587 4127; x_wconf 73' lang='lat' dir='ltr'><strong>lphaselus]</strong></span> <span class='ocrx_word' id='word_1_299' title='bbox 606 4059 699 4110; x_wconf 83' lang='lat' dir='ltr'><strong>Catuli.</strong></span> <span class='ocrx_word' id='word_1_300' title='bbox 718 4061 772 4124; x_wconf 78' lang='lat' dir='ltr'><strong>d‚l</strong></span> <span class='ocrx_word' id='word_1_301' title='bbox 862 4060 891 4110; x_wconf 92' lang='grc'><strong>11</strong></span> <span class='ocrx_word' id='word_1_302' title='bbox 911 4060 972 4123; x_wconf 81' lang='lat' dir='ltr'><strong>quia</strong></span> <span class='ocrx_word' id='word_1_303' title='bbox 990 4059 1104 4110; x_wconf 84' lang='lat' dir='ltr'><strong>detractu</strong></span> <span class='ocrx_word' id='word_1_304' title='bbox 1122 4073 1139 4116; x_wconf 86' lang='grc' dir='ltr'><strong><em>ς</em></strong></span> <span class='ocrx_word' id='word_1_305' title='bbox 1157 4075 1208 4124; x_wconf 85' lang='lat' dir='ltr'><strong>qun</strong></span> <span class='ocrx_word' id='word_1_306' title='bbox 1226 4061 1341 4112; x_wconf 88' lang='lat' dir='ltr'><strong>detracta</strong></span> <span class='ocrx_word' id='word_1_307' title='bbox 1359 4063 1383 4112; x_wconf 98' lang='lat' dir='ltr'><em>A</em></span> <span class='ocrx_word' id='word_1_308' title='bbox 1398 4061 1423 4112; x_wconf 82' lang='lat' dir='ltr'><em>B</em></span> <span class='ocrx_word' id='word_1_309' title='bbox 1513 4064 1543 4114; x_wconf 86' lang='lat' dir='ltr'><strong>ta</strong></span> <span class='ocrx_word' id='word_1_310' title='bbox 1562 4060 1664 4131; x_wconf 85' lang='lat' dir='ltr'><strong>beatus]</strong></span> 
     </span>
     <span class='ocr_line' id='line_1_37' title="bbox 346 4127 1664 4197; baseline 0.002 -16"><span class='ocrx_word' id='word_1_311' title='bbox 346 4131 414 4183; x_wconf 83' lang='lat' dir='ltr'><strong>Hor.</strong></span> <span class='ocrx_word' id='word_1_312' title='bbox 434 4131 511 4196; x_wconf 89' lang='lat' dir='ltr'><strong>epod.</strong></span> <span class='ocrx_word' id='word_1_313' title='bbox 532 4131 600 4192; x_wconf 85' lang='grc'><strong>2,1.</strong></span> <span class='ocrx_word' id='word_1_314' title='bbox 629 4127 732 4181; x_wconf 83' lang='lat' dir='ltr'><strong>Terent.</strong></span> <span class='ocrx_word' id='word_1_315' title='bbox 752 4129 840 4180; x_wconf 60' lang='lat' dir='ltr'><strong>ellmrr.</strong></span> <span class='ocrx_word' id='word_1_316' title='bbox 859 4132 931 4181; x_wconf 78' lang='lat'><strong>2358</strong></span> <span class='ocrx_word' id='word_1_317' title='bbox 955 4129 1074 4197; x_wconf 83' lang='lat' dir='ltr'><strong>exempla</strong></span> <span class='ocrx_word' id='word_1_318' title='bbox 1098 4144 1208 4197; x_wconf 87' lang='lat' dir='ltr'><strong>ponam,</strong></span> <span class='ocrx_word' id='word_1_319' title='bbox 1230 4145 1298 4196; x_wconf 86' lang='lat' dir='ltr'><strong>quae</strong></span> <span class='ocrx_word' id='word_1_320' title='bbox 1320 4131 1420 4183; x_wconf 79' lang='lat' dir='ltr'><strong>locasse</strong></span> <span class='ocrx_word' id='word_1_321' title='bbox 1443 4131 1562 4183; x_wconf 76' lang='lat' dir='ltr'><strong>Caesium</strong></span> <span class='ocrx_word' id='word_1_322' title='bbox 1587 4131 1664 4183; x_wconf 84' lang='lat' dir='ltr'><strong>Libro</strong></span> 
     </span>
     <span class='ocr_line' id='line_1_38' title="bbox 345 4195 1664 4268; baseline 0.003 -19"><span class='ocrx_word' id='word_1_323' title='bbox 345 4201 443 4260; x_wconf 87' lang='lat' dir='ltr'><strong>notari,</strong></span> <span class='ocrx_word' id='word_1_324' title='bbox 463 4213 538 4262; x_wconf 73' lang='lat' dir='ltr'><strong>nerem</strong></span> <span class='ocrx_word' id='word_1_325' title='bbox 557 4197 628 4248; x_wconf 86' lang='lat' dir='ltr'><strong>dedit</strong></span> <span class='ocrx_word' id='word_1_326' title='bbox 647 4198 735 4248; x_wconf 90' lang='lat' dir='ltr'><strong>metris</strong></span> <span class='ocrx_word' id='word_1_327' title='bbox 754 4213 842 4265; x_wconf 83' lang='lat' dir='ltr'><strong>super,</strong></span> <span class='ocrx_word' id='word_1_328' title='bbox 867 4197 962 4249; x_wconf 87' lang='lat' dir='ltr'><strong>Beatus</strong></span> <span class='ocrx_word' id='word_1_329' title='bbox 981 4197 1022 4248; x_wconf 89' lang='lat' dir='ltr'><strong>ille</strong></span> <span class='ocrx_word' id='word_1_330' title='bbox 1041 4199 1084 4262; x_wconf 84' lang='lat' dir='ltr'><strong>qui</strong></span> <span class='ocrx_word' id='word_1_331' title='bbox 1104 4199 1193 4266; x_wconf 90' lang='lat' dir='ltr'><strong>procul</strong></span> <span class='ocrx_word' id='word_1_332' title='bbox 1215 4199 1326 4268; x_wconf 78' lang='lat' dir='ltr'><strong>negotiis</strong></span> <span class='ocrx_word' id='word_1_333' title='bbox 1408 4202 1439 4252; x_wconf 83' lang='lat' dir='ltr'><strong>iii</strong></span> <span class='ocrx_word' id='word_1_334' title='bbox 1457 4195 1620 4268; x_wconf 86' lang='lat' dir='ltr'><strong>amphimarr&#39;</strong></span> <span class='ocrx_word' id='word_1_335' title='bbox 1639 4202 1664 4253; x_wconf 86' lang='lat' dir='ltr'><em>A</em></span> 
     </span>
     <span class='ocr_line' id='line_1_39' title="bbox 344 4265 1665 4337; baseline 0.003 -19"><span class='ocrx_word' id='word_1_336' title='bbox 344 4267 526 4334; x_wconf 84' lang='lat' dir='ltr'><strong>amplrimaerir</strong></span> <span class='ocrx_word' id='word_1_337' title='bbox 548 4267 607 4318; x_wconf 80' lang='lat' dir='ltr'><strong>Vol.</strong></span> <span class='ocrx_word' id='word_1_338' title='bbox 625 4265 818 4333; x_wconf 88' lang='lat' dir='ltr'><strong>amphimacrus</strong></span> <span class='ocrx_word' id='word_1_339' title='bbox 836 4267 891 4323; x_wconf 63' lang='lat' dir='ltr'><strong>§B</strong></span> <span class='ocrx_word' id='word_1_340' title='bbox 975 4270 1005 4319; x_wconf 85' lang='grc'><strong>17</strong></span> <span class='ocrx_word' id='word_1_341' title='bbox 1026 4269 1137 4335; x_wconf 80' lang='lat' dir='ltr'><strong>negotiis</strong></span> <span class='ocrx_word' id='word_1_342' title='bbox 1157 4281 1174 4325; x_wconf 85' lang='grc' dir='ltr'><strong><em>ς</em></strong></span> <span class='ocrx_word' id='word_1_343' title='bbox 1192 4271 1297 4337; x_wconf 78' lang='lat' dir='ltr'><strong>rregotiu</strong></span> <span class='ocrx_word' id='word_1_344' title='bbox 1315 4268 1380 4321; x_wconf 85' lang='lat' dir='ltr'><strong>AB</strong></span> <span class='ocrx_word' id='word_1_345' title='bbox 1461 4269 1494 4321; x_wconf 82' lang='lat' dir='ltr'><strong>ta</strong></span> <span class='ocrx_word' id='word_1_346' title='bbox 1512 4284 1570 4320; x_wconf 87' lang='lat' dir='ltr'><strong>cum</strong></span> <span class='ocrx_word' id='word_1_347' title='bbox 1590 4285 1665 4336; x_wconf 85' lang='lat' dir='ltr'><strong>prae·</strong></span> 
     </span>
     <span class='ocr_line' id='line_1_40' title="bbox 344 4335 1666 4405; baseline 0.003 -19"><span class='ocrx_word' id='word_1_348' title='bbox 344 4337 419 4388; x_wconf 88' lang='lat' dir='ltr'><strong>cedat</strong></span> <span class='ocrx_word' id='word_1_349' title='bbox 432 4337 457 4388; x_wconf 87' lang='lat' dir='ltr'><em>B</em></span> <span class='ocrx_word' id='word_1_350' title='bbox 475 4337 533 4388; x_wconf 81' lang='lat' dir='ltr'><strong>Vel.</strong></span> <span class='ocrx_word' id='word_1_351' title='bbox 548 4349 564 4392; x_wconf 88' lang='grc' dir='ltr'><strong><em>ς</em></strong></span> <span class='ocrx_word' id='word_1_352' title='bbox 582 4351 641 4386; x_wconf 92' lang='lat' dir='ltr'><strong>cum</strong></span> <span class='ocrx_word' id='word_1_353' title='bbox 654 4335 730 4403; x_wconf 86' lang='lat' dir='ltr'><strong>appel</strong></span> <span class='ocrx_word' id='word_1_354' title='bbox 745 4336 842 4397; x_wconf 82' lang='lat' dir='ltr'><strong>(deleto</strong></span> <span class='ocrx_word' id='word_1_355' title='bbox 855 4355 876 4389; x_wconf 91' lang='lat' dir='ltr'><strong>u.</strong></span> <span class='ocrx_word' id='word_1_356' title='bbox 890 4337 977 4404; x_wconf 88' lang='lat' dir='ltr'><strong>appel.</strong></span> <span class='ocrx_word' id='word_1_357' title='bbox 991 4343 1018 4388; x_wconf 86' lang='lat' dir='ltr'><strong>et</strong></span> <span class='ocrx_word' id='word_1_358' title='bbox 1031 4339 1122 4388; x_wconf 82' lang='lat' dir='ltr'><strong>laeuae</strong></span> <span class='ocrx_word' id='word_1_359' title='bbox 1134 4339 1224 4404; x_wconf 77' lang='lat' dir='ltr'><strong>aipinti</strong></span> <span class='ocrx_word' id='word_1_360' title='bbox 1239 4339 1299 4402; x_wconf 78' lang='lat' dir='ltr'><strong>sere</strong></span> <span class='ocrx_word' id='word_1_361' title='bbox 1312 4339 1457 4389; x_wconf 82' lang='lat' dir='ltr'><strong>litterarum</strong></span> <span class='ocrx_word' id='word_1_362' title='bbox 1468 4337 1572 4404; x_wconf 82' lang='lat' dir='ltr'><strong>relicta)</strong></span> <span class='ocrx_word' id='word_1_363' title='bbox 1592 4353 1666 4405; x_wconf 86' lang='lat' dir='ltr'><strong>prse-</strong></span> 
     </span>
     <span class='ocr_line' id='line_1_41' title="bbox 344 4405 1665 4460; baseline 0.002 -4"><span class='ocrx_word' id='word_1_364' title='bbox 344 4406 418 4458; x_wconf 86' lang='lat' dir='ltr'><strong>cedet</strong></span> <span class='ocrx_word' id='word_1_365' title='bbox 437 4409 462 4458; x_wconf 87' lang='lat' dir='ltr'><em>A</em></span> <span class='ocrx_word' id='word_1_366' title='bbox 530 4409 560 4457; x_wconf 86' lang='lat' dir='ltr'><strong>ltt</strong></span> <span class='ocrx_word' id='word_1_367' title='bbox 579 4405 679 4456; x_wconf 90' lang='lat' dir='ltr'><strong>adiecta</strong></span> <span class='ocrx_word' id='word_1_368' title='bbox 692 4406 774 4456; x_wconf 84' lang='lat' dir='ltr'><strong>uersis</strong></span> <span class='ocrx_word' id='word_1_369' title='bbox 794 4406 818 4455; x_wconf 90' lang='lat' dir='ltr'><strong>in</strong></span> <span class='ocrx_word' id='word_1_370' title='bbox 839 4405 962 4458; x_wconf 86' lang='lat' dir='ltr'><strong>trochaeo</strong></span> <span class='ocrx_word' id='word_1_371' title='bbox 982 4406 1072 4458; x_wconf 78' lang='lat' dir='ltr'><strong>intubis</strong></span> <span class='ocrx_word' id='word_1_372' title='bbox 1092 4409 1117 4458; x_wconf 88' lang='lat' dir='ltr'><em>A</em></span> <span class='ocrx_word' id='word_1_373' title='bbox 1137 4407 1239 4458; x_wconf 87' lang='lat' dir='ltr'><strong>adiecta</strong></span> <span class='ocrx_word' id='word_1_374' title='bbox 1251 4409 1319 4460; x_wconf 91' lang='lat' dir='ltr'><strong>uersi</strong></span> <span class='ocrx_word' id='word_1_375' title='bbox 1333 4407 1386 4458; x_wconf 90' lang='lat' dir='ltr'><strong>sint</strong></span> <span class='ocrx_word' id='word_1_376' title='bbox 1399 4407 1518 4458; x_wconf 82' lang='lat' dir='ltr'><strong>trochaeo</strong></span> <span class='ocrx_word' id='word_1_377' title='bbox 1532 4407 1625 4459; x_wconf 87' lang='lat' dir='ltr'><strong>iambis</strong></span> <span class='ocrx_word' id='word_1_378' title='bbox 1639 4407 1665 4458; x_wconf 92' lang='lat' dir='ltr'><em>B</em></span> 
     </span>
     <span class='ocr_line' id='line_1_42' title="bbox 345 4473 1665 4532; baseline 0.002 -7"><span class='ocrx_word' id='word_1_379' title='bbox 345 4475 446 4527; x_wconf 87' lang='lat' dir='ltr'><strong>adiecto</strong></span> <span class='ocrx_word' id='word_1_380' title='bbox 466 4477 550 4525; x_wconf 77' lang='lat' dir='ltr'><strong>tressis</strong></span> <span class='ocrx_word' id='word_1_381' title='bbox 568 4475 593 4524; x_wconf 92' lang='lat' dir='ltr'><strong>in</strong></span> <span class='ocrx_word' id='word_1_382' title='bbox 614 4473 750 4525; x_wconf 81' lang='lat' dir='ltr'><strong>trochaeos</strong></span> <span class='ocrx_word' id='word_1_383' title='bbox 769 4475 896 4532; x_wconf 69' lang='lat' dir='ltr'><strong>iambisc</strong></span> <span class='ocrx_word' id='word_1_384' title='bbox 961 4477 994 4528; x_wconf 78' lang='lat'><strong>23</strong></span> <span class='ocrx_word' id='word_1_385' title='bbox 1013 4475 1082 4526; x_wconf 90' lang='lat' dir='ltr'><strong>modi</strong></span> <span class='ocrx_word' id='word_1_386' title='bbox 1101 4477 1257 4532; x_wconf 62' lang='lat' dir='ltr'><strong>amane</strong></span> <span class='ocrx_word' id='word_1_387' title='bbox 1326 4477 1360 4528; x_wconf 76' lang='lat'><strong>24</strong></span> <span class='ocrx_word' id='word_1_388' title='bbox 1378 4476 1525 4528; x_wconf 88' lang='lat' dir='ltr'><strong>utiambus</strong></span> <span class='ocrx_word' id='word_1_389' title='bbox 1545 4476 1665 4528; x_wconf 89' lang='lat' dir='ltr'><strong>trocheu-</strong></span> 
     </span>
     <span class='ocr_line' id='line_1_43' title="bbox 346 4539 1664 4604; baseline 0.002 -9"><span class='ocrx_word' id='word_1_390' title='bbox 346 4546 514 4596; x_wconf 88' lang='lat' dir='ltr'><strong>snbnectatur</strong></span> <span class='ocrx_word' id='word_1_391' title='bbox 537 4546 561 4595; x_wconf 91' lang='lat' dir='ltr'><em>A</em></span> <span class='ocrx_word' id='word_1_392' title='bbox 593 4539 624 4594; x_wconf 90' lang='lat' dir='ltr'><strong>ut&#39;</strong></span> <span class='ocrx_word' id='word_1_393' title='bbox 642 4543 743 4594; x_wconf 87' lang='lat' dir='ltr'><strong>iambus</strong></span> <span class='ocrx_word' id='word_1_394' title='bbox 768 4543 887 4596; x_wconf 80' lang='lat' dir='ltr'><strong>trocheus</strong></span> <span class='ocrx_word' id='word_1_395' title='bbox 912 4546 1077 4594; x_wconf 88' lang='lat' dir='ltr'><strong>subnectatur</strong></span> <span class='ocrx_word' id='word_1_396' title='bbox 1096 4544 1121 4595; x_wconf 90' lang='lat' dir='ltr'><em>B</em></span> <span class='ocrx_word' id='word_1_397' title='bbox 1150 4557 1178 4597; x_wconf 92' lang='lat' dir='ltr'><strong>nt</strong></span> <span class='ocrx_word' id='word_1_398' title='bbox 1200 4546 1300 4598; x_wconf 87' lang='lat' dir='ltr'><strong>lumbus</strong></span> <span class='ocrx_word' id='word_1_399' title='bbox 1325 4545 1429 4597; x_wconf 87' lang='lat' dir='ltr'><strong>trocheo</strong></span> <span class='ocrx_word' id='word_1_400' title='bbox 1453 4547 1619 4598; x_wconf 84' lang='lat' dir='ltr'><strong>subnectatur</strong></span> <span class='ocrx_word' id='word_1_401' title='bbox 1637 4560 1664 4604; x_wconf 79' lang='grc' dir='ltr'><strong>ς,</strong></span> 
     </span>
     <span class='ocr_line' id='line_1_44' title="bbox 344 4613 1664 4683; baseline 0.004 -19"><span class='ocrx_word' id='word_1_402' title='bbox 344 4613 423 4666; x_wconf 85' lang='lat' dir='ltr'><strong>verda</strong></span> <span class='ocrx_word' id='word_1_403' title='bbox 446 4613 478 4666; x_wconf 84' lang='lat' dir='ltr'><strong>at</strong></span> <span class='ocrx_word' id='word_1_404' title='bbox 500 4613 548 4666; x_wconf 83' lang='lat' dir='ltr'><strong>hoc</strong></span> <span class='ocrx_word' id='word_1_405' title='bbox 574 4613 632 4665; x_wconf 86' lang='lat' dir='ltr'><strong>loeo</strong></span> <span class='ocrx_word' id='word_1_406' title='bbox 654 4615 740 4664; x_wconf 84' lang='lat' dir='ltr'><strong>aliena</strong></span> <span class='ocrx_word' id='word_1_407' title='bbox 763 4615 841 4666; x_wconf 82' lang='lat' dir='ltr'><strong>aden</strong></span> <span class='ocrx_word' id='word_1_408' title='bbox 860 4630 925 4681; x_wconf 78' lang='lat' dir='ltr'><strong>quoe</strong></span> <span class='ocrx_word' id='word_1_409' title='bbox 944 4615 1096 4666; x_wconf 84' lang='lat' dir='ltr'><strong>antecedunt</strong></span> <span class='ocrx_word' id='word_1_410' title='bbox 1119 4617 1145 4666; x_wconf 83' lang='lat' dir='ltr'><strong>ia</strong></span> <span class='ocrx_word' id='word_1_411' title='bbox 1167 4617 1282 4683; x_wconf 79' lang='lat' dir='ltr'><strong>mnrpiae</strong></span> <span class='ocrx_word' id='word_1_412' title='bbox 1303 4615 1440 4681; x_wconf 72' lang='lat' dir='ltr'><strong>adscripta</strong></span> <span class='ocrx_word' id='word_1_413' title='bbox 1461 4631 1518 4667; x_wconf 85' lang='lat' dir='ltr'><strong>esse</strong></span> <span class='ocrx_word' id='word_1_414' title='bbox 1536 4618 1664 4680; x_wconf 80' lang='lat' dir='ltr'><strong>videatur,</strong></span> 
     </span>
     <span class='ocr_line' id='line_1_45' title="bbox 347 4682 1667 4750; baseline 0.003 -17"><span class='ocrx_word' id='word_1_415' title='bbox 347 4691 375 4734; x_wconf 90' lang='lat' dir='ltr'><strong>nt</strong></span> <span class='ocrx_word' id='word_1_416' title='bbox 392 4685 515 4750; x_wconf 81' lang='lat' dir='ltr'><strong>scriptam</strong></span> <span class='ocrx_word' id='word_1_417' title='bbox 535 4683 618 4744; x_wconf 72' lang='lat' dir='ltr'><strong>suerit</strong></span> <span class='ocrx_word' id='word_1_418' title='bbox 639 4684 697 4734; x_wconf 85' lang='lat' dir='ltr'><strong>olim</strong></span> <span class='ocrx_word' id='word_1_419' title='bbox 715 4693 741 4732; x_wconf 90' lang='lat' dir='ltr'><strong>at</strong></span> <span class='ocrx_word' id='word_1_420' title='bbox 760 4683 781 4730; x_wconf 85' lang='lat' dir='ltr'><strong>si</strong></span> <span class='ocrx_word' id='word_1_421' title='bbox 802 4698 846 4749; x_wconf 89' lang='lat' dir='ltr'><strong>por·</strong></span> <span class='ocrx_word' id='word_1_422' title='bbox 864 4682 988 4748; x_wconf 86' lang='lat' dir='ltr'><strong>dipodian</strong></span> <span class='ocrx_word' id='word_1_423' title='bbox 1008 4683 1133 4736; x_wconf 87' lang='lat' dir='ltr'><strong>scandere</strong></span> <span class='ocrx_word' id='word_1_424' title='bbox 1150 4686 1263 4736; x_wconf 81' lang='lat' dir='ltr'><strong>uolneris</strong></span> <span class='ocrx_word' id='word_1_425' title='bbox 1283 4683 1418 4736; x_wconf 85' lang='lat' dir='ltr'><strong>trochaeos</strong></span> <span class='ocrx_word' id='word_1_426' title='bbox 1443 4696 1471 4736; x_wconf 89' lang='lat' dir='ltr'><strong>ut</strong></span> <span class='ocrx_word' id='word_1_427' title='bbox 1488 4685 1597 4746; x_wconf 87' lang='lat' dir='ltr'><strong>iambos,</strong></span> <span class='ocrx_word' id='word_1_428' title='bbox 1617 4687 1667 4738; x_wconf 89' lang='lat' dir='ltr'><strong>erit</strong></span> 
     </span>
     <span class='ocr_line' id='line_1_46' title="bbox 347 4750 1665 4820; baseline 0.005 -18"><span class='ocrx_word' id='word_1_429' title='bbox 347 4752 415 4802; x_wconf 90' lang='lat' dir='ltr'><strong>idem</strong></span> <span class='ocrx_word' id='word_1_430' title='bbox 436 4769 494 4820; x_wconf 78' lang='lat' dir='ltr'><strong>epp.</strong></span> <span class='ocrx_word' id='word_1_431' title='bbox 512 4751 548 4815; x_wconf 73' lang='lat' dir='ltr'><strong>cf.</strong></span> <span class='ocrx_word' id='word_1_432' title='bbox 571 4751 675 4803; x_wconf 80' lang='lat' dir='ltr'><strong>Terent.</strong></span> <span class='ocrx_word' id='word_1_433' title='bbox 695 4753 766 4802; x_wconf 79' lang='lat'><strong><em>2305</em></strong></span> <span class='ocrx_word' id='word_1_434' title='bbox 837 4754 870 4804; x_wconf 76' lang='lat'><strong>‘25</strong></span> <span class='ocrx_word' id='word_1_435' title='bbox 888 4751 964 4803; x_wconf 87' lang='lat' dir='ltr'><strong>sedes</strong></span> <span class='ocrx_word' id='word_1_436' title='bbox 983 4751 1038 4808; x_wconf 81' lang='grc' dir='ltr'><strong>ςΒ</strong></span> <span class='ocrx_word' id='word_1_437' title='bbox 1061 4753 1131 4805; x_wconf 89' lang='lat' dir='ltr'><strong>sedis</strong></span> <span class='ocrx_word' id='word_1_438' title='bbox 1150 4757 1174 4806; x_wconf 86' lang='lat' dir='ltr'><em>A</em></span> <span class='ocrx_word' id='word_1_439' title='bbox 1254 4750 1335 4820; x_wconf 86' lang='lat' dir='ltr'><strong>enim]</strong></span> <span class='ocrx_word' id='word_1_440' title='bbox 1360 4752 1424 4804; x_wconf 91' lang='lat' dir='ltr'><strong>nihil</strong></span> <span class='ocrx_word' id='word_1_441' title='bbox 1448 4753 1474 4804; x_wconf 89' lang='lat' dir='ltr'><em>B</em></span> <span class='ocrx_word' id='word_1_442' title='bbox 1552 4755 1586 4806; x_wconf 79' lang='lat'><strong>28</strong></span> <span class='ocrx_word' id='word_1_443' title='bbox 1608 4761 1665 4808; x_wconf 84' lang='lat' dir='ltr'><strong>tro·</strong></span> 
     </span>
     <span class='ocr_line' id='line_1_47' title="bbox 346 4819 1594 4888; baseline 0.005 -18"><span class='ocrx_word' id='word_1_444' title='bbox 346 4821 441 4872; x_wconf 87' lang='lat' dir='ltr'><strong>chaeos</strong></span> <span class='ocrx_word' id='word_1_445' title='bbox 461 4832 587 4888; x_wconf 87' lang='lat' dir='ltr'><strong>utsupra</strong></span> <span class='ocrx_word' id='word_1_446' title='bbox 606 4819 660 4876; x_wconf 83' lang='grc' dir='ltr'><strong>ςΒ</strong></span> <span class='ocrx_word' id='word_1_447' title='bbox 678 4820 800 4887; x_wconf 71' lang='lat' dir='ltr'><strong>trocheus</strong></span> <span class='ocrx_word' id='word_1_448' title='bbox 821 4833 946 4888; x_wconf 89' lang='lat' dir='ltr'><strong>utsupra</strong></span> <span class='ocrx_word' id='word_1_449' title='bbox 966 4821 990 4872; x_wconf 91' lang='lat' dir='ltr'><em>A</em></span> <span class='ocrx_word' id='word_1_450' title='bbox 1069 4823 1102 4874; x_wconf 79' lang='lat'><strong>29</strong></span> <span class='ocrx_word' id='word_1_451' title='bbox 1121 4823 1165 4886; x_wconf 81' lang='lat' dir='ltr'><strong>qui</strong></span> <span class='ocrx_word' id='word_1_452' title='bbox 1184 4823 1293 4874; x_wconf 85' lang='lat' dir='ltr'><strong>iambico</strong></span> <span class='ocrx_word' id='word_1_453' title='bbox 1313 4822 1368 4879; x_wconf 82' lang='grc' dir='ltr'><strong>ςΒ</strong></span> <span class='ocrx_word' id='word_1_454' title='bbox 1384 4823 1429 4888; x_wconf 89' lang='lat' dir='ltr'><strong>qni</strong></span> <span class='ocrx_word' id='word_1_455' title='bbox 1448 4822 1549 4876; x_wconf 88' lang='lat' dir='ltr'><strong>ambico</strong></span> <span class='ocrx_word' id='word_1_456' title='bbox 1570 4825 1594 4876; x_wconf 84' lang='lat' dir='ltr'><em>A</em></span> 
     </span>
     <span class='ocr_line' id='line_1_48' title="bbox 347 4889 1284 4958; baseline 0.003 -19"><span class='ocrx_word' id='word_1_457' title='bbox 347 4892 372 4940; x_wconf 88' lang='lat' dir='ltr'><strong>in</strong></span> <span class='ocrx_word' id='word_1_458' title='bbox 393 4889 522 4941; x_wconf 76' lang='lat' dir='ltr'><strong>rrrrchaico</strong></span> <span class='ocrx_word' id='word_1_459' title='bbox 542 4901 559 4946; x_wconf 87' lang='grc' dir='ltr'>ς</span> <span class='ocrx_word' id='word_1_460' title='bbox 577 4891 602 4939; x_wconf 91' lang='lat' dir='ltr'><strong>in</strong></span> <span class='ocrx_word' id='word_1_461' title='bbox 622 4889 726 4958; x_wconf 72' lang='lat' dir='ltr'><strong>trocheo</strong></span> <span class='ocrx_word' id='word_1_462' title='bbox 747 4889 808 4941; x_wconf 82' lang='lat' dir='ltr'><strong>AB</strong></span> <span class='ocrx_word' id='word_1_463' title='bbox 878 4893 911 4943; x_wconf 87' lang='grc'><strong>33</strong></span> <span class='ocrx_word' id='word_1_464' title='bbox 931 4889 1009 4957; x_wconf 89' lang='lat' dir='ltr'><strong>pedes</strong></span> <span class='ocrx_word' id='word_1_465' title='bbox 1029 4891 1054 4940; x_wconf 91' lang='lat' dir='ltr'><strong>iu</strong></span> <span class='ocrx_word' id='word_1_466' title='bbox 1075 4893 1172 4957; x_wconf 77' lang='lat' dir='ltr'><strong>tragico</strong></span> <span class='ocrx_word' id='word_1_467' title='bbox 1192 4895 1215 4942; x_wconf 90' lang='lat' dir='ltr'><em>A</em></span> <span class='ocrx_word' id='word_1_468' title='bbox 1233 4891 1284 4948; x_wconf 83' lang='grc' dir='ltr'><strong>Βς</strong></span> 
     </span>
    </p>
   </div>
   <div class='ocr_carea' id='block_1_4' title="bbox 0 0 1966 5564">
    <p class='ocr_par' dir='ltr' id='par_1_6' title="bbox 0 0 1966 5564">
     <span class='ocr_line' id='line_1_49' title="bbox 0 0 1966 5564; baseline 0 0"><span class='ocrx_word' id='word_1_469' title='bbox 0 0 1966 5564; x_wconf 95' lang='lat' dir='ltr'><strong> </strong></span> 
     </span>
    </p>
   </div>
  </div>
 </body>
</html>
