3906 5564
678 267 1244 360 sor.uunu.me.11112,1-ts
1294 253 1297 261 ¹
1539 295 1601 362 135
1683 285 1686 295 “
1724 284 1728 292 ’

298 409 319 451 p.
334 397 393 438 esis.
408 396 436 438 rs
450 395 473 440 r.
1403 409 1424 452 ῃ.
1440 399 1530 440 tri-as
1544 397 1570 442 c.

272 483 340 548 ideo
363 485 444 568 quod
467 505 528 550 nou
551 487 709 570 sesquipcs
731 485 855 568 aliquis,
885 488 913 550 td
944 496 989 552 est
1013 485 1199 570 trisyllabus,
1229 489 1422 569 anteponitur
1446 489 1594 562 trimetro,

273 589 324 672 qui
351 588 514 654 conturbet
542 591 696 664 ordinem,
732 599 883 674 utsupra
911 591 1112 663 ostendimus,
1143 591 1255 674 quippe
1283 592 1439 675 sesquipes
1469 599 1596 674 apparet

273 693 447 776 superlluus
470 704 539 776 post
562 697 734 759 trimetrum
757 697 787 760 in
811 694 929 758 ultimo.
974 697 1075 778 itaque
1099 703 1132 758 ut
1155 713 1257 758 uersus
1273 697 1408 776 hugicus
1424 697 1593 779 anteposito

272 796 455 880 sesquipede
477 817 514 861 er
538 799 676 862 trimetro
699 801 733 862 nt
756 808 965 873 tetrametrus,
989 801 1028 862 ita
1052 800 1186 864 counitus
1202 801 1338 882 apposito
1355 799 1539 883 sesquipede
1563 801 1594 862 in

234 924 247 966 s
272 899 375 964 ultima
398 900 470 964 sede
493 919 599 966 versus
622 901 756 985 adaeque
781 899 785 986 l
810 904 938 967 trimetri
961 901 1106 966 reddetur
1129 911 1337 982 tetrasticum,
1363 911 1396 966 ut

355 1019 361 1025 ·
467 1005 562 1086 siquis
584 1024 641 1088 per
663 1009 763 1070 omnis
786 1006 861 1068 mihi
884 1005 958 1071 deos
980 1007 1061 1071 iuret
1082 1013 1199 1087 patrem
1222 1005 1393 1071 Lachetem.

271 1109 302 1170 iu
324 1107 382 1172 hoc
412 1116 511 1172 autem
537 1129 624 1174 versu
654 1129 708 1192 per
731 1110 931 1173 adiectionem
955 1129 1016 1174 nou
1039 1117 1193 1174 mutantur
1216 1111 1323 1193 pedes,
1353 1113 1438 1175 utin
1464 1116 1590 1194 tragico,

270 1213 338 1295 quia
353 1214 511 1296 sesquipes
528 1213 651 1278 ultimae
666 1215 745 1296 parti
760 1215 882 1278 iunctus
897 1230 1005 1296 neque,
1030 1223 1062 1278 ut
1079 1216 1111 1276 in
1126 1213 1284 1296 superiore
1300 1221 1406 1287 metro,
1423 1217 1591 1298 permixtus

271 1314 433 1380 clausulam
450 1313 462 1402 l
479 1327 596 1382 tautum
612 1319 712 1381 versui
727 1316 821 1381 dabit.
860 1320 974 1398 tragico
990 1325 1089 1380 autem
1110 1318 1137 1380 si
1152 1316 1362 1400 sesquipedem
1378 1321 1591 1403 praeposueris

234 1420 442 1494 n‘amhtsm’,
466 1423 538 1493 erit,
563 1431 597 1485 ut
619 1421 767 1493 diximus,
791 1428 983 1486 tetrametrus
1007 1420 1215 1492 catalecticus,
1241 1429 1275 1483 ut
1664 1416 1674 1430 “

630 1524 704 1590 deos
726 1533 851 1608 penates
873 1526 923 1609 qui
943 1532 1086 1608 parentes
1101 1523 1228 1590 Thestii.

270 1629 421 1700 trimeter;
449 1637 626 1693 tetrameter
648 1638 749 1694 autem

515 1797 522 1812 ,
560 1731 692 1797 ambiam
716 1733 787 1798 deos
811 1739 934 1815 penates
956 1731 1008 1813 qui
1031 1740 1172 1814 parentes
1194 1732 1318 1797 Thestii.

353 1837 458 1918 ltaque
480 1846 514 1902 ut
536 1836 733 1902 drchilochus
749 1838 896 1902 creticum
919 1835 1049 1900 iambico
1066 1837 1203 1900 trimetro
1220 1839 1404 1920 praeposuit,
1429 1847 1462 1902 ut
1477 1841 1590 1904 iaceret

231 1959 255 2002 u
269 1946 479 2005 tetrametrum
503 1941 705 2014 trochaicum,
729 1943 770 2005 ita
794 1941 952 2024 Hipponax
976 1941 1114 2004 trimetro
1137 1939 1267 2004 iambico
1289 1940 1428 2004 ultimum
1452 1942 1589 2006 adiunxit

267 2043 478 2109 antibacchum
508 2064 544 2108 ex
572 2047 670 2128 prima
698 2046 784 2110 brcri
807 2043 906 2126 longis
929 2043 1059 2118 duabus,
1090 2053 1122 2106 ut
1145 2043 1259 2108 iaceret
1281 2053 1490 2110 tetrametrum
1513 2047 1588 2110 iam-

268 2135 367 2212 bicum
392 2149 554 2222 comicum,
584 2129 666 2213 νοιιὶι

593 2252 778 2336 trahuntque
801 2253 918 2331 maguis
941 2252 1058 2315 navitae
1080 2249 1264 2316 clamoribus

268 2357 418 2420 trimeter:
441 2356 520 2419 addo
544 2357 703 2428 ‘carinas',
732 2357 784 2420 ilet
812 2355 975 2437 quadratus
1001 2355 1209 2427 catalecticus,
1240 2359 1292 2438 qui
1317 2375 1352 2420 ex
1376 2355 1476 2419 iambo
1500 2368 1589 2421 natus

228 2459 303 2524 suad
328 2461 417 2524 linem
440 2477 561 2544 quoque
583 2461 664 2523 idem
687 2458 829 2524 monebit.
875 2479 944 2523 uam
974 2458 1044 2522 licet
1072 2458 1251 2523 antibaccho
1280 2459 1481 2542 compleatur,
1514 2461 1587 2524 nihil

266 2562 364 2627 oberit
385 2573 437 2628 aut
459 2563 566 2628 divisio
589 2573 640 2628 aut
662 2563 747 2647 pedis
769 2561 902 2646 copulati
924 2561 1063 2626 adiectio.
1108 2571 1240 2627 retracta
1264 2565 1376 2628 etenim
1405 2565 1492 2627 tertia
1523 2567 1587 2628 eius

265 2665 354 2750 longa
375 2653 455 2731 ¹‘nas’
478 2666 596 2731 iambus
620 2687 656 2732 ex
679 2665 859 2731 antibaccho
890 2666 1028 2731 elicitur.
1075 2684 1148 2748 ergo
1171 2668 1198 2730 is
1220 2683 1355 2750 quoque,
1386 2675 1418 2731 ut
1446 2672 1586 2751 superior

267 2772 453 2843 trochaicus,
477 2781 529 2835 out
551 2771 719 2854 semipede,
743 2769 773 2832 id
797 2777 841 2833 est
864 2768 977 2854 syllaba
999 2789 1074 2850 una,
1099 2770 1324 2844 terminabitur,
1347 2780 1397 2834 aut
1420 2775 1446 2835 si
1464 2791 1519 2855 per
1542 2773 1586 2836 di·

265 2873 374 2958 podtoo
398 2877 601 2958 percutiatur,
631 2884 700 2958 post
722 2875 843 2939 tertiam
866 2875 1046 2938 incisionem
1074 2873 1252 2939 antibaccho
1281 2873 1440 2940 claudente
1469 2879 1527 2940 erit
1554 2879 1584 2940 in

228 2989 393 3062 neutroque
410 2986 585 3042 tetrameter
601 2977 804 3042 catalecticus.
851 2977 993 3061 frequens
1009 2978 1068 3042 huc
1084 2979 1208 3042 comicis
1231 2987 1359 3042 metrum
1377 2987 1407 3042 et
1420 2982 1584 3064 praecipue

220 3071 225 3082 ’
265 3083 403 3166 autiquae
427 3082 600 3147 comoediae
615 3080 814 3162 scriptoribus
837 3083 934 3144 nostri
950 3100 1070 3165 quoque
1087 3081 1208 3146 Plautus
1230 3089 1261 3145 et
1276 3080 1423 3146 Caecilius
1446 3091 1476 3148 et
1506 3084 1584 3148 Tur·

265 3185 353 3267 pilius
381 3204 440 3250 non
464 3187 617 3269 aspernati
639 3193 726 3267 sunt,
755 3184 959 3250 stettanarom
989 3196 1090 3250 autem
1120 3188 1286 3269 scriptores
1314 3187 1538 3269 appetiverunt:
1556 3186 1568 3272 ΙΙ

265 3299 309 3353 est
337 3291 417 3354 enirn
446 3291 557 3354 iocosis
585 3287 717 3352 motibus
745 3287 911 3354 emollitum
940 3289 1134 3373 gestibusque
1168 3291 1322 3371 agentium
1357 3291 1429 3354 sotis
1465 3309 1582 3355 accom-

265 3393 426 3460 modatum.

227 3515 253 3556 so
349 3497 432 3561 idem
454 3496 653 3563 Archilochus
683 3517 719 3560 es
750 3498 888 3560 trimetro
911 3517 1003 3581 supra
1026 3497 1106 3560 dicto
1135 3497 1279 3579 syllabam
1305 3499 1469 3562 auterendo
1493 3499 1582 3564 modo

264 3603 401 3685 ecapite
430 3601 520 3664 modo
550 3620 586 3664 er
614 3602 715 3665 intima
747 3609 834 3682 parte
857 3600 917 3664 duo
947 3619 1059 3682 genera
1083 3591 1266 3682 composuit,
1295 3621 1424 3683 quorum
1453 3602 1581 3667 aiterum

264 3707 368 3770 Graeci
398 3697 590 3790 ἀκέφαλον,
619 3705 748 3769 alterum
777 3698 942 3786 solstitio,
973 3707 1057 3786 quasi
1086 3715 1221 3778 curtum,
1254 3707 1315 3768 sive
1339 3703 1520 3784 σκάζοντα,
1551 3709 1580 3771 itl

263 3819 307 3873 est
334 3809 491 3882 clauduro,
528 3809 574 3894 [et
600 3809 669 3872 ideo
696 3805 915 3890 choliambum]
952 3807 1102 3872 dixerunt.
1149 3809 1321 3892 exemplum
1360 3810 1495 3894 acephali
1528 3812 1580 3873 tri·

264 3915 350 3978 metri
373 3915 432 3977 erit

226 4046 251 4088 ³,
660 4015 797 4098 luppiter
819 4015 923 4080 salutis
946 3973 1060 4080 arbiter
1084 4035 1182 4087 meae,

261 4122 331 4185 item

227 4319 240 4346 t
329 4295 362 4347 14
382 4295 471 4359 itttqus
490 4304 517 4345 ut
535 4292 707 4346 Archilochus
725 4319 759 4332 -
780 4295 838 4360 tes,
852 4297 886 4347 30
903 4294 1065 4361 scripserunt
1087 4293 1190 4346 Terent.
1209 4293 1297 4346 Μοια.
1316 4296 1387 4345 2371
1394 4297 1502 4346 -2428

330 4471 341 4518 l
364 4482 416 4519 non
435 4471 573 4536 sesquipes
592 4480 610 4524 ς
629 4481 676 4518 nce
695 4467 877 4534 sesquipssA
904 4481 951 4517 nos
969 4465 1093 4531 sequipes
1111 4466 1139 4517 B
1207 4461 1352 4533 hquippe]
1372 4466 1468 4530 quique
1488 4467 1579 4524 ΑΒς

328 4547 489 4606 apparente
576 4539 592 4590 5
614 4537 699 4600 adque
716 4537 824 4587 trimetri
844 4537 868 4586 Α
896 4535 1013 4599 sdnequs
1031 4535 1198 4592 trimetruss
1224 4550 1301 4599 atque
1320 4537 1448 4586 trimetros
1468 4536 1493 4587 B

262 4609 385 4659 homnis
405 4609 430 4660 A
458 4621 548 4660 omues
567 4605 623 4663 ςΒ
710 4607 726 4657 8
749 4615 777 4655 ut
794 4607 930 4672 superiore
953 4601 1049 4662 ΑΒς
1131 4607 1252 4657 ouer-sm
1272 4604 1327 4660 ςΒ
1355 4608 1490 4656 uersnsA

264 4678 292 4729 11
314 4671 425 4740 Thestii]
445 4676 522 4728 thesti
541 4677 567 4728 Α
581 4675 607 4727 Β
625 4692 677 4726 uste
694 4677 790 4734 littero,
809 4681 837 4726 ιιι
854 4675 964 4738 uidetur,
983 4683 1044 4726 ante
1062 4690 1075 4724 s
1094 4676 1121 4725 tu
1139 4677 1164 4727 Α
1184 4676 1269 4726 deleto
1280 4672 1353 4724 Terei
1372 4687 1389 4730 ς
1463 4677 1494 4726 13
1513 4675 1579 4727 The·

262 4741 314 4808 stiil
335 4745 413 4798 theto
431 4745 495 4798 AB
512 4745 621 4803 ‘loreis
693 4745 725 4795 tt
743 4743 828 4794 iambo
848 4743 873 4795 B
948 4745 980 4798 18
998 4743 1086 4811 magui
1106 4743 1200 4800 ΑΒς
1274 4745 1307 4796 30
1327 4742 1404 4793 morlo
1423 4743 1510 4796 om.B

262 4815 294 4866 ³2
311 4811 399 4936 qualit]
419 4816 513 4881 quibus
533 4813 559 4865 B
612 4816 645 4868 33
663 4824 688 4864 et
706 4813 764 4864 ideo
786 4812 992 4866 decholinmbum
1011 4813 1133 4865 dixerunt
1151 4816 1176 4866 Α
1200 4822 1225 4864 et
1242 4811 1301 4864 ideo
1321 4809 1487 4880 χωλίαμβον
1505 4813 1579 4866 dixe-

263 4897 321 4935 root
338 4896 355 4942 ς
465 4883 610 4953 exemptum
630 4881 747 4949 acephali
766 4881 821 4950 §B
839 4883 986 4952 exemplum
1004 4881 1105 4952 cephali
1124 4884 1149 4935 A
