3904 5556
370 371 412 438 52
873 377 1190 432 uonnvrccoerm

397 489 419 530 p.
434 477 492 518 aena.
507 478 532 519 oo
546 477 569 521 e.
1509 496 1530 538 ρ.
1544 483 1621 526 os-ta
1635 481 1661 526 u.

371 566 442 646 (non
466 569 547 630 enim
571 565 659 630 modo
683 565 787 629 decern
811 566 918 640 habet,
943 569 1032 633 modo
1049 571 1203 642 undecim,
1228 570 1318 633 modo
1335 570 1491 634 duodecim
1508 572 1610 655 pedes,
1635 572 1687 634 sed

369 689 491 752 semper
513 670 643 748 decemb
667 669 747 733 unde
770 671 877 754 pedem
900 682 1032 738 metrum
1055 693 1121 738 esse
1144 693 1205 750 non
1220 691 1324 757 posse,
1349 676 1416 756 qnia
1440 679 1470 738 in
1495 695 1582 738 versu
1598 677 1689 740 modo

370 793 449 838 unus
472 782 518 837 est
540 773 684 856 dactylus,
708 774 798 839 modo
814 775 882 849 duo,
906 795 958 840 sen
981 777 1115 861 spondei,
1140 777 1294 842 interdum
1309 780 1468 841 incurrunt
1488 779 1624 843 trochaei
1638 792 1691 844 aut

370 878 582 962 amphimacri,
617 895 744 960 quorum
780 878 952 944 diversitate
982 883 1063 944 iuxta
1097 883 1191 964 spatia
1225 892 1398 966 temporum
1429 892 1573 956 metrum,
1609 883 1688 966 quod

370 993 483 1046 certam
507 1000 678 1045 mensnram
703 981 815 1046 babere
839 983 965 1057 debeat,
988 1003 1178 1068 nequaquam
1202 987 1320 1050 linitum
1342 988 1480 1050 inveniri.
1527 986 1616 1051 nobis
1639 1005 1718 1050 sus

368 1104 518 1167 pervacua
540 1086 659 1149 videtur
682 1104 747 1150 esse
769 1105 869 1168 pugna
892 1090 986 1161 uocis,
1010 1108 1079 1152 cnm
1096 1089 1183 1154 dere
1199 1091 1372 1163 conveniat,
1396 1090 1543 1172 siquidem
1561 1099 1689 1154 metrum

370 1198 399 1252 et
425 1193 457 1252 in
480 1187 592 1272 syllaba
622 1199 652 1253 et
680 1193 709 1252 in
738 1201 877 1273 ternpore
902 1202 931 1255 et
955 1193 986 1254 in
1015 1193 1093 1275 pede
1116 1192 1324 1278 constituitum
1355 1194 1390 1257 ad
1421 1213 1512 1258 unam
1542 1213 1690 1258 summam

369 1292 520 1358 decurrat
567 1293 677 1357 horum
713 1297 825 1358 etenim
859 1295 996 1358 omnium
1031 1299 1149 1378 cognita
1185 1307 1331 1380 potestate
1364 1316 1548 1380 supervacua
1578 1307 1624 1362 est
1655 1299 1691 1360 lis

369 1399 477 1461 omnis.
516 1415 585 1461 nam
602 1417 670 1461 cum
688 1398 875 1479 temporibus
890 1396 1034 1481 syllabam
1050 1403 1221 1475 metiamur,
1249 1399 1265 1488 ll
1290 1401 1412 1486 syllabis
1436 1401 1536 1484 pedes,
1562 1400 1691 1480 pedibus

368 1521 504 1575 versum,
534 1521 682 1565 conexum
707 1506 841 1565 intense
864 1504 1066 1567 insomnium
1090 1506 1276 1587 nepesinum
1301 1524 1391 1586 quem
1416 1505 1451 1569 ad
1476 1505 1600 1569 modum
1623 1523 1690 1567 cum
1707 1533 1734 1570 ιο

369 1605 477 1687 pedale
500 1605 548 1668 rel
563 1604 639 1668 libra
655 1609 780 1670 metitur
804 1604 930 1688 aliquid,
955 1615 998 1670 est
1016 1607 1046 1668 in
1062 1605 1122 1671 illis
1138 1611 1241 1682 uncia,
1266 1619 1311 1673 est
1326 1610 1495 1681 semuncia,
1520 1618 1566 1672 est
1581 1608 1692 1689 digitus
1796 1589 1801 1599 ⁶

368 1711 417 1773 rel
439 1706 477 1773 ab
501 1728 537 1772 eo
560 1711 660 1773 minus
683 1710 853 1792 quippiam,
877 1729 932 1792 per
955 1729 1029 1793 quas
1052 1711 1260 1794 portiunculas
1283 1713 1380 1795 ipsum
1405 1712 1514 1794 pedem
1536 1720 1692 1792 computa·

368 1831 436 1878 mus
461 1822 492 1878 et
513 1811 632 1878 libram.
671 1812 761 1877 simili
792 1814 882 1876 modo
907 1824 1037 1878 metrum
1068 1817 1125 1878 crit
1147 1826 1176 1880 et
1198 1818 1229 1879 in
1258 1826 1396 1900 tempore
1419 1827 1449 1878 et
1472 1817 1501 1879 in
1525 1814 1638 1899 syllaba
1662 1829 1693 1878 et

369 1919 400 1979 in
424 1917 516 2000 pedes
540 1916 592 1979 sed
616 1919 774 1980 minimum
792 1925 922 1980 metrum
947 1925 1084 1999 tempus,
1108 1920 1138 1984 id
1163 1928 1209 1982 est
1229 1920 1329 1984 brevis
1344 1919 1472 2003 syllaba,
1497 1923 1570 1998 crit,
1597 1920 1692 1982 maius

370 2019 453 2103 qnod
476 2040 512 2084 ex
536 2021 653 2084 dnobus
676 2020 879 2104 temporibus,
904 2039 921 2084 e
944 2023 1011 2102 quis
1035 2031 1064 2083 et
1086 2040 1141 2103 pes
1164 2023 1263 2087 stabit.
1310 2043 1367 2087 nec
1390 2024 1490 2088 minus
1513 2041 1568 2104 pro
1592 2032 1690 2086 metro
1705 2047 1732 2088 rs

369 2126 545 2204 frequenter
575 2123 649 2188 colis
676 2127 807 2194 utimur,
843 2143 911 2188 cum
940 2124 1072 2205 aliquam
1102 2125 1180 2190 oden
1217 2129 1412 2211 compositam
1443 2146 1478 2190 ex
1508 2126 1633 2208 strophe
1657 2135 1687 2188 et

369 2227 556 2312 antistrophe
585 2239 615 2292 et
648 2229 746 2311 epodo
778 2229 919 2292 metimur
954 2248 1009 2311 per
1038 2227 1115 2292 cola.
1161 2248 1284 2294 carmen
1318 2249 1389 2293 vero
1418 2231 1519 2312 ipsum
1553 2229 1692 2293 versibus

368 2334 574 2397 aestimamus.

454 2435 549 2499 bletra
572 2444 674 2499 antem
698 2438 798 2500 omnia
823 2445 964 2518 quattuor
987 2436 1082 2501 modis
1098 2439 1266 2508 variantur.
1291 2437 1470 2510 adiectione,
1494 2437 1689 2509 detractione,

369 2541 635 2611 transmutatione,
667 2542 907 2605 concinnatione.
954 2542 994 2603 ita
1023 2541 1099 2603 hunt
1126 2538 1362 2604 innumerabiles
1391 2543 1509 2624 species
1538 2551 1622 2604 ortae
1653 2560 1735 2605 exso
1776 2609 1781 2615 ,

369 2646 538 2725 prototypis
576 2661 699 2716 novem,
740 2645 770 2706 id
807 2654 852 2707 est
885 2643 1049 2727 dactylico,
1090 2643 1236 2718 iambico,
1278 2645 1448 2718 trochaico,
1486 2645 1690 2727 anapaestico,

368 2749 531 2830 paeonico,
562 2747 830 2829 proceleumatico,
862 2749 960 2812 ionico
984 2740 1050 2810 dard
1073 2747 1241 2831 μείζονος,
1270 2749 1370 2811 ionico
1398 2740 1467 2810 dard
1495 2741 1690 2829 ἐλάσσονος,

369 2849 596 2914 choriambico·
633 2851 680 2914 bis
704 2851 838 2916 adiciunt
876 2855 1074 2936 antispastum
1105 2851 1171 2916 loco
1205 2851 1466 2935 proceleumatici:
1501 2845 1631 2932 namque
1665 2853 1692 2915 is

368 2956 560 3037 anapaestico
582 2953 762 3039 plerumque
785 2955 926 3020 subditus
950 2965 1032 3019 caret
1055 2957 1247 3027 auctoritate:
1273 2973 1333 3018 non
1356 2955 1431 3018 nulli
1450 2973 1518 3019 eum
1542 2959 1573 3019 in
1589 2958 1691 3038 specie

368 3058 485 3123 decima
508 3058 669 3140 recipiunt.
714 3079 843 3142 quornm
873 3063 1007 3124 omnium
1032 3060 1169 3142 exempla
1197 3057 1284 3143 plura
1308 3062 1339 3122 in
1363 3078 1452 3122 uersu
1474 3061 1522 3123 sui
1544 3061 1734 3142 cuiusquam

368 3165 458 3226 metri
481 3163 612 3226 breviter
635 3172 668 3226 nt
690 3163 861 3236 ostendam,
894 3164 1091 3227 haeserunt.
1137 3170 1166 3228 et
1194 3165 1293 3246 primo
1323 3162 1461 3246 dactylici
1490 3165 1551 3227 sive
1575 3163 1690 3228 heroici

369 3268 471 3337 metri,
501 3277 536 3329 ut

673 3389 772 3434 arma
796 3373 994 3454 virumque
1023 3391 1117 3434 cano
1140 3371 1173 3434 T.
1199 3389 1227 3451 q.
1252 3389 1281 3453 p.
1306 3392 1332 3434 a.
1357 3390 1385 3433 ο.

369 3492 552 3574 anapaestici
576 3493 744 3556 tetrametri
767 3489 948 3567 catalectici,
973 3502 1006 3555 ut

477 3610 553 3674 alius
576 3613 690 3675 cithara
715 3616 874 3695 sonituque
897 3622 1006 3695 potens
1030 3612 1166 3676 volucres
1194 3613 1385 3694 pecudesque
1409 3631 1544 3676 movere:
1562 3611 1573 3697 ΙΙ
1704 3637 1734 3674 so

369 3731 490 3796 iambici
514 3734 645 3796 trimetri
670 3731 841 3806 acatalecti,
872 3742 905 3796 ut

695 3855 826 3918 beatus
849 3853 918 3916 illo
940 3856 1001 3937 qui
1025 3853 1160 3935 procul
1184 3857 1365 3936 negotiis:

370 3974 514 4040 trochaici
538 3977 706 4040 tetrametri
728 3973 904 4070 catalectici
927 3983 961 4038 nt

589 4097 699 4167 Roma,
724 4096 834 4168 Roma,
864 4115 956 4160 cerne
980 4105 1090 4179 quanta
1115 4099 1154 4158 sit
1176 4097 1265 4159 deum
1292 4096 1476 4177 benignitas:

370 4218 461 4280 ionici
484 4209 552 4278 dard
576 4217 728 4299 μείζονος
752 4220 916 4282 tetrametri
940 4217 1208 4300 brachycatalecti,
1235 4228 1266 4281 ut
1703 4246 1734 4288 ee.

438 4441 573 4491 imenso
592 4438 653 4492 AB
717 4443 733 4492 5
754 4442 962 4506 snperuaqnaA
1033 4443 1049 4492 o
1072 4453 1171 4493 metron
1192 4441 1253 4494 AB
1317 4441 1384 4491 ‘led
1402 4456 1479 4491 unam
1498 4455 1611 4492 summa.
1638 4459 1691 4493 aaa

370 4512 457 4560 littero
473 4515 534 4575 post
551 4524 567 4559 a
586 4511 672 4562 deleta
690 4509 716 4560 B
787 4511 819 4562 10
837 4513 991 4577 reperimum
1010 4527 1079 4564 corr.
1097 4527 1169 4563 -rnus
1188 4514 1213 4564 Α
1281 4511 1398 4575 sortasse
1416 4511 1555 4578 compede
1572 4509 1689 4562 rellibm

371 4580 490 4630 metimur
543 4581 573 4630 11
593 4581 726 4631 semuncin
744 4581 769 4630 Α
795 4581 937 4630 semiuncia
956 4580 1011 4637 ςΒ
1075 4585 1107 4634 16
1125 4581 1291 4646 οΙὶοοοιοοᾱό
1309 4597 1326 4631 a
1352 4581 1519 4644 aliquomodo
1542 4585 1564 4634 Α
1588 4581 1689 4645 aliqrta-

370 4672 441 4724 modi
469 4671 529 4728 Val.
557 4659 669 4740 aliqnc⁸m
693 4673 767 4726 odem
791 4674 816 4724 B
842 4675 955 4738 aliquam
980 4675 1055 4726 odam
1079 4689 1096 4732 ς
1192 4677 1363 4743 compositam
1393 4687 1438 4725 aut
1458 4690 1491 4726 ex
1514 4674 1621 4742 strophe
1643 4689 1689 4728 aut

370 4742 534 4808 antistrophe
556 4744 641 4810 epodo
661 4746 686 4795 A
698 4743 752 4798 Bc
778 4745 950 4812 compositam
973 4757 1018 4795 aut
1041 4760 1075 4796 ex
1097 4744 1205 4812 strophe
1228 4757 1272 4795 ant
1294 4743 1454 4812 antistrophe
1474 4756 1519 4795 am
1537 4745 1621 4812 epodo
1645 4749 1688 4798 ed.

370 4810 528 4863 Sanctandr.
608 4815 642 4865 25
660 4815 688 4863 in
708 4828 785 4862 rrersu
802 4825 819 4869 ς
836 4812 894 4866 Vol.
918 4815 943 4864 in
964 4829 1056 4865 uersus
1075 4813 1100 4865 B
1123 4817 1148 4864 in
1169 4831 1260 4865 caereus
1278 4828 1348 4864 corr.
1374 4816 1399 4864 in
1419 4815 1540 4865 uersuti
1612 4815 1645 4866 26
1665 4828 1691 4864 rt

372 4881 518 4944 prirnnms·
579 4883 613 4934 38
631 4879 714 4949 mma]
739 4881 818 4948 Verp.
832 4881 928 4933 Aemi
942 4886 956 4932 1
1016 4879 1210 4947 senectutem]
1231 4881 1470 4952 acatalecticiAB
1531 4885 1564 4936 32
1583 4881 1688 4952 beatus]

372 4947 439 4999 lior.
459 4951 536 5015 epod.
555 4953 608 5010 2,1
679 4955 712 5002 33
730 4951 856 5001 trochaici
876 4951 981 5002 trimetri
1001 4952 1092 5007 ΑΒς
1163 4955 1195 5003 lib
1215 4949 1438 5020 brachycatalecti]
1459 4952 1635 5010 catalecticis
