3858 5560
718 381 768 434 nn
791 381 888 436 aare
907 378 1153 435 onauuartca
1218 430 1223 440 ,
1427 365 1432 374 ’
1534 380 1595 447 193

299 495 322 541 p.
337 483 396 526 naa.
409 484 437 526 ts
450 481 473 527 e.
1408 494 1429 540 p.
1443 484 1490 528 aas.
1505 485 1530 526 aa
1544 483 1568 527 1„

272 571 349 636 bunt
370 581 539 652 accentum,
563 581 596 636 ut
617 573 680 655 pix,
703 573 774 645 nux,
799 574 871 644 ndx‚'
893 573 954 644 nls,
979 572 1047 654 pix,
1071 571 1130 635 iix.
1177 569 1254 645 Quid
1270 589 1347 655 quae
1364 579 1471 636 natura
1487 571 1595 656 longae

273 676 380 739 eruntl
403 673 605 740 circumflexo
628 685 755 740 accentu
778 675 1052 758 pronuntiabimus,
1078 672 1084 761 Ι
1109 683 1144 764 ut
1164 674 1227 748 dds,
1252 679 1332 758 spis,
1357 678 1416 748 res,
1440 681 1515 750 mos,
1530 677 1594 741 lllla.

272 779 306 842 ln
329 778 487 861 disyllabis
510 777 602 863 quldi
639 780 672 843 Si
703 781 787 862 prior
815 791 922 844 natura
952 777 1040 862 longa
1075 779 1167 842 luerit
1199 780 1244 843 et*
1261 781 1412 860 posterior
1445 789 1594 863 correpta,

272 885 358 974 prior
380 883 652 956 circumflectetur,
687 893 720 946 ut
753 883 845 952 bdra,
869 883 987 958 Roma.
1032 881 1109 957 Quid
1139 883 1165 946 si
1193 885 1341 964 posterior
1368 883 1515 967 producta
1538 883 1618 946 sitl-

246 985 369 1058 ⁶Prior,
391 1005 447 1052 seu
469 985 558 1068 longa
582 986 760 1052 seu'breris
784 987 885 1057 luerit,
909 996 1034 1048 acuatur
1057 1003 1182 1050 neccsse
1206 995 1259 1063 est,
1282 995 1317 1050 nt
1331 986 1424 1068 leges,
1448 987 1540 1052 silus.
1566 997 1596 1050 et

272 1092 297 1152 si
320 1089 427 1154 ambae
449 1089 556 1154 breves
579 1092 649 1162 sint,
673 1067 800 1152 acuetur
822 1089 920 1172 prior,
955 1097 988 1152 nt
1011 1088 1095 1160 de'us,
1120 1087 1222 1152 bdmo.
1266 1089 1345 1163 Quid
1374 1092 1404 1154 in
1433 1090 1597 1174 trisyllabis

273 1201 325 1258 aut
347 1212 423 1276 quae
445 1192 549 1276 plures
570 1192 699 1277 syllabas
722 1191 898 1256 habebunt?
921 1192 953 1254 Si
976 1192 1160 1272 paenultima
1185 1190 1286 1255 brevis
1310 1192 1409 1266 luerit,
1435 1193 1595 1278 [acuemus

272 1295 573 1381 autepaeunltlnaam]
597 1315 757 1380 quaeeam
774 1294 929 1378 praecedit
945 1303 1079 1366 acuetur,
1104 1303 1137 1358 ut
1159 1302 1231 1377 puta
1253 1293 1378 1368 Tullius,
1403 1295 1594 1362 flonenstus.

272 1399 350 1474 nutu
374 1401 500 1472 deinde,
531 1403 556 1464 sl
585 1401 770 1484 paenultima
800 1401 951 1482 positione
981 1383 1069 1480 longa
1094 1399 1205 1462 luerit?
1238 1397 1304 1481 lpsa
1328 1408 1449 1463 acutum
1473 1401 1595 1465 habebit

232 1513 440 1576 warrantum,
465 1503 699 1597 praecellentem
723 1511 823 1566 autem
847 1521 969 1584 gravem
993 1501 1095 1574 faciet,
1121 1509 1153 1564 ut
1175 1501 1325 1577 C'atdllus,
1350 1501 1507 1578 canillas,
1532 1505 1593 1569 ild·
1682 1503 1686 1518 '

272 1605 372 1674 tillus.
409 1607 489 1684 Quid
511 1609 538 1671 sl
559 1606 743 1692 paenultima
766 1604 946 1670 naturaliter
969 1605 1114 1687 producta
1138 1605 1238 1679 luerit,
1261 1609 1303 1670 ita
1325 1615 1358 1670 ut
1374 1605 1479 1672 ultima
1495 1607 1594 1672 brevis

232 1735 236 1744 ·
271 1712 329 1777 siti
353 1709 573 1776 Paenultlmarn
596 1711 883 1782 circumflectamns,
919 1718 951 1772 nt
974 1708 1139 1791 Cethegus,
1169 1709 1333 1774 Romanus.
1379 1707 1459 1784 Quid
1482 1721 1592 1785 autam,

229 1857 236 1868 ·
271 1813 409 1897 silonpa
433 1817 492 1879 erlt
514 1812 637 1879 ultimal
660 1812 865 1878 Paenultlmae
888 1820 1011 1878 acutum
1033 1811 1172 1876 dabimus
1195 1821 1368 1886 accentum,
1395 1822 1426 1878 ut
1449 1814 1592 1888 Athenae,
1686 1817 1687 1820 ’

272 1917 411 1982 liide'naa
451 1915 528 1990 ond
550 1937 659 2000 graeca
683 1917 824 1982 nominat
859 1917 892 1980 Si
914 1917 1012 1980 isdem
1036 1915 1146 1980 litteris
1167 1916 1374 2000 proferentur,
1398 1935 1523 1998 graecos
1545 1938 1593 1983 ac-

232 2029 378 2086 teoentus
401 2019 568 2086 habebunt.
614 2040 683 2087 nam
717 2030 747 2084 et
781 2039 851 2084 cum
885 2020 1014 2084 dicimus
1047 2019 1172 2102 Titulcia,
1202 2019 1291 2091 Nals,
1322 2031 1442 2085 acutum
1470 2021 1595 2086 babebit

271 2125 424 2208 posterior
445 2133 621 2209 accentum3
645 2131 674 2189 el
696 2143 766 2188 cum
787 2123 955 2196 Themisto,
979 2125 1116 2206 Calypso,
1139 2121 1278 2196 Theano,
1304 2123 1438 2188 ultimam
1463 2127 1593 2190 circum·

271 2228 355 2294 llecti
377 2226 557 2308 ridebimus.
575 2225 588 2314 Ι
604 2227 685 2311 quod
707 2238 868 2310 utrumque
889 2227 1001 2292 latinus
1016 2246 1117 2291 sermo
1133 2245 1193 2290 non
1208 2229 1331 2310 patitur,
1357 2231 1415 2292 nisi
1431 2228 1593 2293 admodum

271 2351 351 2402 emo,
375 2339 409 2394 ut
430 2330 494 2395 sola
516 2333 649 2396 occurrlt
672 2348 745 2414 ergo
768 2331 952 2419 coniunctio,
976 2332 1006 2393 in
1023 2350 1082 2413 qua
1098 2332 1250 2414 posterior
1265 2332 1459 2396 circumflexa
1483 2332 1592 2415 depre-

186 2515 191 2524 .
271 2435 422 2502 bcnditur.
444 2436 517 2499 item
541 2433 718 2500 adverbium
743 2454 821 2519 pone
845 2436 1014 2519 posteriore
1037 2443 1158 2499 acutum
1181 2436 1292 2519 accipit
1306 2445 1475 2509 accentum,
1499 2435 1594 2500 nebit

230 2547 257 2590 ¹⁰
270 2538 407 2604 verbnm.

357 2642 400 2708 ila
422 2643 529 2707 lormis
551 2651 742 2710 accentuum.
774 2645 861 2708 Acuti
884 2651 1027 2707 accentus
1048 2661 1125 2725 quae
1149 2651 1193 2706 est
1216 2642 1332 2708 lormai
1354 2641 1367 2706 l
1390 2641 1544 2726 obliquum
1561 2645 1592 2706 in

269 2755 387 2830 partem
411 2745 567 2810 dextoram
592 2743 742 2811 scandens
771 2742 791 2807 l
802 2797 811 2814 .
855 2745 933 2823 Quid
957 2747 1057 2827 gravis
1079 2745 1229 2810 tornati
1252 2767 1268 2812 a
1290 2757 1377 2830 parte
1393 2749 1516 2811 sinistra
1540 2747 1592 2810 de·

270 2849 419 2914 scandens
437 2848 480 2916 i.
504 2849 733 2915 circomllexur'n
750 2860 919 2915 transversa
934 2864 958 2912 v
972 2848 1073 2912 littera
1097 2855 1123 2911 Λ
1146 2858 1294 2921 notamus,
1312 2849 1433 2916 brevem
1451 2863 1471 2913 c
1486 2870 1591 2915 susum

269 2961 425 3036 spectante
447 2975 491 3025 υ,
523 2951 647 3035 longum
677 2961 777 3018 autem
807 2956 851 3018 sic
878 2955 995 3017 iacente
1018 2965 1090 3014 1-.
1134 2953 1187 3016 sed
1215 2955 1247 3016 in
1271 2951 1331 3018 lllis
1353 2971 1458 3025 sonos,
1489 2955 1519 3017 in
1544 2955 1591 3017 bis

230 3065 408 3140 ”tempora
431 3054 630 3120 dinoscimus.
677 3053 777 3128 Quare
797 3057 901 3122 dasian
925 3067 955 3120 et
977 3055 1083 3139 psilen,
1108 3056 1217 3137 quibus
1237 3057 1344 3120 Graeci
1367 3065 1504 3129 utuntur.
1530 3053 1589 3140 [et]

270 3179 325 3224 nos
347 3159 634 3244 praetermittimus!
658 3159 807 3234 Quoniam
824 3161 1064 3243 adspirationem
1080 3157 1168 3223 nobis
1189 3159 1324 3240 adposita
1340 3173 1365 3222 n
1381 3155 1491 3231 littera,
1514 3179 1592 3242 qnae

269 3267 302 3328 ln
324 3264 399 3328 duas
421 3271 523 3347 partes
545 3263 699 3334 dividitur,
727 3273 946 3347 repraesentat,
970 3273 1001 3326 et
1022 3264 1049 3326 si
1077 3261 1211 3345 adposita
1245 3283 1305 3327 non
1335 3265 1404 3327 erit.
1450 3266 1521 3326 item
1545 3264 1593 3327 bis

269 3367 404 3432 adiciunt
426 3377 456 3430 et
478 3366 609 3450 hyphen,
634 3385 702 3430 cum
730 3367 789 3430 duo
819 3367 912 3432 rerba
933 3367 1018 3450 quasi
1050 3367 1082 3430 io
1112 3384 1204 3430 unum
1233 3369 1479 3449 pronuntiatione
1508 3365 1592 3430 colli·

339 3571 437 3638 lquid
455 3587 521 3639 quae
540 3583 632 3624 natura
649 3572 745 3641 longae
764 3584 838 3625 erunt
856 3573 878 3625 0
899 3587 967 3638 quase
986 3583 1078 3624 natura
1095 3572 1190 3642 longae
1209 3557 1303 3625 baetim
1322 3574 1347 3625 A
1376 3573 1481 3638 quando
1501 3585 1592 3625 aratura

269 3641 364 3710 longae
386 3655 460 3694 arunt
482 3654 500 3701 ς
581 3643 602 3700 ll
625 3641 705 3710 longa
722 3641 874 3708 lueritAs
897 3641 975 3710 ionga
994 3642 1082 3695 eritG
1167 3644 1183 3693 7
1206 3657 1327 3694 acuemus
1347 3642 1592 3710 antepaennltimam

269 3727 316 3764 ors.
328 3712 385 3768 Aa
472 3713 489 3764 9
507 3712 516 3762 i
536 3725 566 3763 aa
583 3721 686 3762 acutum
705 3711 810 3763 habebit
827 3723 960 3763 accentum
980 3713 1005 3764 A
1025 3714 1081 3780 ipsa
1101 3711 1179 3762 habet
1195 3721 1299 3764 acutum
1317 3723 1452 3764 accentum
1471 3723 1489 3769 ς
1507 3713 1592 3780 ipsam

269 3779 434 3832 acuemusC
511 3725 590 3834 filet
607 3771 727 3841 catillus,
747 3777 866 3833 calmillas
884 3781 968 3846 (cm.
988 3778 1077 3846 ellus)
1096 3779 1214 3832 metilius
1233 3781 1255 3832 G
1267 3819 1269 3824 .
1332 3783 1363 3832 12
1382 3779 1486 3846 quidsi
1505 3794 1591 3833 autem

268 3847 348 3918 longa
367 3849 389 3900 0
405 3847 468 3916 qnld
487 3849 508 3900 sl
527 3849 608 3916 langa
626 3849 652 3901 A
741 3851 773 3903 lb
795 3863 854 3901 nam
872 3861 897 3901 et
914 3863 973 3901 cum
992 3849 1102 3901 dicimus
1121 3850 1147 3901 A
1171 3864 1230 3901 narn
1249 3865 1308 3900 eum
1327 3849 1436 3901 dicimus
1455 3849 1506 3907 ca
1566 3887 1570 3896 .

268 3917 355 3984 Tbyas
374 3916 438 3970 llais
458 3917 594 3971 hunoldus
611 3918 696 3970 ethica
715 3929 740 3970 et
758 3920 814 3970 nais
834 3920 886 3970 Am
908 3918 1006 3971 eilanes
1027 3919 1054 3984 G,
1079 3921 1171 3971 marma
1192 3921 1307 3971 indicato
1326 3931 1405 3975 oms
1474 3920 1506 3971 lo
1524 3919 1592 3970 Tlre·

268 3987 347 4039 misto
365 3985 481 4055 Calypso
499 3987 555 4044 As
580 3985 706 4039 theonesti»
724 3986 806 4045 cnllsri
825 3987 908 4050 (corr.
927 3987 1034 4052 callsso)
1054 3985 1088 4040 G:
1111 4003 1145 4039 απ
1163 3986 1288 4040 Callisto?
1365 3989 1398 4042 ts
1420 3987 1591 4039 circumflectit

268 4054 471 4124 deprehenditur
490 4055 511 4109 0
580 4057 612 4108 te
629 4059 759 4124 posterior
776 4067 880 4108 acutum
898 4059 1000 4124 accepit
1016 4055 1037 4109 d
1054 4058 1184 4124 posterior
1201 4067 1303 4108 acutum
1323 4057 1415 4124 recipit
1434 4057 1485 4108 Am
1503 4067 1590 4124 poste·

268 4125 459 4177 marescaltiam
477 4125 604 4193 recipite
672 4127 705 4176 21
730 4125 777 4180 lm.
796 4139 864 4191 quae
883 4137 923 4177 est
940 4125 1025 4193 ligura
1047 4127 1115 4176 acuti
1134 4137 1265 4179 amenius.
1293 4125 1323 4177 li.
1343 4125 1353 4174 l
1373 4125 1483 4176 oblicum
1502 4126 1591 4178 deste-

268 4208 323 4245 ram
336 4205 436 4261 partem
449 4193 577 4246 madeas
595 4195 632 4245 its
650 4197 664 4246 i
681 4194 730 4249 lot.
749 4209 816 4260 quae
833 4204 873 4247 est
890 4193 976 4246 iorum
994 4194 1083 4262 grauis
1101 4207 1223 4247 accentus
1242 4195 1273 4246 ll.
1296 4196 1321 4246 in
1340 4195 1473 4246 dexteram
1492 4205 1590 4261 partem

268 4263 424 4315 discendens
443 4263 521 4319 itai.
547 4262 752 4316 circnmllextum
770 4274 856 4316 autem
881 4273 1031 4316 transuersa
1051 4279 1065 4312 v
1084 4262 1168 4316 littera
1187 4277 1307 4316 notamus
1329 4265 1364 4314 lta
1383 4279 1396 4310 a
1416 4263 1519 4314 breuem
1539 4265 1591 4329 spl-

199 4359 203 4368 ·
268 4331 353 4384 labam
371 4331 514 4384 Genusum
533 4343 666 4400 spectante
684 4333 719 4382 lta
737 4350 770 4374 υ
789 4331 894 4401 longam
912 4333 923 4382 l
941 4332 1082 4397 aequaliter
1099 4334 1197 4384 tacente
1209 4335 1245 4384 lta
1263 4335 1277 4386 ὅ
1296 4331 1348 4384 Sed
1360 4335 1386 4383 in
1405 4331 1455 4383 illis
1474 4332 1523 4382 Am

269 4401 302 4453 21
321 4397 490 4470 lobllquum]
511 4416 558 4469 per
569 4401 703 4466 obliquum
721 4399 780 4459 σς.
796 4401 906 4466 formaria
924 4403 995 4454 ocuti
1013 4409 1135 4456 aeremia
1152 4403 1238 4455 aaut]
1287 4403 1321 4453 22
1339 4401 1349 4452 l
1368 4402 1479 4452 litteram
1497 4407 1557 4452 ante
1576 4417 1591 4452 a

269 4485 317 4523 aas.
333 4469 383 4528 05
469 4471 504 4524 28
526 4471 707 4522 anennoeton
730 4469 752 4522 0
836 4470 941 4522 breuem
960 4485 1051 4522 susum
1070 4469 1201 4524 amarae
1224 4467 1353 4522 neaerae
1439 4469 1473 4521 24
1495 4469 1590 4536 longus

167 4549 174 4562 ¹
268 4539 396 4592 autento
451 4539 499 4592 sed
516 4541 543 4592 lu
561 4539 613 4592 illis
631 4554 722 4605 sonos,
742 4539 767 4588 in
786 4538 837 4590 hila
856 4550 975 4606 tempora
991 4538 1163 4603 dinoscimus,
1181 4554 1261 4605 quara
1278 4539 1353 4590 dasii
1371 4551 1395 4590 er
1412 4538 1515 4606 peplen,
1534 4540 1592 4602 qni-

223 4651 229 4658 .
268 4607 317 4660 bus
335 4605 433 4662 Gnaei
450 4619 567 4670 utuntur,
586 4619 613 4662 et
625 4623 673 4660 noa
686 4607 914 4676 praetermittimus
933 4618 950 4664 ς
967 4609 994 4658 iu
1014 4604 1064 4658 illis
1084 4623 1165 4661 sonos
1184 4610 1209 4660 in
1228 4609 1270 4659 bis
1289 4619 1406 4674 tempora
1424 4607 1590 4658 deposcimus

269 4678 314 4730 sed
333 4693 415 4746 qnare
433 4676 524 4730 dasien
548 4688 573 4729 et
600 4677 666 4730 sileo
685 4676 779 4741 quibus
802 4678 873 4744 greci
892 4687 998 4728 utuutrrr
1021 4687 1046 4727 et
1069 4691 1117 4728 nos
1140 4677 1367 4744 praetermittimus
1388 4675 1409 4728 C
1435 4691 1494 4726 nam
1517 4675 1593 4729 dasia

269 4759 295 4796 er
311 4745 379 4815 psile
395 4747 468 4815 greci
484 4755 592 4799 utantur
609 4757 714 4799 nosseta
732 4745 960 4813 praetermittimus
978 4745 1004 4796 A
1010 4755 1030 4784 m
1116 4747 1150 4798 27
1168 4748 1194 4797 in
1213 4745 1278 4796 duas
1297 4759 1384 4814 partes
1399 4743 1533 4797 'deciditur
1552 4763 1590 4797 re·

181 4845 189 4854 ·
270 4816 462 4881 praesentato
547 4826 573 4868 et
595 4817 618 4868 ai
641 4815 763 4883 adposita
786 4829 839 4864 non
864 4815 911 4865 erit
929 4815 954 4866 A
974 4815 1111 4866 &troilus
1137 4825 1162 4866 et
1180 4814 1300 4883 adposita
1319 4813 1341 4866 ll
1360 4816 1397 4866 sic
1416 4813 1502 4866 eritd
1526 4827 1550 4865 et
1568 4817 1591 4866 sl

268 4886 391 5005 Qum
412 4883 435 4936 il
459 4883 607 4942 slc'erits
634 4887 655 4936 sl
675 4883 806 4950 adscripta
825 4897 877 4935 raon
900 4885 948 4935 erit
970 4883 1111 4936 siccitatem
1133 4885 1272 4938 Dontdeur
1359 4884 1392 4936 28
1413 4883 1545 4935 odierium
1567 4895 1593 4936 et

321 4949 414 5007 ΥΗΟ

320 5051 649 5106 οιιμινιπιιιιωπιιπ.Δ
1353 5021 1440 5092 13.“
