3888 5550
352 321 417 388 404
904 345 1122 396 reuersurum

352 437 374 477 p.
387 428 447 470 tite.
461 431 486 470 ιι
500 427 523 472 P.

608 523 726 601 peintus
749 521 936 594 Pierides,
962 521 1201 587 dulcisonum
1222 542 1361 602 sequens.

607 626 650 688 sic
674 643 823 689 carmen
848 626 930 708 prius
953 636 1014 699 est,
1036 629 1105 691 iinis
1128 627 1198 690 item
1222 627 1381 700 dabunt,

610 739 643 792 ut
665 749 719 812 pes
743 730 816 793 haec
842 730 947 794 babuit
970 733 1064 814 prior.

543 843 679 896 rososuut
701 835 751 917 qui
775 833 970 907 tradiderint,
996 835 1099 898 ultime
1124 839 1224 900 versui

607 948 759 1018 tamquam
783 948 973 1020 pentametro
997 939 1108 1023 spiiaba
1133 939 1252 1024 dempta
1276 944 1325 1014 sit,

608 1045 744 1125 quamsi
769 1046 926 1122 restituas,
950 1054 1174 1126 pentametrum
1198 1046 1274 1118 iore,

607 1165 757 1210 carmen
780 1147 955 1212 Pierides
978 1149 1213 1212 dulcisonum
1236 1149 1399 1219 dabunt,

608 1269 756 1314 carmen
779 1251 953 1316 Pierides
977 1253 1218 1316 dulcisonum
1242 1251 1405 1324 dabitis;

543 1372 594 1414 asso
609 1365 641 1418 ut
665 1372 770 1418 versus
792 1375 912 1439 quoque
935 1357 979 1418 sic
1002 1366 1121 1420 constet
1144 1355 1270 1429 Horatii,

606 1459 818 1522 ‘Maecenas
842 1461 960 1522 atavis
984 1461 1088 1522 edite
1111 1461 1297 1540 regibus’,

607 1563 1322 1646 mmmmmmmmm

606 1685 702 1749 usque
724 1677 824 1731 autem
848 1669 950 1731 videas
973 1669 1029 1730 hoc
1053 1669 1157 1750 procui
1181 1689 1197 1730 a
1220 1668 1288 1740 fide,

606 1781 639 1834 ut
662 1773 750 1835 metri
774 1789 871 1851 genus
894 1773 951 1836 boc
975 1770 1092 1835 ratibus
1115 1770 1228 1834 inclitis

542 1891 667 1938 eunucu
692 1895 753 1938 uuo
776 1885 826 1939 aut
849 1877 969 1956 gemino
993 1877 1163 1941 constiterit
1186 1875 1273 1958 pede,

606 1999 710 2044 rerum
734 1981 764 2043 in
789 1989 850 2043 tres
874 1981 962 2044 etiam
986 1981 1159 2044 consimiles
1182 1991 1230 2043 eat
1259 2063 1263 2072 .

606 2083 723 2148 clausos
746 2086 776 2148 in
801 2084 900 2148 medio
922 2084 1059 2167 partibus
1083 2085 1213 2155 esteris3

606 2188 685 2268 «prod
709 2191 769 2252 iam
792 2191 973 2271 pentametri
998 2206 1055 2250 non
1081 2191 1193 2270 petitur
1217 2187 1332 2253 modus.

511 2343 514 2351 .
606 2311 675 2354 nem
699 2295 741 2356 sic
765 2303 827 2356 tres
851 2293 951 2354 rideas
976 2277 1041 2353 esse
1064 2291 1158 2373 pedes
1181 2291 1276 2361 datus,

542 2414 760 2460 uccarmen
785 2396 962 2460 Pierides
991 2395 1243 2466 dulcisonum,
1273 2395 1304 2456 si
1328 2413 1490 2467 mereor,
1514 2393 1669 2458 dabunt.

649 2501 702 2564 His
725 2511 770 2563 est
792 2499 934 2563 omnibus
957 2501 987 2561 in
1011 2500 1074 2561 suis

605 2604 691 2668 libris
714 2623 785 2667 usus
809 2604 965 2673 Horatius;

605 2729 681 2792 qtto,
706 2710 819 2778 dicam.
844 2715 873 2769 et
896 2707 1035 2788 quotiens
1059 2705 1158 2769 modo.

605 2832 673 2876 nem
698 2813 828 2896 priunum
851 2813 975 2874 minime
999 2828 1055 2873 suo

540 2917 701 2980 cerosolunr
726 2917 859 2978 carmine
883 2912 1024 2996 protulit,

607 3031 639 3084 ut
663 3029 742 3083 rates
766 3019 817 3082 elii
841 3017 947 3088 soient,

606 3123 776 3206 exemplum
801 3133 829 3187 et
853 3125 986 3186 Senecae
1011 3121 1099 3192 dabo,

605 3228 766 3292 ‘Thebis
789 3229 884 3291 laeta
908 3226 988 3290 dies
1011 3225 1134 3288 adest:

606 3351 702 3396 arem
727 3333 875 3413 tangite
898 3329 1111 3413 supplices,

541 3441 768 3519 aerspingues
791 3435 940 3498 caedite
963 3435 1170 3496 victimas’.

607 3539 681 3602 tales
701 3542 860 3603 continuos
884 3539 969 3620 legis.

607 3644 687 3708 bunc
711 3645 868 3727 praeponit
892 3643 1042 3713 Horatius

607 3748 738 3832 epodum
764 3767 799 3810 ex
824 3749 954 3828 geminis
978 3745 1088 3808 subicit
1111 3744 1248 3809 alterum.

607 3853 776 3935 exeutpium
801 3862 847 3916 set
871 3854 929 3914 erit
952 3851 1045 3914 semei

541 3973 593 4014 roso
608 3978 662 4020 tros
685 3958 742 4020 hoc
765 3975 896 4038 ponere:
921 3963 1057 4018 ceterum

607 4061 729 4125 bissex
753 4058 937 4124 carminibus
961 4061 1023 4122 suis

604 4165 684 4228 hunc
707 4173 805 4228 serrat
828 4163 966 4228 stabilem
990 4163 1128 4227 mudum:

606 4271 676 4332 ‘sic
701 4281 736 4332 te
759 4270 842 4332 ‹iive
867 4278 1002 4352 potens
1025 4270 1153 4350 Cypri,

606 4375 660 4436 sic
684 4372 824 4436 fratres
848 4371 1030 4442 Helenae,
1054 4373 1182 4437 lucida
1205 4373 1361 4436 sidere’.

541 4479 662 4539 eesssic
686 4487 720 4540 te
744 4477 825 4539 dira
850 4485 986 4558 potens
1010 4477 1139 4559 Cypri,

370 4585 915 4676 mmmmmmu

419 4739 487 4788 ‘2646
506 4738 669 4789 duicisonum
694 4754 805 4802 sequens
830 4738 968 4788 Brissnens
988 4735 1206 4788 trt'Lctsuxvst
1228 4739 1325 4789 dabunt
1344 4737 1375 4788 etr
1443 4739 1511 4789 2549
1531 4736 1589 4806 pes]
1610 4753 1667 4806 pers

351 4809 490 4859 Sententiae
510 4809 568 4858 ooii.
589 4826 610 4863 u,
630 4809 700 4858 2024
753 4809 820 4858 ‘265ss
844 4809 908 4857 Hor.
927 4825 1006 4857 rnrnr.
1029 4807 1043 4856 I
1064 4810 1086 4859 1.
1109 4811 1122 4856 1
1175 4809 1243 4858 cute
1263 4807 1353 4859 Seuer.
1372 4807 1453 4857 Herc¹
1471 4809 1525 4871 stem
1546 4811 1597 4860 671
1613 4823 1667 4875 sqq.

385 4906 406 4942 et
427 4893 629 4948 orrr.Brissneus
687 4896 752 4945 cust
776 4895 813 4943 bis·
835 4909 879 4942 sex
894 4895 1033 4944 Suntem'ns
1050 4893 1091 4942 iiis
1112 4908 1142 4941 ex
1157 4893 1189 4943 ,11
1240 4895 1494 4947 rescripturum.
1516 4894 1577 4958 1³,
1599 4896 1667 4960 lep,
