3866 5562
352 336 456 404 482*
558 368 560 372 ·
599 381 600 386 ,
638 321 885 402 uanrr'enorn
909 337 961 422 [n.
986 335 1149 420 cunvun]
1174 319 1412 402 sneunuoms

351 440 508 494 amum
1000 435 1004 442 '

354 529 429 626 haec
454 529 553 592 httlris
581 527 672 592 huius
695 529 793 592 Atthis
816 527 861 590 vel
884 527 1029 592 httlridis:
1059 529 1103 589 sic
1126 527 1260 591 Ovidius.
1307 528 1389 590 thos:
1420 527 1535 590 nullum
1566 547 1676 591 noruen

354 634 409 697 hac
440 631 553 714 syllaba
588 633 711 715 repperi
740 634 944 699 terminatum:
990 631 1060 694 thus
1087 631 1240 695 secundae
1270 637 1341 694 strui
1374 627 1600 705 declinationis,
1628 631 1676 695 tui

353 737 465 800 iaciunt
485 739 640 814 penetiuo,
663 733 792 799 Parthus
808 735 930 808 Parthi,
954 735 1099 800 acanthus
1122 731 1261 798 acanthi:
1286 733 1436 814 Vergilius
1459 753 1592 798 croceo
1618 755 1676 799 ve·

181 879 185 886 -
275 884 278 892 .
355 838 475 902 lamen
500 833 700 902 aca'ntlro’:
725 838 862 902 Xanthus
885 839 1007 903 Xanthi.
1053 839 1122 922 thys
1145 837 1190 902 vel
1215 839 1299 921 thrys
1322 840 1428 901 tertiae
1450 849 1522 901 sunt
1544 838 1674 918 declina·

355 945 461 1014 tionis,
485 945 510 1004 is
533 941 648 1006 iaciunt
670 943 826 1024 genetivo,
855 943 906 1005 hic
930 943 1060 1025 Pauthys
1085 940 1242 1024 Pauthpis,
1267 941 1379 1024 Othrys
1402 941 1545 1024 Othryis,
1563 941 1700 1026 Tethpss

353 1045 487 1126 Tethyis.
630 1130 632 1135 Α

336 1215 339 1224 ,
440 1149 497 1210 Vas
522 1145 630 1211 tertiae
653 1157 723 1212 sont
745 1148 970 1220 declinationis,
996 1159 1026 1213 et
1048 1151 1089 1211 sis
1111 1149 1226 1212 iaciunt
1246 1153 1387 1228 cenerico
1410 1156 1440 1211 et
1463 1148 1523 1220 dis,
1549 1149 1605 1212 hoc
1628 1169 1677 1212 vas

303 1259 305 1262 ’
353 1252 443 1315 huius
467 1253 545 1314 vasis
568 1253 614 1315 vel
638 1251 734 1316 vadis:
760 1253 865 1316 Cicero
889 1250 1011 1314 ‘vrrltu
1035 1261 1221 1335 tamquam
1245 1253 1366 1316 vad'e’.
1412 1271 1464 1346 ves
1486 1245 1675 1316 onuria'cor-

355 1357 507 1438 ripiuntur·
535 1365 564 1418 et
591 1358 699 1419 tertiae
729 1345 798 1419 sunt
822 1357 1044 1427 declinationis,
1076 1357 1115 1419 tis
1138 1355 1254 1420 iaciunt
1276 1357 1431 1436 genetivo,
1462 1355 1544 1418 clives
1567 1353 1674 1418 divitis.

354 1461 397 1522 vis
420 1462 528 1522 tertiae
557 1467 627 1522 sunt
652 1445 879 1530 declinationis,
909 1459 1037 1522 similem
1061 1461 1244 1523 nominativo
1268 1458 1381 1523 iaciunt
1409 1462 1597 1540 genetivum,
1628 1459 1714 1520 tneo

355 1563 428 1625 civis
457 1559 547 1626 huius
575 1565 664 1634 civis,
694 1565 782 1627 duee·
800 1567 844 1627 vis
872 1565 960 1626 notus
983 1560 1044 1640 eris,
1071 1573 1101 1625 et
1122 1561 1231 1645 plurali
1253 1563 1310 1624 hae
1334 1565 1394 1627 ris:
1426 1581 1493 1626 nam
1517 1561 1575 1625 hac
1597 1563 1676 1624 vires

354 1685 482 1730 numero
506 1684 626 1748 semper
642 1664 747 1748 plurali
765 1666 964 1730 declinantur.
1010 1685 1063 1728 vos
1080 1683 1143 1748 vus:
1168 1667 1317 1729 rationem
1340 1685 1430 1746 supra
1454 1664 1544 1728 docui
1566 1663 1675 1728 horitur

354 1770 525 1839 nominum,
551 1779 581 1831 et
604 1769 683 1849 quod
708 1769 861 1833 secundae
884 1771 944 1833 sint
968 1768 1190 1844 declinationis,
1215 1789 1327 1852 parvus
1350 1772 1446 1851 parvi.

439 1871 514 1935 llas:
545 1871 602 1936 hoc
631 1871 743 1954 syllaba
774 1855 888 1936 nullum
921 1892 1031 1959 nomen
1061 1875 1176 1937 linitum
1206 1875 1340 1955 repperi.
1385 1891 1438 1935 xes
1469 1877 1577 1935 tertiae
1607 1879 1675 1933 snut

353 1961 563 2038 declinationis
586 1983 616 2039 et
638 1975 864 2058 producuntur,
889 1978 935 2040 xis
959 1979 1098 2058 genetivo
1121 1978 1250 2054 iaciunt,
1276 1978 1388 2038 Araxes
1413 1977 1534 2043 Araxis,
1560 1975 1712 2038 Xerxesc

193 2060 198 2069 ⁵
235 2121 242 2130 -
285 2129 287 2134 .
353 2073 472 2141 ierus.
518 2081 564 2141 rtis
586 2078 677 2142 latina
701 2078 748 2142 xis
764 2083 903 2159 genetivo
921 2081 1052 2161 iaciunt,
1077 2081 1127 2143 hic
1151 2081 1214 2143 axis
1237 2071 1327 2142 huius
1350 2081 1430 2151 axis;
1454 2097 1561 2160 graeca
1586 2088 1616 2140 ct
1631 2081 1676 2139 nis

316 2247 319 2252 Δ
353 2189 384 2243 et
407 2181 468 2252 dis,
493 2181 542 2244 hic
558 2181 666 2244 hienis·
681 2181 772 2245 huius
795 2181 894 2246 Alexis
919 2177 963 2245 vel
979 2179 1114 2246 Alexidis
1137 2185 1244 2246 tertiae
1267 2183 1483 2246 declinationis.
1529 2199 1584 2243 nos
1607 2198 1674 2242 cor·
1731 2189 1736 2198 “

348 2287 506 2366 cipiuntnr
529 2295 558 2348 et
581 2303 689 2365 greeca
714 2295 785 2348 sunt
806 2285 958 2349 secundae
982 2284 1204 2357 declinationis,
1228 2289 1258 2348 xi
1283 2277 1395 2349 iaciunt
1418 2286 1570 2366 genetivo,
1600 2283 1676 2346 hacc

353 2387 451 2451 Naxos
481 2388 679 2450 huiusNaxi.
727 2407 781 2452 nus
810 2389 960 2452 secundae
983 2399 1054 2452 sunt
1077 2387 1302 2460 declinationis,
1333 2393 1362 2451 vi
1388 2389 1501 2451 iaciunt
1522 2387 1670 2468 genetivo,

353 2489 437 2553 laxus
461 2490 534 2560 laxi,
566 2491 666 2554 hunus
690 2489 778 2563 linui,
809 2502 894 2556 taxus
918 2493 987 2564 taxi,
1012 2491 1108 2554 buxus
1132 2491 1212 2554 buxi.
1260 2495 1410 2574 excipitur
1434 2509 1528 2554 unum
1551 2499 1713 2573 quartaeso

353 2591 564 2656 declinationis
585 2614 640 2657 xus
662 2597 778 2658 inciens
801 2597 956 2675 genetivo,
986 2595 1035 2657 hic
1059 2595 1145 2658 lurus
1168 2595 1256 2658 huius
1279 2594 1384 2668 luxus,
1408 2595 1559 2657 ltrxuricm
1583 2597 1675 2675 sigui·
1731 2667 1737 2676 ἱ

310 2741 313 2746 -
354 2697 459 2760 llcaus:
483 2695 913 2784 Terentius‘adulcscens
942 2697 1026 2762 luxu
1051 2697 1256 2780 perditus’.
1304 2717 1372 2762 nam
1396 2696 1494 2768 luxus,
1525 2697 1675 2770 vacillans,

352 2798 441 2862 huius
472 2799 535 2863 luri
564 2803 651 2863 iacit:
679 2801 836 2888 Sallustius
859 2801 988 2865 ablativo
1020 2801 1125 2864 ‘luno
1149 2801 1270 2883 pede'.
1316 2821 1365 2865 zas
1392 2800 1520 2864 barbara
1544 2811 1614 2864 sunt
1646 2810 1676 2862 ct

140 2987 145 2993 .
201 2916 211 2928 '
259 2907 268 2911 “
325 2904 468 2984 „primate
498 2901 724 2976 declinationis,
749 2924 801 2968 eac
820 2890 947 2981 faciunt
966 2909 1122 2982 cenerico,
1150 2906 1199 2970 hic
1222 2905 1361 2969 Orurizas
1392 2904 1479 2966 huius
1502 2902 1673 2985 Orvnizae.l

46 3011 50 3018 ’
238 3004 253 3040 ⁵
351 3010 402 3070 zes'
429 3007 639 3088 producuntur
669 3018 698 3070 et
720 3011 837 3090 prinrae
859 3018 930 3071 sunt
953 3004 1180 3078 declinetionis,
1214 3007 1262 3071 hic
1284 3006 1448 3071 Artabazes
1476 3007 1565 3070 huius
1588 3011 1673 3115 hrip-
1687 3019 1713 3062 ἢ

296 3093 319 3148 '-
353 3109 452 3172 hecae.
496 3111 538 3172 zis
561 3129 611 3172 zos
634 3130 686 3173 zus
710 3111 789 3174 nulla
814 3114 934 3174 nomina
961 3113 1171 3174 terminantur.

439 3213 463 3274 T
488 3212 547 3288 duo
571 3222 687 3277 tanturn
716 3213 805 3277 modo
829 3217 951 3276 nomine
976 3215 1171 3298 reperiuntur
1195 3213 1303 3296 latina,
1333 3232 1426 3276 uuum
1451 3212 1671 3282 indeclinabile,

352 3315 410 3377 hoc
432 3318 490 3395 git,
515 3334 610 3397 genus
634 3315 775 3389 seminis,
801 3326 831 3380 et
854 3335 946 3381 nunna
971 3319 1076 3381 tertiae
1100 3317 1311 3381 declinationis
1328 3321 1365 3381 tis
1378 3318 1502 3394 faciens
1525 3319 1672 3399 genetivo,

352 3429 444 3500 caput
466 3417 592 3500 cepitis}
616 3428 645 3482 et
667 3421 767 3502 siquid
791 3421 828 3484 ab
846 3439 881 3483 eo
898 3421 1046 3492 nescitur,
1072 3423 1206 3500 sinciput
1228 3417 1390 3504 sincipitis
1435 3440 1454 3483 u
1477 3421 1576 3511 omnia
1600 3438 1673 3482 nen·

352 3533 397 3584 tra
426 3533 496 3584 strnt
525 3533 647 3604 quartae
670 3523 879 3587 declinationis
902 3543 921 3586 u
945 3525 1137 3587 terminantia
1159 3527 1331 3606 genetivum
1355 3525 1485 3586 dativum
1516 3533 1545 3586 et
1567 3523 1672 3587 ablati·
1686 3537 1712 3578 ³⁰

353 3623 438 3696 cuin,
464 3625 516 3687 sed
537 3624 700 3706 productn;
724 3629 941 3690 nominativum
966 3607 1172 3691 accusativum
1185 3637 1214 3690 ct
1229 3629 1396 3690 vocativum
1420 3647 1439 3692 u
1462 3637 1601 3708 correpta
1618 3635 1676 3690 ter·

420 3848 500 3902 eron.
519 3849 612 3908 ennon.
633 3853 679 3917 ao,
701 3853 813 3914 vc-sr‚
834 3814 868 3902 ec
939 3851 1029 3904 vva·
1049 3851 1127 3906 erac.
1147 3851 1189 3916 ro,
1210 3853 1244 3902 vc

421 4026 435 4074 1
456 4021 528 4091 haec]
549 4023 590 4073 hic
612 4021 652 4074 Bo
758 4024 797 4074 sic
816 4024 941 4076 oboedius
961 4023 1001 4074 B:
1024 4023 1187 4088 demidii,
1210 4025 1242 4074 18
1333 4025 1349 4074 3
1368 4023 1488 4090 genetivo
1507 4039 1554 4074 orn.
1575 4021 1601 4072 B

350 4108 499 4176 Vergtttus]
518 4110 586 4161 Aert.
606 4109 623 4160 Ι
642 4111 701 4160 did:
722 4112 770 4159 711
836 4111 992 4176 'lgeuetivo
1011 4125 1059 4160 carr.
1080 4108 1105 4159 B
1163 4104 1299 4176 BUicero]
1317 4125 1344 4174 p.
1364 4107 1433 4160 Sese.
1453 4111 1477 4168 8,
1498 4111 1530 4159 te
1584 4111 1615 4159 10
1633 4107 1673 4158 hic

352 4196 417 4245 civis
436 4195 516 4246 huius
535 4197 600 4245 civis
619 4195 682 4245 hnec
701 4196 742 4244 vis
761 4193 840 4245 huius
859 4197 898 4245 vis
917 4207 941 4245 et
960 4192 1053 4261 pluruli
1072 4193 1178 4246 hue'vis
1198 4212 1211 4245 v
1229 4211 1266 4246 eor
1283 4194 1379 4251 Pnobo,
1398 4193 1439 4244 hic
1457 4195 1523 4244 ciuis
1543 4193 1621 4244 huius
1639 4193 1674 4243 cl-

285 4291 287 4294 ·
352 4282 392 4331 uis
412 4293 437 4330 ct
454 4279 609 4347 pluvolihec
627 4279 809 4331 ciuesBsine
827 4283 933 4344 laeena,
954 4288 980 4332 nt
998 4281 1099 4332 uidetur·
1170 4276 1622 4350 1usupr·o]cs.Proo.p.1n,1s

353 4369 384 4421 13
403 4365 592 4426 declinetiouis,
614 4367 636 4416 vi
651 4365 748 4416 iaciunt
760 4366 908 4431 genetivum
921 4381 1018 4432 parens
1039 4367 1140 4434 paccio
1223 4367 1254 4417 tt
1274 4367 1363 4417 terniue
1380 4365 1488 4416 rationis
1502 4363 1673 4415 declinatione

352 4452 377 4503 B
397 4453 486 4504 tertiae
505 4453 606 4502 ratione
624 4451 806 4503 declinationis
824 4469 838 4503 o
942 4453 974 4502 21
994 4452 1037 4503 hic
1056 4453 1144 4514 luxus]
1165 4453 1227 4503 hoec
1246 4451 1358 4502 lnxusB
1376 4459 1402 4502 et
1420 4451 1506 4504 codex
1525 4449 1607 4502 Prodi

351 4541 384 4590 22
403 4537 578 4591 edulenscens
597 4537 638 4589 B:
665 4539 724 4591 Ter.
745 4539 857 4605 Adelph.
878 4537 947 4589 IIII
967 4543 990 4598 7,
1011 4541 1044 4590 42
1143 4540 1177 4591 24
1195 4538 1293 4589 leciuut
1315 4537 1434 4604 genetivo
1458 4553 1505 4589 orn.
1525 4535 1559 4600 B,
1579 4537 1673 4589 edem

385 4627 417 4676 ut
437 4636 447 4675 t
466 4623 512 4674 hee
530 4623 614 4676 litters
632 4625 684 4677 duo
699 4626 877 4676 tautummodo
892 4626 997 4675 nomine
1016 4626 1179 4692 reperiuntur·
1198 4625 1333 4675 terminata
1351 4623 1455 4674 letiueo
1525 4623 1558 4673 28
1576 4620 1673 4672 inciens

352 4726 400 4762 orn.
422 4709 456 4768 B,
476 4711 572 4762 eddo
661 4713 694 4764 29
714 4712 828 4778 sirreipnt
847 4711 976 4778 sincipitis
995 4729 1009 4764 e
1027 4711 1141 4778 sinciput
1159 4711 1297 4779 sinciputis
1316 4707 1343 4759 B
1390 4697 1394 4702 ⁵
1431 4707 1546 4758 ulittetu
1572 4708 1676 4757 nornine

266 4863 268 4866 .
352 4796 486 4846 terminate
511 4797 636 4849 omniuo
740 4799 772 4850 31
793 4796 963 4864 prodncroB
1070 4815 1086 4848 n
1109 4808 1228 4865 correpto
1254 4795 1391 4846 terminant
1412 4811 1426 4845 o
1451 4809 1466 4843 u
1488 4803 1607 4865 correpto
1628 4805 1676 4844 tcr-

351 4879 475 4930 urinatB
