3904 5556
371 345 411 412 18
868 345 978 399 mann
999 343 1191 400 rtcronm1

394 461 417 504 p.
432 448 485 490 etat
501 447 525 493 n.
1514 459 1538 503 p.
1552 450 1585 492 ts.
1598 448 1626 492 ao
1638 446 1664 492 o.

367 538 540 618 genetivum
570 548 601 602 ct
628 533 750 620 [quae]
779 553 834 618 per
861 541 889 598 el
913 536 1028 601 litteras
1052 537 1270 602 nominativum
1293 534 1441 619 pluralem
1464 536 1567 610 iaciat,
1597 536 1691 600 locuti
1738 545 1740 550 ’

367 644 478 722 partim
501 652 606 714 acute,
623 643 752 720 partim,
776 649 809 702 ut
831 639 903 704 milti
925 641 1046 721 quidem
1070 641 1199 714 ridetur,
1223 645 1342 722 inepte,'
1358 637 1431 702 illud
1453 642 1542 704 etiam
1563 638 1690 703 ridicule

367 747 448 823 (nam
472 747 547 809 milti
571 743 719 828 quaedam
748 745 961 825 succurrunti:
992 745 1086 827 pilum
1117 747 1200 808 aiunt
1229 743 1360 807 militare
1389 753 1420 807 et
1440 747 1574 816 vineam,
1604 746 1629 807 si
1652 745 1694 806 sit·

366 848 473 913 subter
487 867 578 932 quam
602 847 713 911 milites
736 865 877 929 aggerem
902 850 1080 921 instituunt,
1111 859 1141 912 et
1162 850 1255 912 sicam
1285 845 1332 931 [et
1346 846 1477 932 silicem]
1508 866 1585 928 quae
1608 857 1691 911 secet

366 971 423 1035 per
447 971 463 1015 e
488 963 518 1016 et
539 954 550 1015 i
574 951 751 1023 aurilianum
776 953 848 1016 atsi
870 952 965 1035 pilum
986 953 1101 1035 sitque
1122 955 1287 1035 pinsitores
1309 959 1442 1024 utuntur,
1467 961 1497 1015 et
1513 954 1598 1015 trinea
1612 969 1717 1035 quaes

366 1059 431 1120 ruri
464 1055 574 1120 colitur
602 1068 632 1121 et
660 1055 759 1121 fistula
793 1076 848 1139 pet·
875 1059 895 1120 l.
940 1076 957 1120 a
986 1055 1097 1140 quibus
1133 1055 1263 1121 libenter
1292 1073 1487 1136 quaererem.
1511 1075 1572 1138 quo
1600 1055 1690 1121 modo

367 1161 511 1242 scripturi
534 1170 636 1222 essent
658 1159 786 1223 aedificii
810 1159 884 1242 pila,
909 1170 940 1223 et
962 1179 1022 1243 quo
1039 1159 1129 1223 modo
1152 1160 1337 1242 singularem
1361 1159 1570 1223 discernerent
1591 1158 1688 1243 aplu-

368 1264 425 1326 rali
448 1265 478 1326 in
501 1265 558 1335 bis,
584 1281 634 1327 res
657 1263 722 1328 dies
745 1265 873 1344 species,
897 1273 928 1326 et
951 1264 998 1326 itis
1020 1262 1180 1327 similibus.
1216 1265 1394 1336 Samnitem,
1418 1261 1491 1328 licet
1513 1281 1568 1347 per
1583 1281 1689 1326 omnes

366 1387 454 1432 casus
481 1369 491 1430 l
514 1367 636 1450 longam
665 1367 830 1440 custodiat,
859 1377 961 1432 tamen
985 1369 1170 1430 nominativo
1200 1376 1340 1452 correpta
1364 1369 1374 1429 i
1395 1368 1534 1447 scribite,
1566 1377 1599 1429 ut
1621 1385 1688 1430 san·

365 1472 432 1552 guis
454 1470 561 1554 pulvis.
1581 1472 1585 1477 ’
1702 1495 1729 1536 ro

452 1575 517 1639 Hoc
540 1576 639 1640 lemur
654 1577 790 1659 quamvis
806 1574 988 1637 nominativo
1012 1592 1067 1656 per
1083 1573 1213 1637 litteram
1232 1593 1248 1636 r
1264 1573 1408 1646 dieamus,
1433 1583 1535 1638 mmen
1550 1575 1687 1656 genetivo

365 1680 504 1753 leminis,
529 1679 627 1744 dativo
651 1680 771 1752 lentini,
795 1677 925 1741 ablativo
949 1676 1060 1740 lemine
1083 1677 1218 1742 scribite.
1381 1763 1384 1770 Ι

453 1783 603 1866 Cognatas
632 1783 754 1864 quidem
778 1791 921 1846 vocantur
948 1784 1029 1845 inter
1052 1801 1085 1846 se
1109 1781 1240 1853 vocales,
1264 1791 1298 1844 ut
1320 1783 1417 1856 scitis,
1449 1791 1479 1846 et
1500 1784 1531 1844 in
1556 1781 1687 1845 declina·

368 1885 502 1950 tionibus
524 1889 653 1950 invicem
675 1889 736 1950 sabi
756 1885 933 1950 succedunt.
979 1887 1052 1950 item
1068 1883 1080 1969 ΙΙ
1097 1896 1299 1950 consonantes
1321 1888 1401 1951 inter
1422 1907 1464 1958 sc,
1488 1886 1541 1950 sed
1565 1887 1688 1969 proprie

365 2001 436 2055 sunt
457 2002 613 2072 cognatae,
638 2008 714 2072 quae
738 1989 831 2054 simili
854 1991 1034 2070 figuratione
1057 1991 1120 2052 oris
1142 1988 1302 2062 dicuntur,
1327 1999 1360 2053 ut
1383 1999 1429 2053 est
1450 1989 1470 2052 b
1495 1991 1508 2050 i
1535 1989 1579 2074 [s]
1604 2010 1633 2054 m
1656 2011 1685 2073 p,
1701 2009 1727 2051 rs

365 2093 474 2175 quibus
497 2094 603 2156 Cicero
626 2091 719 2156 adicit
741 2113 770 2175 r,
798 2110 859 2156 noo
876 2112 941 2156 eam
965 2112 1043 2175 quae
1066 2094 1214 2175 accipitur
1238 2110 1294 2176 pro
1318 2093 1422 2165 vocali,
1445 2093 1498 2157 sed
1522 2113 1588 2157 eam
1611 2111 1687 2177 quae

365 2199 559 2262 consonantis
575 2196 693 2260 obtinet
705 2199 799 2260 ricem
816 2206 846 2259 et
859 2197 1027 2284 anteposita
1043 2197 1137 2259 vocali
1153 2197 1186 2259 lit
1198 2207 1232 2262 ut
1243 2197 1318 2260 aliae
1333 2216 1455 2280 quoque
1472 2206 1686 2262 consonantes.

363 2304 505 2384 quotiens
528 2303 620 2381 igitur
642 2319 699 2365 cort
721 2301 975 2382 praepositionem
1003 2311 1146 2381 sequetur
1170 2319 1224 2364 rot
1249 2303 1334 2364 cuius
1357 2304 1455 2384 prima
1477 2299 1590 2382 syllaba
1614 2302 1687 2364 inci·

365 2409 412 2487 pit
433 2425 449 2469 a
473 2423 565 2487 supra
591 2406 678 2468 dictis
701 2403 825 2476 litteris,
850 2404 879 2467 id
904 2414 950 2468 est
973 2402 992 2465 b
1016 2403 1029 2464 i
1052 2401 1097 2488 [s]
1116 2423 1181 2486 mp
1204 2424 1231 2476 r,
1255 2423 1401 2489 quaeror
1425 2407 1583 2468 coniuncta
1599 2424 1686 2486 prac-

365 2621 495 2686 mutate‚
526 2623 559 2678 ut
588 2621 634 2676 est
655 2610 802 2676 combibit
830 2611 986 2674 comburit
1016 2613 1147 2676 comiert
1175 2612 1342 2676 comiundit
1364 2623 1582 2676 commemorat
1604 2632 1686 2677 com·

364 2717 477 2780 minuit
506 2725 663 2797 comparat
691 2713 847 2797 compellit
876 2715 1068 2778 contralescit
1091 2725 1259 2787 convocat,
1289 2735 1350 2779 non
1379 2715 1516 2780 conbibit
1546 2715 1688 2781 conburit

364 2827 395 2883 et
418 2818 536 2882 similia.
582 2822 626 2884 sic
649 2821 738 2882 etiam
768 2821 798 2880 in
828 2820 1012 2900 praepositio
1046 2821 1148 2883 iuncta
1178 2819 1301 2883 vocibus
1328 2839 1403 2902 quac
1426 2821 1577 2902 incipiunt
1598 2839 1614 2883 a
1638 2840 1687 2884 su-

362 2942 417 3006 pra
446 2923 535 2986 dictis
568 2922 677 2986 litteris
712 2942 732 2986 n
762 2930 929 2985 commutat
956 2923 988 2984 in
1018 2940 1064 2995 m,
1100 2935 1132 2987 ut
1166 2923 1284 2987 imbibit
1317 2923 1426 2987 imbuit
1453 2925 1555 2987 imlert
1583 2925 1688 2987 imficit

363 3029 524 3091 immemor
546 3029 671 3112 immitis
693 3027 805 3108 impius
820 3016 980 3108 impotens.
1016 3036 1047 3089 at
1062 3027 1118 3090 sub
1135 3026 1182 3104 ob,
1208 3046 1283 3109 quae
1298 3027 1445 3092 liniuntur
1460 3029 1491 3090 in
1509 3027 1527 3091 b
1543 3026 1686 3100 litteram,
1701 3047 1728 3088 aa

432 3245 462 3295 11
483 3243 538 3295 lloc
556 3241 639 3294 lemur
662 3241 764 3297 Obmab.
782 3243 824 3302 87,
845 3243 870 3297 2.
893 3244 956 3306 136,
976 3245 1011 3294 36
1094 3245 1126 3294 13
1145 3239 1278 3309 Cognatas
1302 3243 1406 3306 quidem
1433 3243 1490 3295 Vel.
1508 3243 1594 3311 Lonp.
1616 3247 1687 3294 mi

362 3313 680 3450 &trani-aponi&
699 3313 781 3364 2314.
800 3313 873 3364 2518
895 3311 955 3363 Ter.
984 3310 1076 3366 Scaur.
1096 3313 1175 3365 2251.
1193 3313 1263 3362 2266
1345 3313 1378 3365 23
1402 3313 1441 3364 sic
1465 3314 1541 3364 etiam
1567 3315 1592 3364 in
1612 3328 1687 3380 prae-

433 3599 448 3648 1
466 3593 556 3664 iaciat]
576 3595 675 3648 iaciunt
692 3595 752 3647 AB
764 3608 815 3652 ως
894 3595 1023 3662 2ριιιιίιιι
1041 3597 1132 3660 priore
1150 3597 1207 3647 loco
1225 3593 1252 3646 B
1270 3570 1370 3662 partim
1389 3599 1415 3648 A
1437 3609 1536 3664 partem
1558 3599 1618 3651 Vol.

362 3667 458 3736 partim
474 3667 624 3733 posteriorc
642 3669 698 3718 ioco
717 3681 765 3718 om.
785 3664 843 3716 AB
854 3682 875 3715 ω
888 3677 914 3728 ς,
943 3665 1008 3716 add.
1032 3663 1239 3716 Wocltrmtttbirta
1256 3667 1328 3730 apud
1350 3665 1543 3718 anaaaaiurn
1562 3669 1595 3720 de
1617 3670 1688 3720 Var-

362 3753 420 3790 ron.
438 3735 498 3790 libr.
516 3751 621 3803 mamm.
638 3752 667 3801 p.
688 3737 738 3786 175
821 3735 908 3800 inepte
925 3733 989 3785 illud
1007 3745 1086 3799 atque
1104 3735 1181 3784 etiarn
1200 3733 1306 3784 ridicule
1324 3747 1376 3790 ως
1450 3737 1573 3787 ridiculae
1592 3740 1616 3789 A

362 3803 507 3858 umilitate
530 3815 555 3855 et
573 3805 649 3854 trinea
667 3804 690 3855 si
709 3805 745 3854 sit
768 3817 848 3870 supra
870 3817 948 3868 quam
968 3801 1087 3858 ΑΒως
1113 3802 1223 3853 militare
1251 3803 1328 3853 telum
1352 3815 1377 3854 et
1400 3804 1475 3854 uinea
1498 3806 1587 3857 subter
1609 3823 1686 3871 quom

362 3877 470 3942 Lipsius
493 3875 526 3926 de
548 3880 623 3925 recto
643 3875 856 3939 pronuntiatione
879 3876 924 3924 int.
947 3875 1009 3936 iiap.
1032 3888 1054 3923 c.
1074 3874 1091 3922 ii
1112 3889 1140 3938 p.
1167 3875 1203 3923 37
1225 3873 1267 3924 eri.
1292 3872 1376 3938 Lapd.
1394 3871 1457 3924 Bai.
1480 3891 1505 3928 a.
1533 3877 1601 3927 1586

362 3947 502 4012 ingeram
522 3944 548 3995 A
601 3954 626 3992 et
644 3941 742 3993 silicem
761 3942 855 3993 deiecit
878 3940 1062 3993 Wiimnnnaias
1079 3943 1097 3994 i.
1115 3957 1138 3991 e.
1158 3957 1192 3991 aa
1211 3940 1338 3992 siculam?
1391 3943 1408 3992 6
1432 3941 1687 3996 etilatulariverrmt

364 4021 413 4078 eat,
427 4014 507 4063 sicam
520 4014 561 4063 ecl
573 4011 680 4062 siculam
692 4026 743 4076 pro
756 4009 843 4061 bstula
855 4011 908 4062 dici
920 4011 996 4062 uoluit
1006 4015 1188 4075 prantmatirtta
1245 4013 1260 4062 7
1279 4009 1389 4061 aedilicii
1403 4011 1480 4078 pilam
1495 4013 1601 4078 Sciradp
1612 4031 1639 4080 p.
1653 4016 1688 4066 28

414 4079 573 4149 singularem
586 4080 701 4131 dicerent
712 4076 846 4142 (dicebant
857 4095 927 4131 corr.
942 4078 1057 4130 dicerent
1068 4077 1106 4143 B)
1123 4089 1168 4129 aut
1186 4078 1310 4145 pluralem
1332 4079 1442 4136 ΑΒως
1460 4082 1619 4148 singularem
1632 4084 1687 4133 dis-

363 4161 554 4203 cernerentaut
570 4148 696 4216 pluralem
714 4147 819 4214 Sellody
872 4147 1123 4203 8similiaABtus
1176 4149 1348 4218 iileorreptai
1366 4152 1616 4217 utsanguispuittis
1632 4150 1689 4204 AB

362 4231 483 4288 correpta
501 4221 518 4284 i,
539 4229 567 4270 ut
579 4219 688 4285 sanguis
701 4217 789 4284 puluis
808 4227 917 4274 estias
997 4220 1027 4266 11
1047 4217 1437 4282 quamaietoeqitAcnt
1517 4224 1549 4272 13
1568 4217 1685 4287 quidam]

362 4289 398 4354 dd
417 4287 453 4353 (lt.
472 4305 494 4342 e.
513 4287 672 4353 quidem)A
697 4284 813 4350 quodB
834 4287 961 4350 quaedam
979 4297 1031 4340 ως
1111 4285 1419 4342 lectionarius
1503 4291 1535 4341 15
1556 4289 1685 4356 birmp

362 4371 413 4414 ως
484 4359 517 4410 16
536 4351 641 4424 Cicero]
662 4363 729 4408 orat.
749 4357 791 4414 47,
810 4357 861 4407 158
941 4369 997 4406 eam
1009 4368 1076 4419 quae
1088 4356 1214 4423 accipitur
1226 4369 1274 4423 pro
1288 4353 1372 4405 vocali
1388 4357 1435 4407 sed
1452 4361 1478 4408 ia
1490 4374 1571 4425 morp.
1586 4361 1648 4414 add.
1660 4360 1687 4411 A

432 4429 464 4480 18
482 4427 586 4490 quoties
605 4425 685 4494 igitar
703 4425 925 4492 praepositionem
943 4440 993 4477 con
1011 4435 1134 4487 sequetur
1153 4425 1181 4480 C.
1197 4425 1227 4476 L.
1243 4424 1415 4477 Sebaeidcmta
1432 4443 1538 4492 promta
1558 4430 1620 4494 [inp.
1637 4433 1683 4481 iai.

363 4495 379 4548 1
395 4513 422 4562 p.
442 4498 493 4546 655
511 4495 632 4560 quotiens
651 4495 731 4561 igitur
749 4495 956 4561 praepositiones
979 4503 1130 4557 sequeretur
1148 4491 1282 4558 (sequetur
1298 4493 1325 4556 ς)
1346 4493 1404 4544 AB
1415 4508 1468 4552 ως
1485 4497 1589 4560 quoties
1608 4499 1688 4564 igitur

361 4565 631 4688 ppaBepositioneswinb
644 4578 694 4684 pon
717 4577 854 4684 sequeffip
863 4564 999 4683 igetfredbts
1080 4564 1164 4682 ppinpa
1182 4563 1283 4629 syllaba
1301 4562 1584 4685 Splpneidcraepuptritpn
1603 4565 1687 4617 littera

433 4646 484 4690 ως
667 4649 679 4684 s
723 4647 776 4681 mn
929 4646 1077 4682 amtttn
1152 4647 1200 4682 rm
1246 4645 1298 4688 ιις
1367 4647 1452 4684 ιιιιι
1524 4651 1609 4686 actas

362 4705 396 4755 20
414 4699 566 4770 coninndat]
587 4648 738 4754 coniungat
756 4702 782 4753 A
865 4703 898 4753 22
917 4648 1052 4768 eobptrat
1070 4701 1199 4752 conttteilit
1216 4647 1383 4751 gomualescit
1400 4649 1533 4770 cpompdlit
1550 4715 1688 4755 comuocat

363 4771 484 4830 ΑΒως
507 4784 642 4840 comparat
664 4769 795 4838 compellit
816 4769 983 4822 comuolcscit
1004 4770 1135 4821 compellit
1156 4781 1293 4822 conruocut
1317 4770 1454 4824 nanctae
1534 4775 1567 4825 23
1591 4775 1617 4824 iu
1636 4791 1685 4826 orn.

363 4839 420 4893 AB
432 4855 492 4906 ως,
510 4843 573 4896 add.
592 4841 730 4892 Memor
817 4841 852 4890 24
870 4851 1012 4890 commutat
1029 4839 1055 4890 B
1067 4857 1084 4890 a
1101 4840 1159 4892 Vol.
1179 4841 1309 4892 commatri
1328 4841 1352 4890 A
1372 4853 1599 4900 commutamus

363 4913 398 4963 25
415 4911 552 4962 immernor
569 4911 667 4978 impius
684 4910 790 4962 immitis
808 4909 939 4976 impotens
959 4907 1018 4960 AB
1029 4923 1097 4966 ως·
