3906 5564
363 315 406 384 90
867 319 975 372 MARII
992 317 1183 372 vtcrottutt

390 432 412 475 p.
426 421 484 464 maa.
498 421 524 464 er
541 419 564 464 e.
1214 455 1216 458 .
1484 431 1506 476 p.
1523 421 1568 464 ιιι.
1588 421 1614 462 ιι
1627 419 1653 464 c.

363 509 440 592 (pari
464 511 575 574 etenim
598 509 680 590 lege,
711 516 745 572 ut
768 507 856 592 longa
884 509 915 570 in
938 508 1012 573 duas
1034 508 1143 573 breves
1172 507 1313 582 solvitur,
1343 510 1384 574 ita
1407 509 1483 573 duae
1513 509 1619 574 breves
1648 512 1680 572 in

363 633 454 680 unam
477 615 598 697 longam
621 611 847 694 conectuntur),
877 631 949 696 ergo
978 614 1002 678 si
1025 612 1132 678 breves
1156 611 1230 676 datas
1252 614 1283 676 iu
1307 631 1396 676 unam
1421 612 1538 696 longam
1562 623 1680 678 contra·

363 718 431 792 has.
462 720 581 781 eveniet
609 725 643 780 ut
672 715 869 800 sequentibus
898 718 966 782 aliis
995 719 1094 800 longis
1123 717 1240 782 duabus
1268 716 1404 780 eiusdem
1433 718 1519 800 pedis
1547 720 1680 800 quinque

363 826 525 886 continuae
548 821 657 903 longae
679 819 809 904 syllabae
832 823 905 885 liant
928 831 958 884 et
978 822 1132 886 incertum
1155 824 1202 895 sit.
1233 830 1336 884 utrum
1360 820 1506 885 molossus
1529 841 1567 886 an
1590 841 1679 906 spon·

362 926 436 990 deus
464 928 548 1008 prior
577 925 692 1008 positus
720 922 877 989 habeatur.
922 936 952 990 at
980 929 1012 990 in
1049 944 1084 988 eo
1114 928 1166 1008 qui
1195 943 1211 986 a
1241 925 1351 988 minori
1380 933 1427 988 εει
1454 927 1572 990 ionicus
1600 926 1707 990 idems

362 1038 466 1094 contra
489 1039 543 1093 est.
588 1030 705 1112 prlmae
735 1032 814 1094 enim
843 1031 908 1094 cius
931 1029 1009 1094 dnae
1031 1029 1140 1094 breves
1169 1027 1349 1094 conciliatae
1373 1026 1537 1092 molossum
1560 1030 1679 1100 lanient.

362 1135 470 1198 dehinc
499 1149 629 1214 sequens
658 1135 774 1197 ionicus
806 1152 822 1196 a
850 1134 934 1197 brevi
962 1135 1080 1196 initium
1109 1142 1222 1204 sumet,
1257 1151 1293 1196 ex
1330 1151 1389 1216 quo
1417 1134 1450 1196 iit
1483 1141 1518 1196 ut
1550 1133 1681 1216 quinque

363 1237 523 1319 longarum
547 1239 732 1300 continuatio
756 1236 892 1302 eiusdem
916 1238 1128 1302 interiectione
1144 1244 1331 1301 secernatur.
1364 1253 1437 1318 ergo
1453 1234 1681 1300 observabimus

361 1341 469 1425 pedem
493 1339 657 1406 molossum
681 1343 787 1404 maiori
810 1343 910 1405 ionico
933 1343 964 1404 in
986 1341 1056 1414 line,
1074 1339 1215 1426 liminari
1239 1347 1338 1404 autom
1362 1341 1442 1404 inter
1466 1341 1550 1404 initia
1566 1358 1679 1424 ponere

361 1454 391 1508 et
413 1463 520 1508 carere
542 1464 581 1508 ne
604 1448 635 1510 in
660 1444 819 1508 medietate
842 1443 1016 1510 collocetur.
1049 1447 1157 1528 recipit
1178 1446 1236 1509 hoc
1252 1454 1382 1509 metrum
1399 1444 1566 1509 trochaicus
1582 1443 1679 1514 bases.
1695 1469 1720 1508 ro

360 1549 390 1612 id
414 1557 460 1612 est
482 1548 634 1632 duplicem
658 1547 847 1622 trochaeum,
872 1551 924 1632 qui
947 1548 1071 1612 totidem
1096 1560 1269 1631 temporum
1291 1559 1352 1620 est,
1382 1550 1460 1614 sicut
1482 1559 1514 1612 et
1535 1546 1679 1613 iambicos

360 1652 448 1716 bases
477 1653 714 1719 choriambicum
744 1660 773 1716 et
802 1653 1043 1736 arthmeticam.
1066 1652 1159 1734 'quod
1189 1654 1254 1716 heri
1290 1652 1394 1717 dicunt
1425 1652 1478 1716 sed
1514 1661 1544 1715 et
1573 1662 1680 1715 vocant

360 1750 445 1820 nard
469 1754 701 1839 συμπάθειαν.
740 1755 879 1820 similiter
895 1764 1089 1837 anapaestum
1114 1767 1144 1820 et
1159 1757 1346 1840 pyrrichium
1370 1760 1539 1839 geminatos
1554 1755 1678 1838 recipit;

359 1861 494 1944 adaeque
529 1871 560 1924 et
593 1861 766 1942 tribrachyn
802 1879 870 1924 com
903 1859 1045 1924 trochaeo
1079 1879 1132 1924 seu
1162 1871 1267 1926 contra
1291 1859 1295 1946 Ι
1321 1869 1435 1926 mutato
1464 1862 1523 1923 situ
1551 1861 1680 1923 sociatos

360 1965 514 2028 dumtaxat
537 1963 676 2028 admittit.
721 1964 802 2048 quod
825 1967 873 2038 tlt,
898 1973 1046 2047 utsupra
1069 1965 1271 2038 ostendimus,
1301 1985 1369 2030 cum
1392 1964 1500 2058 longae
1523 1962 1679 2027 solvuntur
1693 1985 1718 2026 ιε

360 2071 390 2133 ιιι
415 2066 523 2132 breves
538 2071 629 2132 etiam
652 2069 682 2131 in
699 2069 854 2132 trochaica
878 2071 1104 2149 coniugatione.
1128 2087 1217 2151 quam
1234 2067 1421 2133 familiariter
1436 2069 1575 2151 suscipit,
1600 2086 1678 2150 quae

359 2175 530 2254 coniugatio
553 2169 662 2253 pedem
684 2170 910 2256 tetrasyllabum
933 2171 1155 2244 ditrochaeum,
1186 2172 1216 2236 id
1246 2184 1291 2237 est
1318 2170 1467 2256 duplicem
1492 2169 1677 2242 trochaeum,

359 2295 450 2360 quem
466 2275 636 2340 dichorium
652 2278 683 2339 in
700 2275 827 2340 Oratore
843 2276 948 2340 Cicero
964 2285 1068 2340 noster
1084 2276 1226 2358 appellat,
1251 2278 1350 2340 eisrcit.
1395 2276 1525 2339 ionicum
1547 2285 1678 2339 metrum

359 2379 481 2463 quidam
510 2398 531 2442 a
558 2398 671 2462 genere
704 2379 860 2444 hominum
889 2380 1066 2444 vocabulum
1095 2381 1247 2463 accepisse
1281 2381 1504 2452 existimarunt,
1539 2378 1618 2460 qnod
1647 2381 1678 2442 in

359 2483 500 2566 rhythmo
530 2493 562 2548 ει
587 2485 661 2547 satis
689 2481 840 2566 prolixum
863 2491 893 2547 et
915 2484 989 2548 satis
1013 2482 1119 2556 molle,
1147 2485 1225 2548 sicut
1254 2483 1387 2548 eiusdem
1417 2485 1513 2566 gentis
1541 2485 1719 2547 homineseo

358 2587 582 2652 adseveranter.
627 2587 783 2651 scanditur
806 2595 907 2651 autem
929 2607 984 2671 per
1007 2587 1153 2670 dipodias.

444 2689 509 2754 Erit
531 2693 625 2772 igitur
647 2691 738 2755 buius
760 2701 984 2756 monometrum
1006 2691 1203 2756 acatalectum
1227 2693 1301 2765 tale,

875 2794 1017 2860 Phoebus
1039 2815 1156 2868 comes,

358 2880 632 2964 hypercatalectum

896 2987 952 3050 per
975 2968 1140 3040 Leucadia;

357 3053 517 3118 dimetrum
541 3064 640 3118 autem

780 3143 898 3207 hostem
922 3151 1026 3224 tegere
1049 3150 1095 3206 est
1116 3150 1254 3224 paratus,

357 3244 447 3308 huius
470 3243 761 3326 brachycatalectum

805 3407 807 3412 ,
847 3335 924 3396 reris
946 3351 1033 3396 coma
1055 3333 1185 3405 florens:

358 3437 528 3499 trimetrum
551 3453 622 3497 vero
645 3435 842 3501 acatalectum

667 3539 785 3603 hostem
809 3549 912 3622 tegere
935 3549 982 3602 est
1003 3547 1126 3622 paratus
1149 3551 1180 3603 et
1202 3547 1259 3602 stat
1282 3540 1362 3621 ipse,

359 3643 448 3706 huius
469 3643 743 3725 hypercatalectum

667 3745 715 3808 lex
738 3747 812 3810 haec
834 3748 890 3809 init
911 3747 981 3810 olim
1004 3767 1169 3830 puerorum
1193 3748 1362 3829 Stephano;

359 3857 568 3914 tetrametrum
591 3857 692 3912 autem
716 3849 1021 3934 brachycatalectum‚
1046 3861 1078 3916 ut

596 3953 712 4016 hostem
735 3964 839 4036 tegere
862 3963 908 4018 est
929 3965 1052 4036 paratus
1076 3965 1105 4018 et
1128 3965 1185 4019 stat
1208 3959 1274 4038 ipse
1297 3955 1412 4027 nudus,
1431 3953 1442 4038 ΙΙ

425 4126 459 4178 34
478 4124 581 4176 Ιιοειειιι
603 4125 707 4178 Terent.
726 4126 814 4179 Maur.
833 4129 904 4179 2046

425 4283 441 4333 2
459 4282 552 4333 breues
565 4279 587 4331 ll
600 4281 627 4332 in
646 4295 723 4331 unam
742 4298 758 4332 a
775 4281 868 4333 breues
881 4283 905 4332 in
920 4297 996 4333 unam
1017 4283 1042 4333 A
1055 4280 1081 4332 B
1098 4281 1189 4340 Vobs
1241 4283 1257 4335 h
1276 4282 1344 4333 idem
1361 4293 1451 4333 eontra
1463 4293 1504 4334 εει
1521 4294 1538 4338 ς
1557 4281 1600 4334 ide
1612 4295 1677 4332 eon·

357 4361 395 4402 tra
414 4363 454 4402 ert
471 4352 496 4402 Α
515 4349 542 4402 id
561 4363 601 4400 εει
619 4363 708 4402 contro
726 4361 766 4401 est
785 4349 810 4401 B
879 4352 946 4404 'tex
965 4367 1016 4416 quo
1035 4364 1053 4408 ς
1071 4364 1096 4402 ει
1114 4365 1165 4415 quo
1185 4350 1249 4402 AB
1302 4353 1335 4403 ro
1354 4351 1424 4402 basis
1444 4349 1508 4402 AB
1580 4352 1611 4402 12
1630 4351 1675 4402 ha·

356 4419 393 4472 sis
414 4419 477 4472 AB
566 4421 598 4473 18
621 4421 648 4470 in
667 4420 775 4471 Oratore
793 4418 894 4487 Cicero]
917 4421 958 4482 63,
976 4423 1026 4472 att
1050 4421 1147 4472 insistit
1170 4431 1255 4472 nartem
1278 4421 1391 4472 ambitus
1411 4419 1494 4472 modis
1513 4420 1642 4488 pluribus,
1662 4435 1675 4470 e

356 4489 451 4554 quibus
470 4502 549 4539 rrnnm
568 4498 608 4540 est
625 4499 714 4540 sectata
732 4490 796 4540 heia
813 4491 937 4556 maxime,
960 4491 1005 4555 qui
1023 4489 1161 4542 dichoreus
1180 4502 1295 4551 vocatur,
1315 4504 1372 4540 cum
1391 4490 1442 4540 dato
1461 4491 1569 4540 extremi
1587 4489 1675 4540 chorei

357 4569 426 4622 runt,
445 4558 471 4609 id
490 4567 531 4610 εει
549 4573 562 4608 ε
581 4559 693 4625 singulis
713 4558 799 4626 longis
818 4571 842 4610 ει
860 4560 980 4612 brevibus
1066 4562 1098 4612 19
1116 4575 1132 4610 e
1150 4557 1390 4622 om.AB,add.c
1469 4559 1586 4622 sortasse
1604 4557 1676 4623 qnod

357 4629 392 4678 sit
408 4627 529 4694 rhythmo
554 4639 579 4678 et
597 4629 662 4680 satis
706 4627 790 4678 rolino
813 4640 838 4679 et
861 4631 925 4681 satis
949 4628 1020 4679 molli
1038 4632 1079 4681 cel
1100 4630 1170 4694 quod
1194 4629 1340 4693 rhythmum
1365 4626 1443 4678 iaciat
1460 4629 1525 4680 satis
1543 4627 1675 4695 prolixum

357 4707 382 4747 et
400 4697 464 4749 satis
483 4696 596 4750 mollem.
622 4699 657 4762 cs.
678 4645 775 4764 lapte.
795 4697 918 4752 Andros.
935 4694 1002 4764 περὶ
1022 4693 1073 4781 τῆς
1097 4697 1153 4750 τῶν
1171 4695 1271 4750 ποδῶν
1293 4689 1452 4763 ὀνομασίας
1468 4715 1497 4764 p.
1518 4699 1578 4755 262,
1597 4699 1614 4748 3
1633 4697 1674 4748 ed.

357 4765 449 4816 rvauet·
472 4759 502 4817 oi
519 4760 552 4817 di
576 4760 691 4820 revecat
710 4759 882 4835 ἐκλήθησαν
905 4759 964 4820 rino
987 4765 1045 4818 τῶν
1071 4761 1169 4820 totvm
1194 4766 1250 4819 τῶν
1274 4762 1440 4833 episcopide,
1471 4759 1574 4852 e'rrerdp'
1599 4757 1674 4817 κατὰ

357 4833 479 4906 μίμησιν
491 4825 612 4889 ἐκείνων
625 4829 782 4904 μαλθακόν
795 4853 824 4889 τε
838 4836 888 4889 καὶ
907 4829 1147 4906 ἀναβεβλημένον
1165 4835 1215 4888 και
1229 4833 1337 4903 χαῦνον
1350 4835 1467 4888 ποιοῦσι
1487 4826 1538 4887 τὸν
1557 4825 1675 4902 ρυθμόν

427 4907 460 4960 ‘tt
479 4921 526 4974 per
544 4905 689 4960 Leucadiae
707 4920 724 4963 ς
793 4908 825 4959 ‘ii
846 4922 945 4982 tergere
964 4909 988 4962 Α
1060 4911 1093 4959 35
1113 4920 1136 4956 ει
1155 4903 1217 4975 stat]
1240 4917 1278 4956 εει
1297 4917 1321 4954 ει
1340 4917 1356 4963 ς
