3906 5564
369 272 431 338 146
867 273 975 326 naun
996 271 1189 328 vtcrottntt

393 387 415 430 p.
429 373 488 416 area
504 375 531 416 aa
546 372 569 420 r.
1488 385 1511 428 p.
1524 373 1569 416 aoo.
1584 373 1622 416 aor
1637 371 1663 414 c.

366 465 437 527 item
461 483 498 527 ex
523 461 676 528 trochaico
701 463 831 526 dimetro
854 461 1031 526 catalectico
1047 471 1077 525 ot
1092 463 1192 526 ionico
1208 455 1275 525 dud
1291 461 1444 544 μειζονος
1465 461 1577 526 ultimis
1593 461 1690 525 tribus

282 579 286 586 '
366 568 517 631 trochaeis
541 577 569 631 et
595 565 758 648 semipede,

472 671 609 756 luppiter
632 669 716 733 caelo
739 669 849 734 sedens
872 669 985 734 fulmen
1009 677 1096 754 parat
1118 688 1203 742 acre,
1229 679 1337 734 cuncta
1361 687 1422 752 quo
1444 677 1587 734 tremunt.

365 775 437 837 item
461 793 496 838 ex
520 772 715 858 ithyphallico
738 797 753 832 a
776 775 835 847 sic,

639 885 740 942 mente
763 879 931 942 concitatus
953 877 1044 943 tollor
1066 881 1096 943 in
1119 878 1258 962 scopulos
1280 887 1419 962 repente.

367 983 439 1045 item
464 999 502 1044 ex
526 985 718 1065 anapaestico
740 981 872 1046 dimetro
895 981 1060 1047 acatalecto
1083 993 1113 1046 et
1135 982 1265 1047 iambico
1288 982 1418 1046 dimetro
1441 981 1624 1053 catalectico,

512 1103 567 1168 age
591 1103 672 1149 nunc
694 1088 821 1152 comites
844 1085 967 1152 rabidae
991 1085 1118 1169 Cybeles
1141 1096 1249 1151 vocent
1271 1086 1380 1149 choros
1402 1085 1439 1148 ad
1463 1105 1540 1150 oras.

366 1189 437 1251 item
459 1175 497 1252 'ex
522 1188 643 1278 dipodia
665 1193 856 1274 anapaestico
880 1200 911 1254 et
932 1190 1145 1274 ithyphallico,

652 1348 655 1355 .
691 1313 745 1376 age
768 1313 849 1359 nunc
872 1297 1007 1368 comites,
1031 1294 1109 1358 lerte
1132 1313 1215 1358 sacra
1240 1295 1370 1361 baccho.

365 1399 436 1460 item
460 1416 497 1460 ex
521 1396 697 1462 choriambo
721 1407 751 1461 et
773 1397 894 1482 dipodia
917 1396 1045 1464 iambica
1069 1385 1274 1462 et'uoehaica
1298 1396 1405 1462 ultimo
1428 1395 1642 1479 amphimacro,
1702 1408 1727 1447 10

600 1501 693 1587 Lydia
717 1502 766 1565 dic
788 1520 898 1585 precor
921 1502 1036 1574 libens,
1060 1502 1141 1564 unde
1165 1501 1240 1566 mala
1264 1521 1341 1586 quae
1363 1503 1453 1582 geris.
1531 1539 1534 1545 -

258 1695 262 1704 ¹
367 1607 440 1668 item
464 1623 499 1668 ex
523 1607 671 1686 paeonico
696 1609 835 1705 trimetro
858 1605 1033 1670 catalectico
1057 1615 1088 1668 et
1110 1605 1320 1690 ithyphallico,
1344 1615 1378 1669 ut

475 1735 478 1744 ·
558 1727 639 1773 nuno
663 1711 756 1789 agite,
780 1728 860 1774 nunc
884 1710 1028 1794 tripudiis
1051 1708 1126 1772 mihi
1150 1709 1238 1774 dulce
1261 1710 1338 1774 icrte
1361 1726 1494 1777 cannen.

319 1846 322 1853 ·
366 1814 440 1877 item
465 1833 500 1876 ex
522 1816 671 1896 paeonico
694 1814 824 1878 dimetro
847 1823 877 1878 et
899 1812 1107 1878 choriambico
1131 1813 1261 1878 dimetro
1285 1812 1476 1885 catalectico,
1501 1821 1532 1875 ut

622 1936 702 1980 nunc
725 1919 804 1998 agite
827 1926 887 1982 tota
911 1921 994 1982 uenit
1016 1917 1110 2001 Lydia
1133 1937 1214 1982 nunc
1238 1937 1292 2001 per
1316 1937 1430 1982 omnes.

365 2023 436 2086 item
461 2040 496 2084 cx
521 2023 622 2084 ionico
644 2015 712 2084 ἀπὸ
737 2017 924 2096 ἐλάσσονος
946 2030 977 2084 et
999 2039 1114 2104 paeone
1137 2023 1228 2085 tertio
1254 2031 1283 2084 et
1305 2012 1509 2106 ithyphallico,

643 2127 822 2190 miserarum
848 2134 894 2190 est
916 2145 972 2190 nec
996 2145 1099 2189 amore
1121 2145 1178 2189 nec
1200 2126 1303 2189 lurore
1325 2127 1417 2206 tangi.

365 2232 438 2295 item
462 2249 498 2294 en
523 2227 640 2292 duobus
669 2231 776 2294 ionicis
799 2223 865 2293 claud
887 2229 1041 2314 μείζονος
1070 2237 1100 2292 et
1121 2227 1299 2293 choriambo
1329 2237 1358 2292 et
1381 2229 1487 2292 ultimo
1510 2227 1610 2292 iambo
1633 2229 1685 2302 sic,

648 2334 697 2397 dic
720 2351 802 2398 nuuc
824 2351 889 2414 age,
914 2334 988 2407 cho,
1012 2331 1088 2397 mihi
1110 2333 1276 2412 Pegaseum
1300 2332 1404 2398 melos.

452 2436 495 2501 dd
518 2455 667 2501 summam
697 2441 798 2502 omnia
828 2447 938 2512 metra,
974 2447 1005 2501 et
1032 2456 1108 2520 quae
1137 2440 1218 2501 inter
1243 2436 1247 2521 Ι
1271 2455 1304 2501 se
1331 2446 1518 2517 congruunt,
1550 2445 1580 2499 et
1607 2455 1725 2520 quaero

366 2549 538 2624 temporum
563 2544 681 2605 ratione
704 2545 855 2606 contraria
879 2549 964 2615 sunt,
994 2543 1020 2606 si
1045 2541 1166 2626 plenius
1182 2539 1194 2626 l
1211 2541 1402 2614 consideres,
1433 2540 1470 2603 ab
1499 2540 1593 2603 heroo
1625 2551 1686 2604 tra·

367 2645 456 2709 ducta
480 2653 559 2709 sunt.
606 2654 637 2708 et
652 2644 842 2709 mehercules
858 2647 952 2726 siquis
975 2655 1118 2709 excutere
1134 2647 1255 2729 penitus
1270 2643 1357 2716 velit,
1381 2645 1521 2716 inveniet,
1546 2654 1685 2726 utsupra

364 2750 511 2822 diximus,
536 2751 636 2812 omnia
660 2767 772 2829 genera
796 2747 833 2812 ab
856 2748 1031 2812 hexametro
1055 2749 1149 2813 heroo
1173 2757 1203 2812 et
1225 2751 1362 2812 trimetro
1386 2748 1519 2812 iambico
1541 2747 1684 2816 derivata,

365 2855 501 2936 quamvls
525 2861 554 2914 et
576 2851 737 2916 iambicum
767 2851 852 2916 heroi
876 2856 914 2916 sit
936 2853 1152 2927 traductirum,
1184 2871 1240 2915 uec
1269 2854 1430 2935 quicquam
1459 2855 1525 2915 sine
1555 2852 1602 2914 his
1631 2870 1686 2933 per

363 2971 396 3021 ee
419 2975 508 3040 posse
531 2954 705 3020 subsistere.
752 2956 846 3028 unde,
877 2965 910 3020 nt
933 2957 1077 3030 diximus,
1102 2958 1176 3021 haec
1199 2955 1258 3019 duo
1283 2965 1376 3018 metra
1408 2965 1441 3018 ut
1464 2955 1611 3020 elementa
1635 2973 1724 3017 ce-aa

365 3071 499 3124 terorum
522 3077 557 3122 ac
580 3062 694 3124 semino
719 3060 857 3124 habenda
873 3065 983 3125 merito
1006 3081 1040 3126 ac
1057 3061 1183 3125 dicenda
1207 3070 1285 3124 sunt.
1332 3061 1407 3124 haec
1422 3062 1461 3124 ita
1488 3059 1687 3140 viderintque

364 3183 441 3238 esse,
472 3173 505 3226 ut
533 3162 671 3238 diximus,
701 3167 726 3227 sl
745 3163 877 3228 studiosa
910 3164 1172 3246 comtemplatione
1202 3162 1337 3246 exempla
1367 3183 1444 3247 quae
1474 3172 1685 3246 proponuntur

364 3268 544 3338 adverteris,
568 3266 761 3351 adprobabis.
806 3279 1064 3332 nam-metrorum
1088 3269 1221 3352 species,
1250 3271 1388 3350 quamtis
1410 3271 1531 3350 generis
1554 3268 1600 3330 sui
1623 3267 1684 3349 pri·

363 3369 471 3453 vilegio
499 3370 657 3435 distinctae
685 3375 761 3446 sint,
790 3380 889 3436 tamen
918 3373 1040 3436 misceri
1062 3375 1142 3437 inter
1169 3391 1203 3435 se
1236 3378 1327 3453 atque
1357 3371 1484 3436 dirersis
1513 3373 1683 3434 communia

364 3477 442 3540 ellici
466 3494 500 3537 ea
530 3473 667 3539 videlicet
689 3478 820 3548 ratione,
851 3495 908 3560 qua
932 3485 1056 3547 cuncta,
1080 3485 1113 3539 ut
1140 3475 1338 3548 dictumest,
1368 3495 1405 3539 ex
1433 3476 1537 3538 eadem
1567 3477 1683 3554 origine
1698 3493 1724 3536 ao

364 3590 454 3662 atque
477 3597 537 3643 uno
561 3580 644 3643 ionte
667 3579 860 3653 derivantur,
884 3581 927 3643 sic
949 3579 1228 3661 comprehenditur.
1275 3577 1401 3660 legimus
1424 3579 1502 3664 apud
1525 3579 1683 3642 lloratium

761 3685 816 3748 sio
838 3693 873 3747 te
896 3682 979 3748 diua
1002 3692 1136 3764 potens
1160 3683 1287 3767 Cypri:

367 3811 572 3824 *—

375 3904 378 3910 ¹
432 3936 449 3988 6
466 3936 526 3985 item
546 3948 579 3985 ex
596 3933 764 4000 anapaestico
787 3933 896 3984 dimetro
913 3950 942 4000 p.
961 3935 1023 3994 103,
1037 3938 1061 3986 1.
1082 3936 1189 3994 141,12
1265 3934 1282 3986 8
1305 3935 1365 3984 item
1384 3949 1417 3984 ex
1439 3933 1547 4001 dipodia
1570 3949 1684 4002 anapae-

365 4005 431 4056 stlca
447 4021 475 4071 p.
495 4003 603 4062 142,.11
675 4004 706 4054 10
724 4002 784 4052 item
803 4017 835 4052 ex
853 4001 1003 4054 choriambo
1020 4020 1047 4070 p.
1068 4005 1128 4066 144,
1144 4005 1176 4052 19
1252 4005 1284 4056 1³
1304 4018 1371 4054 nunc
1388 4005 1458 4071 agite
1474 4019 1502 4070 p.
1522 4005 1563 4064 97,
1577 4005 1614 4055 23

366 4077 398 4126 12
416 4073 457 4126 dio
476 4087 544 4123 nuno
560 4090 589 4139 p.
602 4073 645 4136 91,
658 4073 693 4122 22
762 4073 796 4124 20
814 4069 855 4122 nd
872 4086 1000 4123 summam
1018 4097 1053 4111 -
1070 4073 1105 4124 26
1123 4070 1232 4124 dicenda
1251 4083 1312 4124 sunt
1328 4089 1356 4138 p.
1375 4075 1434 4137 124,
1449 4073 1482 4124 21

366 4204 573 4220 *-

435 4297 564 4350 lultimls
583 4308 601 4353 ς
619 4293 755 4347 ultissimis
774 4295 800 4346 A
813 4293 840 4345 B
903 4291 1045 4364 blalmeu]
1066 4295 1162 4348 flamen
1180 4295 1207 4347 B
1270 4297 1431 4362 diaconam,
1450 4313 1501 4365 qua
1519 4298 1619 4350 excidii
1637 4299 1682 4350 de·

360 4369 445 4435 finitio
463 4369 517 4420 eiua
534 4367 620 4432 portis
655 4381 704 4417 uae
721 4364 911 4431 ithypholtieum
928 4367 1059 4434 sepeciem,
1083 4367 1196 4419 indmooi
1264 4367 1440 4434 danapaesto
1459 4368 1485 4419 A
1499 4365 1555 4424 Be
1623 4382 1682 4418 aca-

365 4433 469 4504 talecto]
493 4435 615 4487 catalecto
747 4435 763 4485 2
786 4449 861 4485 sacra
879 4434 934 4491 ςΒ
957 4450 1030 4487 sacro
1049 4436 1075 4488 A
1165 4438 1196 4488 10
1218 4435 1308 4488 ultimo
1327 4447 1352 4487 et
1374 4435 1551 4504 amphimacro
1570 4435 1597 4488 B

366 4510 396 4558 11
415 4501 502 4573 mala]'
519 4505 686 4569 donarupro
703 4519 731 4570 p.
750 4505 856 4562 14129
932 4505 964 4556 15
983 4513 1050 4556 nuno
1068 4505 1165 4572 agitato
1185 4506 1255 4556 uenit
1273 4502 1374 4561 Aue.
1397 4505 1433 4570 es.
1449 4523 1476 4572 p.
1490 4507 1533 4570 97,
1546 4507 1589 4556 25.
1618 4507 1683 4556 duos

364 4578 487 4629 dimetros
503 4577 577 4642 neple
595 4577 679 4626 entius
695 4574 861 4624 coelun-'cisae
873 4574 975 4626 videtur
991 4575 1140 4627 Victorinus
1193 4573 1277 4640 Lydia
1294 4574 1336 4624 dic
1354 4589 1401 4640 per
1419 4587 1546 4630 omness
1600 4575 1631 4626 18
1649 4589 1683 4624 ex

364 4645 466 4698 duobus
485 4589 595 4710 ionicisl
610 4659 643 4694 ex
662 4643 747 4693 ionico
766 4643 792 4692 A
802 4639 869 4699 Βς,
926 4645 958 4694 21
979 4638 1148 4694 rationemB
1211 4645 1245 4694 22
1264 4639 1379 4712 penitus]
1399 4643 1502 4711 plenius
1520 4658 1591 4695 corr.
1609 4645 1683 4710 peni·

363 4715 449 4766 tusA
527 4707 712 4779 diquamvis]
732 4724 813 4776 quum
831 4711 926 4766 eAB
1004 4714 1060 4764 sine
1079 4713 1342 4779 hissopersen'prue
1360 4715 1443 4763 estin
1461 4713 1486 4764 A
1562 4713 1595 4763 25
1614 4713 1683 4768 unde

364 4795 392 4833 ut
409 4783 524 4834 diximus
543 4795 559 4838 ς
578 4781 646 4834 unde
664 4792 689 4833 ct
706 4781 821 4831 diximus
841 4779 905 4833 AB
975 4783 1008 4834 28
1028 4783 1187 4850 approbabis
1207 4796 1223 4839 ς
1241 4781 1394 4848 adprobatis
1415 4779 1478 4833 AB
1549 4779 1681 4853 qrramris]

365 4852 401 4916 qu
421 4853 445 4903 A
464 4851 596 4908 cumell
682 4854 713 4904 31
733 4849 994 4907 derlrrentrrr·A85
1081 4854 1114 4904 32
1133 4853 1171 4902 sir.
1190 4849 1226 4918 te]
1248 4852 1314 4904 Hor.
1334 4867 1412 4906 curm.
1433 4849 1447 4902 1
1468 4853 1523 4910 3,1
