3888 5550
359 290 423 357 402

360 407 382 446 n.
395 395 455 439 2410.
472 398 495 436 tt
512 397 538 442 P.

907 313 1126 363 TERENTIAM

618 490 648 551 iu
672 507 766 552 currum
791 487 921 552 solidum
941 487 1072 572 ridebis,
1097 500 1197 554 ortum

618 611 686 655 cum
710 593 903 674 componitur
925 611 961 655 ex
984 603 1113 675 utroque
1136 604 1246 660 metro.

551 713 603 753 asu
617 715 689 779 pars
712 695 834 760 heroica
860 707 921 760 tum
944 699 1028 780 prior
1051 697 1170 762 duobus

615 801 750 883 spondeo
774 801 852 882 pede
875 801 1054 884 dactyioque
1079 814 1196 867 constat

615 915 644 968 et
667 923 756 985 quem
779 905 964 988 semipedem
987 916 1035 970 est
1058 924 1183 972 necesse
1207 907 1311 989 linqui,

615 1017 647 1071 ut
669 1011 711 1072 sit
733 1013 917 1090 pentameris
939 1020 1020 1074 tome
1043 1010 1156 1085 locata;

615 1115 684 1176 oxiu
708 1121 809 1176 cetera
831 1116 934 1196 portio
958 1123 1003 1177 est
1025 1114 1128 1178 iambi.

551 1215 696 1299 essequod
720 1236 781 1280 non
805 1216 928 1281 diiiiciie
953 1227 999 1282 est
1021 1220 1122 1280 statim
1146 1228 1264 1296 notare,

614 1340 683 1385 cum
707 1319 775 1384 talis
799 1320 890 1385 inerit
913 1323 1007 1402 figura
1031 1339 1145 1395 versus,

614 1444 766 1489 carmen
790 1423 964 1488 Pierides
986 1435 1146 1489 struunt
1169 1446 1331 1491 sorores.

613 1531 688 1592 baec
712 1529 836 1592 exordia
859 1547 1002 1592 uersuum
1025 1530 1162 1603 duorum,

612 1652 764 1697 carmeu
788 1633 977 1708 PierideS,
1002 1634 1081 1714 quod
1105 1634 1273 1697 hexametri
1298 1645 1354 1706 est,

548 1747 703 1820 cessatque
726 1737 877 1802 iambicon
902 1737 974 1814 hoc,
999 1747 1152 1804 struunt
1174 1757 1344 1810 sorores,

613 1841 759 1923 compleri
782 1851 925 1924 poterunt
947 1851 1077 1924 utroque
1099 1853 1208 1915 metro,

612 1965 763 2010 carmen
786 1945 964 2008 Pierides
987 1957 1157 2028 pangunt
1180 1946 1432 2010 memorabile
1456 1947 1598 2018 Musae,

611 2058 764 2112 struunt
787 2069 944 2112 sorores
966 2053 1115 2114 Atticae
1139 2050 1259 2113 dirum
1285 2053 1401 2114 nefas.

611 2153 686 2218 baec
710 2153 815 2216 divisio
839 2156 935 2233 prima
959 2164 1159 2236 computetur.

547 2273 599 2320 esso
655 2261 692 2321 m
715 2275 791 2340 quae
815 2275 897 2321 nuno
919 2257 1048 2340 pedibus
1071 2257 1187 2322 duobus
1211 2267 1276 2320 orta

609 2379 779 2424 sermonem
804 2360 927 2424 cohibet
950 2381 1008 2424 nec
1032 2361 1204 2433 mitulus,

609 2467 687 2528 sicut
709 2463 894 2544 semipedem
917 2467 1002 2546 prior
1025 2465 1174 2536 trahebat,

609 2571 767 2650 coniungit
788 2567 846 2632 sibi
870 2566 1016 2650 phaliicos
1039 2569 1206 2640 trochaeos,

609 2681 641 2736 ut
663 2673 723 2736 dixi
746 2673 852 2743 modo,
876 2671 1021 2736 bacche
1045 2673 1191 2737 Bacche
1215 2673 1373 2738 Bacche.

544 2793 595 2836 oses
610 2787 674 2840 tum
698 2795 818 2839 versum
843 2777 944 2840 rideas
967 2796 1077 2840 sonare
1101 2778 1201 2850 talern,

608 2888 774 2962 pangunt
796 2883 963 2944 carmina
986 2885 1058 2944 iam
1082 2901 1214 2945 norem
1238 2900 1400 2945 sorores.

609 3003 678 3048 nam
700 2986 726 3046 si
749 2994 890 3064 quattuor
912 2985 960 3048 his
983 2984 1075 3066 pedes
1098 2985 1217 3048 duobus

608 3088 715 3160 addas,
740 3090 915 3152 hexameter
939 3090 1077 3170 proiecto
1101 3090 1162 3159 bet,

608 3202 775 3274 pangunt
798 3193 962 3256 carmina
986 3195 1221 3272 tergeminae
1245 3194 1485 3257 memoranda
1508 3213 1667 3257 sorores.

543 3313 595 3355 rcoo
609 3306 677 3376 post
699 3295 754 3360 hos
777 3297 905 3378 pbaliica
930 3296 967 3358 de
990 3295 1089 3358 tribus
1112 3297 1262 3360 trochaeis

609 3419 680 3483 pars
704 3410 749 3463 est
771 3413 887 3470 cetera,
912 3403 984 3462 iam
1010 3419 1141 3462 norem
1166 3419 1333 3464 sorores.

652 3503 728 3566 Exin
753 3505 840 3568 tertia
864 3504 952 3567 iatius
974 3509 1121 3586 patescit,-

609 3625 757 3670 carmen
779 3607 953 3671 Pierides
976 3607 1119 3672 dabunt
1142 3627 1309 3673 sorores.

609 3731 677 3774 nam
700 3731 769 3775 cum
793 3712 953 3793 dempsero
975 3716 1076 3777 versui
1098 3732 1267 3785 sorores.

543 3831 760 3880 rooscarmen
784 3816 959 3879 Pierides
982 3817 1128 3880 dabunt
1151 3817 1297 3881 mauebit.

608 3939 758 3984 carmen
782 3921 961 3984 Pierides
985 3921 1143 3992 dabunt,

608 4023 665 4086 hoc
688 4033 818 4088 metrum
842 4023 1078 4089 choriambicum
1103 4033 1159 4097 eat,

365 4177 553 4193 h

418 4249 589 4302 asab-2589
608 4249 680 4303 Mur.
703 4250 803 4302 Victor.
824 4253 883 4310 121,
903 4252 975 4302 2-8

353 4371 558 4381 -.---.,-..

417 4440 485 4492 2573
505 4441 612 4499 uidebis,
633 4456 689 4492 orm
704 4441 884 4492 herimannus
898 4441 998 4492 uidebis
1019 4442 1105 4492 orbem
1119 4443 1282 4496 Schrader-us
1301 4447 1373 4510 aprrd
1383 4443 1531 4494 Santem'um
1601 4445 1666 4497 2575

349 4521 412 4592 turn]
430 4541 488 4576 cum
508 4527 687 4578 karlemannus
757 4530 824 4582 ‘2578
843 4533 1001 4596 pentemeris
1022 4530 1200 4581 Lacdmuanua
1219 4529 1428 4596 peruiremimeris
1449 4529 1487 4578 M.
1523 4527 1667 4598 linquiiut

348 4612 381 4662 sic
405 4612 524 4678 peutbem

348 4715 369 4748 u.
388 4701 457 4751 2555

527 4613 614 4664 inieris
638 4613 759 4680 riiieyiiuo
830 4618 897 4667 2593
920 4617 1046 4682 phaliicos
1066 4615 1185 4678 ,tricastino
1209 4624 1235 4666 ei
1254 4617 1386 4666 Doweuius
1410 4615 1549 4682 pimluecos
1569 4617 1666 4680 dites.

528 4701 595 4752 2594
620 4700 732 4751 bacchae
757 4705 833 4753 tertio
857 4702 915 4753 ioco
934 4703 979 4754 Ji:
1002 4703 1036 4760 cs.
1060 4719 1081 4758 o,
1102 4705 1169 4753 tera
1241 4703 1308 4752 2600
1330 4701 1393 4752 Post
1416 4702 1465 4752 hoc
1493 4701 1616 4768 phalaecio
1639 4702 1670 4754 ,u

350 4786 474 4850 posthoc
494 4785 604 4852 pbaiiica
623 4787 758 4851 Micyllus:
776 4789 812 4850 es.
827 4807 848 4838 o.
867 4792 936 4839 2224
1007 4790 1074 4840 2602
1094 4788 1171 4838 iatius
1193 4789 1379 4842 herimannus,
1401 4788 1503 4838 titurius
1519 4789 1666 4839 Victorinus

347 4889 374 4936 μ.
395 4873 453 4930 rm,
472 4875 513 4930 26,

533 4873 625 4923 meiius
645 4873 678 4922 Μ
