3904 5556
370 281 413 348 46
871 281 979 334 namt
999 281 1193 336 vrcnoutut

398 396 418 438 ρ.
433 384 492 426 rasa.
506 385 531 426 aa
546 383 570 430 n.
1449 429 1453 439 ,
1519 397 1539 439 ρ.
1554 385 1588 429 aa.
1602 385 1628 426 eo
1641 384 1666 428 c.

372 483 493 543 uocant,
519 483 550 562 ut
574 473 731 536 Eumenes.
777 481 905 555 uterque
929 483 1028 538 autern
1052 474 1306 555 acompositione
1321 482 1491 556 temporum
1514 473 1691 537 vocabulum

370 579 470 640 uexit.
517 577 627 641 horum
657 577 735 638 arsis
763 595 798 639 ac
833 577 925 640 thosis
959 576 1049 657 longe
1078 579 1158 640 inter
1187 595 1219 640 se
1249 575 1429 659 discrepant.
1476 597 1545 642 narn
1573 579 1689 661 amphi-

371 680 500 764 brachys
522 682 553 744 ln
569 681 675 764 triplo,
701 678 845 752 creticus,
870 683 918 744 cui
941 681 979 744 de
1001 690 1091 762 gente
1108 681 1274 744 inventoris
1289 698 1400 744 nomen
1424 691 1478 753 est,
1502 684 1534 745 in
1550 681 1690 764 sescuplo

369 794 532 866 pensatur:
562 783 599 847 de
627 803 685 867 qua
716 801 751 845 re
781 786 812 846 in
841 784 1052 866 superioribus
1082 786 1257 866 plenissime
1286 783 1398 847 dictum
1428 794 1482 847 est.
1528 786 1585 850 hoc
1613 786 1690 868 pede

369 879 595 971 ὑπορχήματα
618 896 852 970 componuntur.
1100 915 1124 964 ῃ
1294 899 1297 904 ·
1704 905 1718 946 a

456 989 540 1054 luter
568 991 642 1055 baec
671 1011 709 1054 ne
738 994 885 1075 quispiam
918 1009 973 1054 nos
1001 1003 1054 1055 aut
1076 994 1266 1073 ignoratione
1295 1002 1347 1055 aut
1368 994 1484 1055 incuria
1507 994 1690 1074 praeterisse

373 1097 500 1157 forsitan
523 1102 623 1177 putet,
653 1095 733 1177 quod
757 1113 813 1178 por
836 1095 1012 1158 divisionem
1036 1106 1066 1158 et
1089 1097 1332 1159 coniunctionem
1361 1097 1441 1159 inter
1464 1114 1496 1158 se
1519 1107 1690 1178 temporum

370 1208 401 1260 et
422 1199 609 1276 syllabarum
629 1197 767 1280 disyllabi
796 1199 887 1280 pedes
915 1202 947 1262 in
971 1202 1079 1263 metris
1107 1199 1322 1272 extendantur,
1348 1199 1494 1282 trisyllabi
1523 1200 1569 1264 vul
1597 1208 1689 1263 tetra·

371 1299 476 1383 syliahl
509 1301 736 1372 contrabantur,
770 1302 850 1384 quod
880 1321 970 1384 supra
1006 1303 1117 1366 cursim
1149 1305 1250 1384 attigi,
1285 1303 1482 1386 repetendum
1512 1303 1570 1366 boc
1607 1303 1691 1365 vebis

370 1407 550 1468 existimari.
597 1424 664 1468 uam
687 1394 824 1468 trochaei
847 1424 900 1468 seu
922 1405 1014 1468 iambi
1030 1406 1118 1488 ionga
1142 1408 1172 1468 in
1190 1406 1266 1480 duas
1281 1407 1390 1470 breves
1405 1409 1495 1471 divisa
1513 1405 1690 1488 tribrachyn
1704 1424 1731 1464 ιο
1793 1473 1801 1482 ,

368 1507 478 1591 pedem
503 1510 621 1573 elticiot.
666 1507 799 1590 adaeque
828 1511 858 1570 in
889 1509 1025 1590 spondeo
1048 1508 1144 1572 soluta
1168 1512 1197 1572 in
1223 1510 1331 1574 breves
1355 1509 1359 1596 l
1384 1514 1469 1593 prior
1498 1510 1589 1590 longa
1618 1528 1689 1572 ann·

369 1621 524 1695 paestum‚
548 1629 679 1694 sequens
695 1608 845 1696 dactylum
869 1611 1054 1694 procreabit.
1084 1621 1212 1696 utraque
1233 1623 1334 1678 autem
1349 1614 1444 1678 divisa
1464 1612 1688 1696 tetrasyllabum

370 1725 552 1800 equattuor
581 1714 739 1786 brevibus,
770 1715 800 1778 id
831 1723 876 1779 est
903 1715 1191 1811 proceleumaticum
1219 1717 1344 1798 pedem,
1373 1717 1473 1790 dabit,
1504 1720 1555 1799 qui
1585 1735 1690 1780 rursus

370 1817 505 1903 [bontra]
532 1820 710 1882 consociatis
732 1821 812 1881 inter
835 1818 1032 1884 sc‘brevihus
1054 1818 1091 1882 ad
1108 1821 1257 1900 originem
1282 1829 1464 1894 revertetur,
1487 1821 1516 1884 id
1541 1830 1586 1885 cst
1601 1839 1691 1901 spon·

370 1923 460 1986 deum
490 1921 681 1986 reformabit:
717 1922 798 2002 quod
829 1941 925 2004 aeque
955 1922 1091 2006 dactylus
1125 1932 1155 1987 et
1191 1935 1371 2004 anapaestus
1400 1924 1542 1988 brevibus
1569 1925 1631 1988 suis
1658 1927 1689 1986 in
1706 1941 1732 1982 rs

370 2026 490 2108 longam
514 2027 660 2108 copulatis
675 2025 817 2089 efficient.
862 2027 1024 2091 molossum
1050 2023 1147 2113 [eum]
1170 2045 1293 2109 quoque
1317 2029 1407 2092 trium
1425 2026 1689 2110 tetrasyllaborum

368 2140 523 2212 parentem
554 2129 665 2212 pedum
689 2132 720 2192 in
749 2140 893 2213 promptu
918 2141 962 2194 est
985 2150 1121 2197 cernere.
1138 2131 1153 2220 ΙΙ
1168 2151 1237 2198 nam
1268 2132 1359 2196 divisa
1387 2133 1483 2212 prima
1515 2133 1578 2194 elus
1600 2129 1689 2212 longa

368 2236 501 2297 ionicum
524 2227 592 2296 ἀπὸ
616 2230 814 2315 ἐλάσσονος,
838 2237 925 2297 tertia
942 2236 1072 2300 ionicum
1096 2231 1164 2299 dard
1179 2237 1343 2318 μείζονος,
1367 2234 1465 2297 madia
1480 2233 1689 2298 choriambum

369 2340 474 2420 gignit
519 2337 578 2400 hoc
600 2339 680 2400 idem
705 2345 734 2399 et
756 2337 849 2418 pedes
871 2339 980 2411 ceteri,
1005 2359 1080 2421 quos
1102 2339 1325 2423 superuacuum
1345 2348 1392 2401 est
1413 2339 1565 2420 persequi,
1588 2339 1688 2402 lacere

315 2482 321 2494 -
368 2451 521 2522 poterunt.
567 2441 649 2504 unde
677 2451 743 2503 orta
772 2440 934 2522 progenies
962 2441 1088 2523 padum,
1125 2447 1220 2507 ausim
1250 2445 1369 2514 dicere,
1400 2443 1508 2504 merito
1537 2440 1688 2504 credatur.
1703 2461 1730 2500 so

369 2563 424 2609 nec
447 2555 476 2608 te
491 2543 674 2626 syllabarum
691 2542 928 2606 adcrescantium
945 2546 975 2605 in
993 2549 1227 2612 metris‘terreat
1242 2564 1399 2618 numerus,
1425 2563 1494 2608 cum
1513 2546 1565 2608 uni
1580 2546 1690 2627 cuique

369 2648 478 2731 pedum
501 2650 678 2730 praestituta
701 2647 832 2727 legitime
854 2654 989 2729 tempora
1014 2651 1236 2724 custodiantur,
1264 2649 1344 2732 quod
1369 2649 1544 2732 frequenter
1567 2651 1597 2710 in
1614 2651 1688 2711 iam·

309 2801 310 2805 ,
370 2753 446 2816 hicis
469 2761 498 2816 et
519 2750 682 2814 trochaicis
706 2737 738 2812 et'
758 2751 867 2813 ceteris
883 2761 1050 2816 metrorum
1073 2755 1236 2836 generibus
1253 2762 1379 2835 excepto
1402 2751 1525 2815 heroico
1543 2753 1688 2832 reperies.

369 2858 544 2921 memineris
566 2873 640 2918 sane
662 2853 833 2936 trisyllabos
856 2855 951 2937 pedes
974 2864 1144 2940 temporum
1167 2858 1321 2922 dumtaxat
1343 2857 1477 2938 quinque
1501 2854 1546 2918 rel
1569 2874 1632 2927 sex,
1656 2865 1689 2918 ut

369 2969 414 3023 est
437 2958 580 3023 bacchius
604 2969 635 3021 et
658 2955 819 3030 molossus,
844 2977 911 3020 cum
935 2961 966 3020 in
989 2959 1169 3042 quibusdam
1192 2963 1311 3031 metris,
1335 2962 1413 3024 sicut
1435 2963 1467 3022 in
1483 2958 1685 3038 galiiamhico,
1702 2976 1730 3017 ss

368 3063 475 3144 longae
497 3080 603 3126 eorum
626 3061 784 3124 solvuntur
807 3065 838 3126 in
863 3063 989 3134 breves,
1014 3067 1074 3126 vim
1095 3063 1357 3148 tetrasyllabarum
1380 3062 1535 3132 obtinere:
1559 3060 1583 3144 †
1607 3063 1687 3125 idem
1706 3063 1709 3069 '

369 3167 426 3231 hoc
450 3178 479 3230 et
503 3165 701 3248 tetrasyllabis
731 3184 786 3248 per
809 3165 972 3246 disyllabos
995 3177 1046 3230 aut
1076 3166 1246 3250 trisyllabos
1274 3168 1488 3231 coniunctione
1516 3173 1687 3248 temporum

368 3273 442 3335 lieri.
488 3289 557 3333 nam
582 3287 714 3352 paeones
736 3271 849 3352 primus
873 3280 903 3332 et
930 3281 1054 3350 quartus
1069 3272 1251 3338 coeuntibus
1273 3273 1304 3334 in
1320 3288 1411 3333 unam
1435 3268 1554 3350 longam
1571 3269 1688 3332 duabus

367 3378 429 3439 suis
452 3373 595 3439 breuibus
618 3373 855 3456 amphimacrum
878 3375 926 3436 vel
947 3375 1106 3438 bacchium
1130 3374 1175 3439 rel
1199 3373 1452 3457 palimbacchium
1475 3375 1612 3455 gignunt
1657 3373 1687 3436 id

368 3481 476 3544 Graeci
500 3472 586 3542 κατὰ
609 3475 777 3560 διαίρεσιν
801 3487 832 3540 ct
854 3475 1056 3560 ouvelpaotv
1078 3481 1140 3541 sive
1161 3465 1299 3559 Ιἕνωσιν,
1324 3495 1392 3540 cum
1414 3477 1504 3539 metri
1524 3477 1688 3538 necessitas
1701 3493 1731 3535 so

367 3582 542 3667 postularit,
568 3584 632 3647 lieri
656 3589 841 3653 memorant,
865 3579 946 3661 quod
969 3585 1144 3646 necessario
1167 3580 1380 3645 insinuandum
1405 3599 1470 3644 esse
1494 3579 1623 3650 credidi,
1647 3599 1686 3642 ne

367 3685 550 3771 syliabarum
585 3703 711 3749 numero
740 3683 856 3746 inducti
890 3693 940 3747 aut
975 3685 1126 3773 simplices
1155 3695 1205 3748 aut
1232 3686 1416 3766 conrpositos
1445 3683 1539 3764 pedes
1571 3685 1686 3764 proprii

368 3800 462 3855 status
484 3793 542 3853 uim
567 3806 688 3870 semper
711 3805 780 3850 cnm
804 3787 951 3850 vocabulo
974 3789 1113 3852 obtinere
1136 3788 1282 3852 catholice
1308 3789 1555 3872 pronuntiaretis.
1665 3803 1667 3807 ⁴

436 3967 469 4017 21
490 3979 536 4016 nec
555 3974 580 4014 te
598 3959 756 4028 syliabarum
777 3985 809 4001 -
827 3961 860 4010 22
878 3959 1057 4012 custodiantur
1073 3977 1101 4028 p.
1121 3963 1193 4012 2583

437 4104 490 4156 bin
504 4099 693 4169 sesquiplolln
703 4097 785 4154 Vuis
803 4101 890 4162 sesqui
913 4099 937 4152 lo
953 4103 978 4151 A
1031 4101 1086 4150 din
1100 4095 1293 4167 superioribus]
1306 4117 1333 4164 p.
1353 4103 1395 4159 do,
1410 4102 1443 4149 29
1454 4115 1511 4166 sqq.
1567 4089 1686 4164 bduop·

368 4171 483 4258 am
496 4111 1044 4290 00rreticuerint
1059 4158 1685 4304 ...ts

367 4255 621 4380 dasydddhdddddoeotm.
636 4255 726 4362 Adr
779 4289 895 4374 hquod]
909 4255 1019 4372 (drae‘dl
1044 4255 1163 4374 osupra]
1182 4324 1210 4373 p.
1226 4255 1317 4366 ἔξω
1369 4255 1622 4374 arrigideperedunm
1636 4305 1685 4361 ςΒ

367 4385 494 4448 attingere
518 4380 656 4447 petendum
679 4379 704 4428 A
793 4378 867 4428 nohis
892 4379 1040 4428 existimaui
1064 4375 1231 4428 Camerarius
1254 4379 1328 4427 nohis
1347 4377 1482 4427 aestimaui
1507 4377 1530 4424 Α
1544 4373 1599 4430 Be

369 4455 401 4503 10
419 4451 497 4517 longa
516 4461 562 4505 ας
580 4449 672 4514 leugas
692 4449 716 4498 A
727 4443 752 4494 B
769 4443 827 4495 Vat.
900 4449 929 4497 11
949 4445 1062 4496 eihcient
1081 4447 1104 4496 Α
1115 4443 1169 4502 Ba
1240 4447 1356 4508 adaeque
1375 4443 1539 4495 Cuminarius
1557 4457 1583 4493 ut
1602 4458 1686 4506 aeque

367 4519 458 4576 ΑΒς
547 4520 580 4570 13
598 4513 805 4568 ιὶιώιιῐιῑΑΒς
893 4517 926 4566 14
948 4527 1039 4566 cornua
1057 4515 1213 4565 consociatis
1233 4514 1460 4568 nVel.scoutra
1484 4513 1683 4564 ...sociatisrl

367 4601 457 4640 contra
476 4603 534 4638 narn
554 4587 660 4637 sociatis
680 4583 705 4634 B
775 4595 950 4640 reuertaturc
971 4595 1113 4635 reuertatur
1131 4583 1195 4635 AB
1267 4585 1298 4634 16
1321 4581 1433 4632 eihcieru
1450 4580 1505 4631 Ba
1520 4580 1608 4635 Vade
1626 4580 1684 4642 ein·-

367 4660 473 4709 cianta
527 4655 671 4707 molossum
684 4669 787 4717 qunque
801 4651 900 4704 Caesar
911 4669 972 4704 mus.
986 4654 1093 4703 rhenan.
1111 4651 1154 4702 VI
1164 4671 1189 4703 a.
1203 4654 1270 4703 1818
1280 4668 1308 4718 p.
1323 4653 1373 4701 159
1425 4649 1685 4714 tetrasyllabarumb‘

421 4729 451 4778 l'l
464 4729 628 4792 inpromptu
642 4723 807 4788 Gnissorda'ua
819 4723 996 4790 inpromptum
1009 4725 1034 4772 Α
1048 4721 1073 4772 Β
1091 4734 1240 4788 promptum
1252 4733 1269 4776 ς
1323 4721 1354 4770 lu
1367 4719 1481 4786 giguitc
1497 4721 1613 4785 gignitur
1624 4715 1685 4770 AB

418 4797 452 4847 23
469 4794 698 4848 troetnetsABs
750 4793 784 4841 24
802 4793 949 4843 memineris
963 4806 1026 4841 sane
1044 4803 1060 4846 ς
1078 4793 1228 4842 nueminisse
1240 4804 1303 4840 saue
1322 4787 1383 4839 AB
1435 4789 1469 4839 26
1487 4791 1604 4852 sortasse
1621 4790 1685 4839 item

368 4880 399 4917 eu
418 4865 590 4932 tetrasyllabis
609 4864 719 4931 pedibus
737 4859 880 4926 disyllabos
950 4862 1042 4911 dicut
1060 4863 1111 4919 Ας
1129 4858 1198 4910 acIl
1267 4860 1301 4911 29
1319 4857 1358 4908 vel
1377 4857 1510 4910 bacchium
1530 4858 1685 4916 aru.AB‹3
