3906 5564
620 335 701 388 eur.
719 335 832 388 cusu.
849 335 918 388 cru.
938 335 965 388 11
983 340 1007 402 s,
1024 337 1057 388 ar
1078 363 1108 374 -
1127 338 1152 401 t,
1171 337 1186 388 r
1525 329 1566 398 ru

275 450 297 492 p.
310 439 368 481 sara.
385 437 410 480 ss
426 435 448 479 r.
1386 447 1407 490 p.
1422 437 1498 479 ros-r
1513 435 1539 478 u.

252 530 380 590 tenuisse
403 546 460 590 uec
482 546 533 590 sua
558 528 626 610 lege
649 529 865 610 composuisse.
899 528 979 609 quod
996 547 1067 590 reru
1084 528 1120 590 ad
1139 526 1301 602 clausulas,
1325 522 1336 608 ΙΙ
1358 525 1388 586 id
1408 533 1453 588 est
1469 527 1564 588 minu·

250 629 330 693 seule
354 629 436 699 cola,
461 635 608 714 pertinet.
634 640 707 715 quot
728 651 840 713 genero
866 649 1005 695 versuum
1030 641 1116 703 sunt,
1147 631 1272 693 totidem
1301 647 1407 692 eorum
1430 629 1566 692 membre

251 753 304 814 pro
332 733 475 797 clausulis
503 738 576 816 poni
605 745 732 818 possunt
759 745 789 798 et
817 735 916 798 solent
944 737 976 798 in
1009 737 1133 798 canticis
1167 737 1264 816 magis
1292 751 1381 816 quam
1411 730 1565 804 diverbiis,

251 857 325 921 quae
349 857 386 900 ex
410 839 547 902 trimetro
571 844 666 920 magis
689 837 872 909 subsistunt,
897 839 1053 910 collocari,
1085 849 1114 900 et
1136 841 1300 920 praecipue
1324 837 1402 920 apud
1427 836 1566 900 Plautum

225 952 282 1006 cet
303 942 449 1006 Naevium
474 953 503 1004 et
525 945 692 1007 tironium.
739 961 808 1006 narn
831 943 862 1006 hi
886 945 1015 1005 maxime
1039 961 1074 1006 ex
1098 942 1238 1004 omnihus
1257 939 1402 1004 membris
1426 958 1565 1004 versuum
1652 937 1654 942 ’

133 1078 137 1086 ·
250 1049 326 1110 uelut
348 1046 422 1108 colis
445 1045 482 1108 ab
506 1047 553 1110 his
576 1050 723 1129 separetis
746 1047 872 1110 licenter
895 1051 944 1110 usi
967 1047 1162 1130 reperiuntur
1185 1047 1214 1110 in
1238 1043 1390 1109 clausulis.

716 1307 765 1370 DE
788 1305 945 1373 ltltulco
969 1305 1102 1372 sturno

333 1463 516 1527 liexnmetro
539 1463 686 1547 dactylico
710 1465 847 1528 trimeter
875 1463 1024 1527 iambicus
1048 1471 1255 1544 comparatur,
1285 1463 1374 1543 quein
1404 1463 1496 1528 latine
1518 1483 1565 1527 se·

251 1569 366 1631 nerium
390 1570 598 1639 nominamus,
622 1569 712 1630 reluti
737 1567 948 1632 hexametrum:
973 1587 1024 1630 sex
1050 1568 1129 1630 euim
1153 1567 1247 1647 pedes
1270 1567 1387 1630 iambos
1410 1566 1509 1637 babet,
1534 1579 1566 1630 ut

215 1669 297 1738 mille
321 1670 471 1753 dactylos,
501 1691 571 1735 curn
602 1679 730 1752 uterque
759 1690 854 1753 purus
884 1691 919 1734 ex
947 1691 979 1734 se
1010 1672 1156 1751 liguratur
1185 1671 1356 1750 (trimetros
1385 1681 1485 1733 eutem
1514 1689 1566 1753 ap-

250 1774 378 1856 pellatur
394 1794 410 1838 a
427 1774 566 1846 Graecis.
591 1777 662 1858 qula
687 1777 784 1838 tribus
800 1773 1046 1858 percussionibus
1070 1793 1125 1856 per
1142 1773 1279 1856 dipodias
1294 1773 1457 1856 creditum
1483 1774 1566 1836 ideo·

249 1897 306 1962 quo
335 1879 447 1943 dicitur
476 1889 505 1941 et
528 1879 677 1943 llomerus
706 1882 736 1942 in
766 1881 892 1962 llargite
923 1897 978 1942 suo
1008 1880 1165 1942 miscuisse
1193 1877 1248 1940 lros
1277 1896 1383 1939 versus
1414 1886 1565 1958 tamquam
1643 1901 1646 1908 ’

250 2001 347 2064 peres.
393 1983 482 2046 huius
511 2001 650 2046 mensura
679 2003 775 2067 usque
804 1983 841 2046 ad
871 1991 1092 2066 pentametrum
1122 1981 1303 2045 extenditur.
1350 1989 1568 2063 praetereant

253 2085 377 2161 bereum
400 2096 530 2150 metrum
552 2089 658 2169 incipit
680 2107 697 2150 a
720 2087 879 2153 duodecim
895 2085 1018 2170 syllabis
1041 2096 1071 2149 et
1093 2088 1203 2149 crescit
1224 2085 1260 2148 ad
1277 2084 1502 2166 septemdecim.
1527 2085 1567 2145 itn

215 2215 238 2255 u
251 2200 279 2251 et
300 2190 475 2262 iambicum,
500 2189 581 2254 reiut
602 2193 633 2255 in
657 2191 702 2256 bis
725 2190 876 2264 versibus,

564 2294 697 2358 bertus
719 2295 788 2359 ille
811 2298 873 2377 qul
897 2296 1032 2377 procul
1057 2295 1243 2370 negotiis:

251 2399 319 2460 itern
342 2397 559 2480 septemdecim
582 2397 782 2480 syllabarum,

482 2502 571 2584 quid
596 2505 652 2566 eis
676 2503 824 2586 epidiai
846 2501 919 2566 tibi
942 2503 1100 2566 iacilior
1124 2504 1198 2564 erit
1220 2519 1332 2563 amor.

253 2605 304 2668 sed
327 2615 357 2668 et
379 2613 492 2676 tomas,
515 2625 589 2688 quas
612 2625 701 2689 supra
726 2606 928 2678 ostendimus,
958 2606 987 2669 id
1016 2616 1062 2669 est
1084 2606 1248 2670 divisiones
1270 2622 1428 2674 versuum,
1459 2605 1568 2685 recipit

215 2708 510 2791 ropeutbemimeren
535 2721 562 2773 et
588 2710 884 2792 neptnhemnneren.
914 2711 943 2773 id
973 2719 1018 2774 est
1041 2711 1211 2794 quinarium
1237 2718 1266 2771 et
1289 2709 1503 2790 septenariam.
1550 2727 1566 2770 e

252 2812 357 2894 quibus
381 2811 647 2898 penltbemimercs
670 2817 700 2878 in
725 2816 870 2878 trimetris
892 2817 964 2878 satis
986 2813 1146 2896 probetur,
1171 2833 1248 2897 quae
1270 2829 1324 2895 per
1342 2810 1428 2873 binos
1451 2811 1566 2874 iambos

252 2927 280 2978 et
300 2917 484 3000 semipedem
508 2917 600 2981 verbe
623 2919 703 2990 linit,
733 2931 765 2981 ut
788 2927 834 2981 est
1193 2977 1196 2983 .

611 3021 671 3084 diri
694 3031 841 3104 potentes,
866 3023 943 3085 ierte
966 3020 1081 3084 lassatis
1105 3038 1203 3101 opem.

253 3125 398 3204 pessimus
420 3135 530 3197 autern,
555 3127 606 3207 qui
630 3126 747 3206 singule
770 3124 861 3190 rerba
884 3127 921 3188 iu
940 3124 1067 3208 dipodiis
1090 3124 1196 3196 habet,
1221 3121 1317 3204 (puetis
1340 3131 1385 3186 est

216 3249 241 3290 rs
612 3233 815 3311 praesentium
838 3228 976 3292 divinitas
1000 3227 1183 3292 caelestium.
1200 3225 1212 3310 ΙΙ

252 3332 341 3412 igitur
357 3351 426 3394 cum
443 3343 562 3395 constet
585 3351 651 3396 esse
666 3336 747 3398 inter
761 3335 817 3397 bos
832 3351 937 3396 versus
953 3334 1103 3416 quandam
1119 3334 1346 3412 cognationem,
1372 3330 1567 3413 probabimus

253 3437 348 3497 omnio
380 3443 478 3497 metra
508 3455 542 3497 ex
571 3437 619 3498 bis
646 3437 800 3518 prolluere
829 3436 962 3500 lontibus
990 3437 1079 3499 etad
1109 3436 1183 3497 baec
1212 3436 1320 3497 relerri
1351 3434 1440 3497 veluti
1469 3437 1565 3517 capita

253 3557 347 3618 neque
371 3537 463 3601 ullern
492 3539 612 3602 aliunde
641 3560 729 3622 quarn
760 3561 795 3604 ex
825 3540 874 3604 his
897 3559 962 3604 esse
992 3542 1140 3620 originem
1165 3548 1330 3601 metrorum
1359 3540 1389 3600 in
1420 3547 1479 3600 tam
1511 3541 1565 3599 im·

253 3660 351 3706 rneusa
375 3645 530 3706 varietate.
577 3645 745 3727 appelletur
772 3655 872 3709 certem
902 3643 1064 3708 iambicum
1093 3636 1185 3723 παρὰ
1211 3636 1250 3704 τὸ
1279 3641 1453 3725 ἰαμβίζειν,
1486 3643 1565 3723 quod

168 3765 173 3774 ·
216 3763 358 3826 angraeee
380 3747 531 3827 siguificat
552 3747 734 3812 maledicere
757 3757 787 3810 ot
809 3767 944 3831 carpere.
989 3757 1035 3810 est
1064 3749 1142 3811 enirn
1167 3748 1223 3808 boc
1252 3763 1375 3809 carmen
1400 3755 1502 3826 epturn
1525 3744 1566 3808 lo-

252 3853 395 3913 cerationi
425 3860 455 3913 et
484 3852 641 3924 conviciis,
671 3850 851 3935 plerumque
880 3856 1019 3916 trimetro
1049 3869 1138 3915 versu
1168 3851 1266 3933 epodo
1294 3860 1441 3932 sequente
1482 3869 1564 3911 corrr-

253 3958 397 4034 positnru.
423 3963 456 4018 ut
1610 3955 1615 3966 ’

613 4057 707 4123 mala
730 4058 854 4123 soluta
878 4063 988 4122 naris
1010 4061 1088 4122 exit
1111 4057 1203 4122 alite

612 4163 747 4228 tereus
770 4164 937 4228 olentem
960 4165 1154 4230 licerium.

218 4291 284 4344 sset
304 4281 503 4348 Archilochus
526 4286 557 4347 in
581 4284 759 4368 Lycambam
784 4285 842 4349 boo
865 4296 962 4349 metro
985 4286 1088 4348 saevit

318 4569 487 4622 ddeuerbils
507 4569 597 4628 Aue
675 4571 692 4622 t
714 4569 865 4624 collocarint
882 4589 952 4626 corr.
971 4569 1134 4624 collocariA
1222 4573 1239 4622 d
1261 4569 1329 4622 velut
1347 4571 1513 4630 omABs.
1532 4588 1566 4624 uu

255 4651 310 4688 num
322 4639 348 4689 iri
361 4641 476 4690 mnxirue
494 4640 613 4691 omnibus
632 4641 755 4691 membris
772 4657 903 4706 umectum,
922 4641 972 4693 boo
989 4651 1029 4692 est
1046 4641 1129 4691 colis?
1201 4642 1233 4691 12
1251 4643 1277 4691 iu
1291 4639 1400 4708 Mergite
1419 4657 1435 4698 ς
1453 4644 1479 4693 in
1498 4657 1565 4692 mnr-

254 4708 312 4770 gine
330 4707 391 4758 AB
478 4709 510 4760 to
528 4721 555 4762 ut
574 4709 680 4761 heroum
699 4709 755 4766 ςΒ
772 4723 817 4762 uut
835 4711 943 4763 heroum
962 4712 987 4762 A
1072 4711 1103 4760 to
1128 4705 1230 4776 bencus]
1253 4710 1320 4766 Hor.
1341 4713 1416 4774 epod.
1437 4715 1461 4770 2,
1483 4715 1496 4761 t

256 4777 286 4826 19
303 4774 394 4845 supra]
413 4795 440 4844 p.
459 4781 502 4838 od,
516 4781 551 4831 31
611 4781 644 4830 21
664 4779 760 4846 probet
778 4781 822 4847 qul
841 4797 887 4850 per
906 4781 931 4832 B
992 4783 1025 4832 27
1043 4781 1133 4834 rei'erri
1151 4792 1168 4837 ς
1186 4783 1280 4830 reterre
1298 4781 1363 4830 AB
1432 4783 1465 4831 33
1484 4777 1563 4846 mnia]

256 4843 319 4900 Hor.
343 4849 421 4912 epod.
441 4851 485 4912 10,
511 4851 525 4898 1
598 4852 633 4901 ild
657 4849 800 4914 lycambnm
824 4851 889 4902 AB
917 4850 1063 4916 Lycamben
1086 4865 1116 4906 3:
1139 4851 1174 4913 cs.
1192 4865 1218 4914 p.
1238 4851 1317 4900 2585.
1355 4849 1458 4901 Terent.
1477 4849 1566 4906 dlmrr.

255 4914 321 4964 mo
341 4915 510 4968 Arrlritocbus
528 4919 579 4969 isto
597 4919 680 4970 saevit
698 4920 778 4970 iratus
797 4932 876 4972 metro
896 4921 991 4973 Contra
1010 4920 1165 4988 Lpenmbnm
1185 4929 1209 4968 et
1227 4917 1294 4969 fliius
