3888 5550
375 357 439 446 tea
661 371 763 418 aranu
788 368 909 417 accan
935 351 986 436 [u.
1012 351 1175 435 emron]
1201 365 1420 416 sacanooms

375 473 398 511 p.
412 462 430 502 o.
449 462 459 500 a
478 460 505 500 ι’.

377 553 463 630 quasi
495 548 612 609 dicatur
642 544 748 608 taedeo
781 544 882 606 taedes
905 542 1017 606 taedet.
1065 541 1117 604 sed
1150 542 1200 604 iiia
1223 543 1341 623 speeies
1365 551 1413 605 tur
1437 542 1564 607 ablativo
1588 542 1703 623 regitur
1809 594 1810 598 ,

377 672 457 723 casn,
481 652 558 714 haec
582 669 652 712 vero
677 658 706 710 et
730 649 908 712 accusativo.

464 757 574 834 Figura
588 755 633 815 ·in
657 751 758 815 verbis
781 761 833 813 aut
847 737 984 832 simplex
1009 758 1064 826 est,
1091 761 1124 813 ut
1146 749 1227 822 dico,
1252 760 1302 812 aut
1325 751 1509 829 composita,
1533 761 1567 814 ιιι
1591 749 1699 812 indico.

377 867 599 940 componuntur
624 865 724 918 autem
750 854 851 926 rerba,
877 858 956 917 sicut
978 857 1111 924 nomina,
1144 854 1243 918 modis
1266 863 1422 936 quattuor:
1452 863 1502 915 ant
1526 873 1562 917 ex
1585 853 1701 917 duobus

377 962 540 1043 corruptis,
565 971 598 1022 ut
622 958 731 1035 officio,
757 968 809 1021 aut
825 976 860 1019 ex
886 957 1004 1020 doctius
1021 959 1156 1038 integris.
1182 967 1214 1019 nt
1237 961 1352 1029 invoco,
1377 966 1429 1019 aut
1452 949 1490 1020 es
1513 969 1658 1040 corrupto
1673 967 1726 1020 ιιι

378 1070 509 1146 integro,
534 1073 567 1126 nt
589 1063 710 1133 accedo,
737 1072 788 1124 aut
812 1081 847 1124 ex
871 1065 990 1144 integro
1015 1073 1044 1124 et
1066 1071 1219 1142 corrupto,
1245 1070 1278 1122 ιιι
1299 1058 1439 1122 deiende.

464 1168 589 1232 Numeri
617 1170 648 1230 in
672 1165 775 1229 verbis
805 1175 848 1228 tot
870 1175 940 1228 sunt
963 1173 1035 1246 quot
1059 1167 1140 1226 etin
1166 1165 1348 1233 nominibus.
1373 1153 1545 1246 singularis.
1570 1173 1603 1228 ut
1626 1185 1700 1230 amo.

380 1269 515 1354 piuraiis.
541 1282 574 1333 ut
590 1288 733 1334 aciamus.
782 1288 940 1332 numerum
957 1287 1028 1330 vero
1044 1267 1162 1330 dualem
1180 1270 1267 1330 etiam
1285 1269 1405 1350 quidam
1422 1278 1526 1349 putant
1544 1287 1619 1338 esse,
1637 1287 1702 1331 cum

271 1415 272 1418 =
379 1378 508 1438 dicimus
532 1375 635 1437 dixere
659 1372 824 1444 scribsere,
850 1373 928 1452 quod
953 1383 999 1434 est
1023 1391 1078 1452 pro
1102 1371 1292 1435 scrib'seruut
1317 1373 1495 1448 dixerunt!
1526 1377 1528 1380 ’

443 1478 594 1558 Tempora
625 1490 695 1539 snnt
724 1479 788 1552 tria,
820 1494 973 1558 praesens,
1007 1477 1217 1558 praeteritum,
1248 1476 1327 1556 qnod
1360 1480 1388 1538 in
1414 1479 1472 1539 tria
1497 1475 1651 1547 dividitur,
1675 1477 1737 1536 tun

276 1623 280 1630 -
379 1585 579 1664 inperfectum
611 1582 778 1662 perfectum
809 1581 1152 1661 plusquamperfectum,
1189 1589 1219 1641 et
1243 1581 1388 1641 iutrnnm.
1434 1580 1555 1661 qnidam
1588 1591 1703 1659 tempus

380 1704 524 1769 praesens
548 1704 613 1746 esse
631 1694 750 1764 negant,
775 1683 909 1746 dicentes
926 1702 974 1745 res
998 1693 1049 1744 aut
1066 1683 1159 1745 iactas
1176 1702 1242 1744 esse
1265 1693 1315 1745 aut
1333 1683 1444 1745 habere
1469 1684 1549 1752 deri,
1573 1684 1704 1746 duruiuis

380 1792 492 1853 meatui
516 1797 739 1870 comparantes.

467 1892 620 1956 Personae
643 1895 674 1953 in
699 1890 812 1961 verbis.
837 1892 916 1952 sicut
938 1892 968 1952 in
985 1889 1235 1971 pronominibus,
1261 1899 1322 1952 tres
1338 1900 1418 1961 suut,
1442 1895 1550 1970 prima.
1576 1909 1652 1972 quae
1669 1893 1703 1952 de

381 2019 412 2062 se
437 1998 578 2079 loquitur,
604 2004 637 2058 ut
661 2013 737 2064 amo,
763 1993 907 2065 secunda,
931 1994 967 2056 ad
992 2013 1080 2075 (quarn
1105 1995 1267 2076 loquimur,
1293 2004 1325 2057 ιιι
1349 2013 1440 2067 arnas,
1464 1998 1564 2064 tertia.
1588 1996 1625 2056 de
1648 2013 1702 2074 qna
1717 2005 1739 2046 1⁵

380 2103 540 2184 loquimur.
565 2111 598 2161 ut
622 2106 711 2160 amat.
757 2116 905 2181 personae
928 2117 1048 2182 quoqne
1065 2100 1102 2182 in
1128 2097 1228 2160 uternis
1250 2098 1405 2166 deliciunt,
1429 2109 1462 2159 ut
1484 2101 1515 2160 in
1540 2100 1629 2162 niodo
1652 2102 1703 2161 im-

381 2206 515 2288 perativo
540 2204 659 2266 numeri
685 2201 848 2282 singularis
872 2219 1002 2284 persona
1027 2203 1123 2282 prima
1149 2200 1259 2269 deficit.
1275 2206 1363 2264 sicut
1386 2211 1472 2264 antea
1498 2204 1669 2264 monstravi.

469 2305 548 2370 ntout
573 2305 735 2368 verborum
758 2311 829 2366 sunt
852 2306 1003 2387 quinque,
1028 2307 1280 2386 pronuntiativus,
1306 2325 1395 2384 quern
1420 2306 1542 2386 quidam
1569 2305 1704 2367 indicati·

381 2431 450 2474 vum
481 2407 524 2471 vei
548 2410 697 2470 finitivum
727 2407 849 2483 dieunt,
877 2411 930 2490 qni
959 2407 1049 2470 habet
1073 2416 1208 2488 tempora
1233 2410 1309 2477 tria,
1338 2411 1467 2480 instans,
1499 2409 1528 2470 id
1553 2417 1598 2470 est
1622 2426 1705 2490 prae·

382 2533 461 2585 sens.
485 2513 693 2607 praeteritum
717 2521 747 2573 et
770 2511 917 2574 iuturnm.
963 2512 1042 2594 quod
1068 2521 1202 2592 tempus.
1234 2511 1369 2573 tutorum
1393 2511 1508 2596 scilicet
1532 2511 1615 2575 modi
1638 2522 1741 2592 pro-2⁰

383 2619 557 2686 nuntiatiri,
582 2617 708 2693 quidone
732 2615 855 2676 modum
880 2615 984 2678 dicunt
1007 2616 1230 2696 promissivum.
1277 2613 1329 2676 sed
1354 2626 1472 2678 errant:
1498 2635 1566 2678 nam
1591 2625 1706 2696 tempus

385 2732 431 2785 est
459 2723 598 2784 iuturnm
633 2719 734 2800 specie
765 2719 958 2800 promissiva,
994 2722 1074 2781 sicut
1109 2729 1229 2798 tempus
1263 2721 1460 2800 praeteritum
1496 2721 1706 2799 imperfectum

384 2826 485 2908 specie
516 2823 682 2886 inchoativa
707 2831 736 2882 et
761 2831 880 2902 ternpus
904 2824 1098 2902 praeteritum
1123 2821 1452 2904 plusquamperfectum
1481 2825 1584 2902 specie
1607 2841 1708 2885 recor·

387 2930 494 2991 tiatira.
540 2908 692 2989 secundus
723 2924 831 2987 modus
858 2935 904 2988 est
927 2927 1139 3006 imperativus.
1171 2928 1225 3006 qui
1248 2925 1308 2988 duc
1333 2935 1469 3008 tempora
1493 2925 1598 2996 habet,
1622 2943 1706 3006 prae-

324 3025 326 3031 ‘
385 3049 455 3096 seris
484 3041 513 3092 et
543 3031 700 3092 ιιιιιιιιιιιιιΙ
727 3047 794 3090 nam
825 3028 862 3101 de
892 3031 1057 3109 praeterito
1087 3047 1175 3090 nemo
1203 3032 1342 3110 imperat.
1388 3032 1497 3091 tertius
1528 3029 1635 3091 modus
1664 3037 1744 3090 este

375 3136 550 3218 optativus..
581 3136 632 3214 qui
664 3131 754 3194 habet
778 3142 914 3212 tempora
941 3135 1007 3194 tria.
1052 3133 1175 3214 quidam
1207 3143 1317 3212 etegent
1340 3132 1452 3195 debere
1475 3131 1598 3212 adiungi
1623 3132 1708 3192 modo

385 3239 516 3320 optativo
546 3246 664 3316 tempus
694 3235 905 3315 praeteritum.
937 3237 992 3298 hac
1016 3237 1130 3299 ratione
1153 3239 1223 3318 quia
1248 3255 1336 3314 nemp
1365 3245 1450 3316 optat
1473 3237 1510 3297 de
1533 3238 1707 3317 praeterito.

354 3416 358 3426 .
387 3341 438 3404 sed
457 3349 576 3403 errant:
601 3357 669 3401 nam
689 3337 837 3418 Vergilius
853 3339 953 3416 posuit
975 3342 1262 3420 ‘fecissentque
1285 3341 1459 3403 utinam'.
1505 3349 1630 3422 quartus
1648 3359 1708 3401 nto·

388 3445 443 3508 dus
466 3453 512 3506 est
534 3443 758 3512 subternectens,
783 3459 872 3522 quern
897 3441 1019 3523 quidam
1043 3444 1247 3506 adiunctivum
1273 3443 1319 3505 vet
1344 3445 1568 3506 coniunctimm
1593 3451 1706 3512 vocant,

392 3551 444 3630 qui
477 3546 585 3609 modus
614 3555 748 3626 tempora
774 3546 831 3606 tria
855 3548 971 3627 recipit.
1017 3549 1138 3628 quintus
1161 3549 1268 3610 modus
1292 3557 1336 3608 est
1360 3549 1506 3617 infinitus.
1531 3567 1621 3628 quem
1645 3551 1744 3627 qui-³⁰

388 3655 461 3714 dom
490 3660 673 3732 perpetuum
697 3648 812 3710 dicunt.
860 3659 889 3710 et
912 3648 959 3710 hic
983 3648 1123 3712 similiter
1147 3654 1204 3712 tria
1229 3660 1366 3733 tempora
1390 3650 1496 3721 habet,
1521 3655 1657 3733 quamvis
1679 3655 1707 3713 in

388 3757 543 3838 praesenti
557 3755 658 3814 omnia
671 3751 900 3831 complectatur,
918 3762 952 3814 ιιι
964 3761 1008 3814 est
1025 3773 1125 3816 amare
1139 3755 1237 3830 modo,
1256 3775 1356 3818 amare
1370 3763 1465 3826 antea,
1483 3774 1585 3819 amare
1597 3765 1708 3838 postea.

477 3857 554 3918 Sunt
584 3855 674 3916 rerba
706 3875 783 3936 equae
814 3857 844 3916 in
875 3859 1042 3936 proesentis
1065 3860 1212 3938 temporis
1235 3861 1322 3921 tertia
1348 3878 1477 3941 persona
1501 3870 1531 3921 et
1555 3860 1708 3940 praeteriti

390 3963 517 4045 perfecti
543 3978 736 4022 communem
760 3957 874 4019 liabent
897 3958 1143 4030 declinationem.
1175 3973 1208 4025 ιιι
1230 3962 1381 4024 succendo
1404 3963 1563 4026 succendis
1585 3981 1708 4024 succen-

389 4067 432 4128 dit
461 4074 491 4126 et
519 4064 662 4126 succendi
690 4061 874 4125 succendisti
903 4065 1067 4126 succendit.
1115 4076 1184 4127 sunt
1214 4065 1303 4128 rerba
1327 4086 1403 4149 qnae
1427 4085 1447 4127 u
1470 4066 1596 4128 diversis
1625 4075 1743 4148 prae-³⁵

389 4187 595 4197 Μ...-

458 4241 491 4290 20
511 4237 581 4300 quod
601 4248 703 4303 tempus
724 4261 755 4271 -
776 4237 808 4285 ’23
828 4236 990 4288 recordativa
1008 4253 1035 4302 p.
1056 4240 1121 4297 435,
1143 4242 1176 4288 2⁰

391 4325 596 4335 ———-—-—-

460 4380 473 4426 t
495 4376 581 4426 medes
606 4391 619 4425 n
644 4374 725 4424 medis
751 4375 776 4425 n
847 4376 944 4426 iimcc
968 4389 1028 4425 cern
1056 4388 1080 4425 et
1105 4387 1130 4426 et
1153 4377 1240 4428 dativo
1265 4389 1290 4428 et
1316 4378 1465 4428 accusativo
1490 4379 1600 4428 coniecit
1627 4377 1708 4428 editor

395 4463 602 4514 Vindobonenat's
620 4463 678 4512 coit.
699 4461 813 4527 Pompei.
832 4480 859 4528 p.
881 4465 943 4522 2³⁷,
965 4465 1000 4513 34
1013 4477 1080 4525 qnae
1098 4473 1182 4512 utitem
1203 4464 1227 4512 iu
1242 4477 1267 4514 et
1285 4475 1391 4523 exeunt,
1411 4462 1550 4526 aliqnando
1570 4464 1708 4529 iunguntur

391 4551 492 4610 dativo,
526 4548 665 4612 atitpmndo
691 4549 838 4598 accusativo
929 4551 958 4599 17
978 4546 1064 4612 autea]
1085 4565 1113 4613 p.
1133 4553 1230 4612 43¹,5
1319 4549 1440 4602 orostraui
1469 4565 1538 4601 corr.
1570 4546 1709 4599 rnoustraui

392 4635 416 4684 B
487 4637 518 4685 il
539 4633 644 4697 qnidam
668 4650 715 4685 om.
742 4633 767 4683 B
837 4638 869 4686 ‘23
889 4635 989 4700 species
1018 4634 1165 4685 inchoativa
1187 4635 1213 4686 B
1286 4637 1319 4687 28
1338 4636 1510 4698 fecissemque
1541 4651 1611 4686 corr.
1636 4633 1706 4684 iecis-

393 4731 502 4784 sentque
531 4719 573 4770 B:
602 4719 682 4786 Verp.
712 4724 778 4771 Aea.
800 4719 834 4772 II
858 4724 907 4770 110
978 4723 1010 4772 30
1034 4721 1139 4784 quidam
1168 4738 1215 4775 om.
1241 4723 1266 4772 B
1335 4725 1368 4774 32
1391 4720 1596 4788 complectantur
1619 4720 1644 4771 B

391 4811 424 4857 35
444 4807 577 4856 succendit
600 4819 623 4856 et
651 4806 772 4856 succendi
798 4824 811 4856 o
836 4806 967 4856 suscendit
990 4807 1071 4868 (corr.
1100 4809 1242 4871 succendit)
1270 4821 1296 4858 ιιι
1319 4807 1441 4858 succendi
1467 4807 1489 4858 Β
1579 4822 1645 4868 equite
1671 4807 1708 4854 di·

392 4893 474 4942 ucrsis
495 4891 520 4940 B
