3858 5560
560 389 562 397 Ι
737 315 810 370 ιιιιεῚ
828 313 1071 370 connumeror
1504 307 1568 376 201
1663 394 1665 398 .

275 416 451 474 pomnen.
818 417 821 424 ·
983 418 985 422 ·
1419 413 1540 458 recor.

249 511 321 571 item
344 509 482 588 genetiuo
505 507 615 592 plurali
638 512 668 572 ln
692 525 781 579 uum,
805 515 837 570 ut
861 505 968 570 borum
991 524 1135 588 passuum
1160 507 1275 570 visuum
1300 501 1443 574 cultuum,
1468 499 1569 566 dativo

249 621 279 674 el
300 609 429 675 ablativo
451 612 482 674 ln
506 609 576 685 bus,
607 622 640 676 ol
668 612 772 675 biset
798 609 835 672 ab
864 610 911 674 his
939 610 1079 693 passibus
1108 608 1221 680 nisibus
1249 607 1396 680 cultlbos3
1429 609 1569 688 qtrotlens

249 723 347 779 outern
383 717 557 798 participio,
591 719 623 778 ln
656 716 795 798 genetivo
830 714 975 796 singulari
1000 717 1030 778 in
1060 717 1071 778 i
1097 713 1227 778 litteram
1262 720 1389 783 enotuit,
1419 718 1452 774 ul
1480 711 1570 773 liuius

248 820 327 901 possi
360 818 415 880 vlsi
450 800 539 890 culti,
574 819 675 882 dativo
708 829 737 882 el
770 816 899 880 oblotlro
923 821 954 880 ln
983 837 1016 889 o,
1049 807 1173 881 ul'lruio
1197 825 1227 880 et
1249 816 1287 880 ab
1310 817 1368 878 hoc
1392 833 1483 899 passo
1506 816 1569 878 viso

143 933 151 953 ·
221 923 345 994 oculto,
378 925 450 988 ilem
473 925 505 987 ln
529 925 667 1004 genetivo
690 919 800 1005 plurali
822 922 853 982 ln
877 940 954 993 rum,
979 929 1012 985 ul
1034 923 1144 985 horum
1167 938 1326 1003 passorum
1349 921 1484 983 visorum
1506 918 1570 983 cul·

250 1035 359 1097 lorum,
382 1024 482 1090 dotlro
505 1035 536 1090 et
558 1025 687 1090 ubletlno
710 1027 741 1086 ln
764 1025 799 1096 is,
823 1023 924 1088 uthis
947 1035 977 1088 et
999 1026 1037 1089 ab
1061 1026 1107 1088 lrls
1130 1026 1226 1107 pessis
1247 1026 1318 1087 risis
1341 1023 1438 1088 cultis.

334 1129 441 1210 Regno
464 1137 494 1195 et
517 1129 604 1212 vigilo
628 1147 695 1192 cum
720 1127 810 1191 verbo
834 1127 982 1193 neutralia
1004 1130 1073 1202 sint,
1098 1147 1157 1210 quo
1181 1128 1270 1191 modo
1294 1128 1408 1191 iaciunt
1429 1129 1459 1190 in
1483 1145 1569 1208 pree·

249 1234 338 1297 terito
361 1234 520 1316 porllclpie
544 1241 688 1316 regunlus
711 1239 740 1294 el
762 1233 792 1296 in
817 1232 918 1295 luluro
941 1230 1117 1314 vigilandus,
1141 1242 1174 1295 ut
1196 1231 1275 1314 opud
1291 1231 1446 1311 Virgilium
1470 1232 1569 1294 ‘ocri

250 1337 434 1420 quondum
458 1344 614 1420 regnato
638 1333 836 1421 Lycurgo'
860 1342 890 1399 el
912 1339 1024 1416 ‘quoe
1047 1333 1239 1416 vigilanda
1262 1335 1387 1398 riris’l
1424 1336 1569 1416 Apoetis

212 1456 238 1496 1⁰
250 1449 333 1505 recto
348 1441 423 1504 haec
438 1444 565 1522 figurato
581 1448 659 1511 sunl,
676 1457 753 1521 quoe
769 1458 836 1503 cum
853 1458 870 1503 e
887 1437 978 1504 norbo
995 1441 1143 1521 originem
1159 1455 1219 1501 non
1235 1437 1376 1511 habeant,
1394 1441 1497 1518 otique
1509 1455 1568 1500 non

252 1545 408 1628 partieipia
424 1544 575 1609 dicuutur.
598 1544 682 1618 Quoo
697 1553 767 1609 sunt
781 1545 942 1626 participle
954 1544 1137 1607 nominativa
1153 1561 1207 1606 seu
1223 1543 1346 1606 nomina
1363 1539 1570 1625 participalia?

252 1646 335 1721 Quae
356 1649 443 1732 quusi
464 1651 598 1731 speciem
621 1649 852 1730 participiorum
876 1647 996 1720 hebent,
1020 1657 1053 1711 ut
1076 1655 1212 1711 comatus
1233 1643 1370 1728 galeatus
1392 1645 1540 1709 hastatus.

781 1837 831 1902 on
852 1837 1043 1924 novennio

338 1959 521 2023 Aduerbium
545 1959 617 2042 quid
640 1960 704 2023 esti
727 1959 801 2023 Pers
823 1961 969 2023 orationis
992 1961 1069 2042 quae
1092 1958 1207 2022 adlecta
1232 1956 1323 2021 verbo
1338 1959 1527 2022 manllestior
1543 1966 1573 2021 et

213 2084 240 2128 ιι
253 2063 373 2145 planior
394 2062 542 2134 redditur,
568 2071 600 2126 ut
622 2062 710 2126 docte
734 2062 817 2136 dixit,
842 2060 968 2146 pulchre
991 2061 1072 2125 iecit.
1118 2062 1203 2125 Vnde
1227 2071 1390 2124 noscuntur
1413 2062 1574 2125 adverbia?

165 2163 168 2172 ’
252 2170 310 2230 Aul
331 2184 347 2228 a
370 2183 424 2230 sua
448 2167 598 2247 positione
620 2174 671 2228 nul
693 2165 730 2228 ab
754 2165 821 2230 ollis
844 2164 980 2249 pertibus
1003 2167 1156 2230 orationis.
1201 2165 1397 2248 lpositionc
1417 2184 1472 2229 suo
1489 2163 1571 2248 [nes
1640 2231 1643 2238 ,

252 2268 377 2354 cuntur]
401 2290 462 2354 quo
485 2270 592 2332 modol
616 2269 689 2334 lleri
719 2288 815 2354 nuper
843 2269 951 2351 pridie.
990 2269 1035 2333 ll>
1059 2269 1124 2332 ullis
1147 2275 1296 2350 quatenus
1319 2269 1512 2332 trahunturl
1538 2267 1574 2333 Vt
1626 2249 1630 2260 ⁸

253 2373 359 2438 doctus
381 2374 479 2446 docte,
503 2375 624 2458 sepiens
639 2375 804 2456 sapienter.
828 2372 976 2438 adverbiis
999 2375 1055 2436 tric
1080 2372 1231 2446 occidunt,
1255 2372 1435 2455 signlllcatio
1450 2391 1578 2455 compn-¹

252 2479 330 2542 rotie
352 2479 457 2560 ugera.
504 2477 736 2559 significationis
764 2479 882 2559 species
910 2486 982 2561 quot
1009 2481 1098 2540 suntl
1135 2475 1261 2541 llultno:
1284 2486 1357 2542 suut
1378 2478 1458 2540 euim
1481 2495 1574 2560 qliae-

212 2603 239 2644 ro
253 2581 321 2646 dam
345 2582 500 2664 temporis,
524 2591 560 2644 ut
580 2581 648 2644 heri
671 2597 769 2663 nuper
792 2589 822 2644 et
844 2589 955 2650 cetero,
980 2579 1035 2644 alic
1059 2579 1127 2652 loci,
1152 2599 1229 2665 quae
1245 2580 1366 2662 quidem
1383 2581 1413 2643 in
1431 2587 1573 2661 quattuor
1646 2645 1651 2656 ,

252 2684 369 2767 species
391 2683 581 2758 dividuntur,
607 2693 660 2748 aut
687 2685 722 2746 ad
747 2683 856 2755 locum,
881 2694 914 2747 ut
936 2685 996 2750 huc
1018 2681 1099 2757 illuc,
1123 2693 1175 2748 cut
1197 2685 1226 2750 in
1250 2684 1326 2756 loco,
1351 2690 1384 2746 ut
1405 2681 1448 2746 lbi
1472 2684 1529 2750 hic.
1546 2681 1558 2767 ΙΙ

253 2795 305 2852 eut
327 2805 344 2850 e
367 2787 444 2862 loco,
467 2797 501 2851 ut
521 2787 593 2850 hinc
617 2787 699 2870 inde,
723 2796 775 2852 aut
797 2807 853 2870 per
875 2789 986 2860 locum,
1012 2796 1045 2851 ut
1067 2787 1123 2852 hac
1146 2785 1224 2852 illac.
1247 2796 1317 2851 sunt
1331 2787 1480 2870 quaedem
1497 2795 1572 2851 lem·

253 2891 335 2974 poris
359 2900 388 2954 et
409 2890 485 2964 loci,
510 2900 543 2954 ut
567 2892 714 2956 hactenus
736 2902 896 2975 protenus.
920 2891 976 2956 ello
1000 2893 1238 2964 terminationis,
1261 2900 1295 2953 ut
1317 2890 1414 2961 ilicet,
1438 2889 1494 2954 ulla
1519 2909 1572 2954 nu·

254 2997 340 3068 merl,
364 3004 397 3059 ut
420 2995 514 3058 semel
538 2994 586 3059 bis
610 3004 666 3068 ter,
690 2993 749 3058 ulia
772 2995 910 3077 negandi,
935 3005 968 3058 ut
991 2999 1053 3059 non
1075 2997 1146 3059 haut
1167 3012 1374 3077 nequaquem,
1399 2993 1458 3057 olla
1481 2993 1571 3058 adilr-

215 3115 240 3160 ιι
254 3101 374 3171 mantis,
398 3105 433 3161 ot
454 3115 580 3182 prorsus
603 3098 741 3182 prolecto
766 3098 965 3179 proculdubio
989 3109 1018 3162 et
1040 3098 1173 3180 reliquo:
1198 3096 1256 3162 ullu
1279 3099 1515 3178 percunctantis,
1539 3108 1573 3162 ut

252 3202 397 3286 numquid
420 3221 458 3266 an
482 3219 529 3274 ne,
554 3203 610 3266 allo
636 3201 641 3287 Ι
664 3203 909 3271 denronstrcntls,
934 3213 965 3265 ut
989 3221 1026 3266 en
1051 3220 1131 3273 ecce,
1155 3201 1211 3264 alio
1234 3203 1375 3284 oplontls,
1399 3210 1433 3265 ut
1448 3203 1572 3275 utinum,

251 3304 307 3368 elin
331 3303 526 3379 cestlmnutls,
550 3315 582 3368 ut
605 3307 668 3369 lero
691 3307 795 3378 lerme,
819 3305 878 3371 ulla
901 3305 1027 3378 ordinis,
1051 3315 1085 3368 ut
1107 3305 1249 3388 deinceps
1265 3304 1383 3377 deinde,
1408 3304 1465 3368 alia
1480 3307 1573 3369 inler-

252 3411 394 3491 rogcnlis,
420 3419 453 3472 ut
475 3429 529 3472 cur
551 3408 623 3492 quid
649 3413 699 3480 ito,
724 3409 782 3474 alie
804 3409 1020 3482 similitudinis,
1045 3416 1077 3472 ut
1097 3427 1153 3472 ceu
1170 3407 1380 3492 velutiquesl,
1404 3409 1461 3474 elia
1485 3408 1573 3474 dubi·

252 3514 382 3590 tellonis,
408 3521 442 3576 ut
464 3513 603 3589 lorlesse,
628 3513 687 3577 olio
711 3516 852 3585 vocantis,
877 3523 910 3576 ut
934 3513 1019 3585 heus,
1044 3513 1101 3577 alla
1125 3513 1341 3594 responsionis,
1366 3520 1399 3576 ul
1422 3513 1491 3585 heu,
1515 3515 1573 3578 olla

214 3633 239 3677 ιι
252 3615 477 3699 prohibitionis,
499 3624 533 3677 ut
556 3634 593 3679 ne
617 3615 729 3698 [neque
752 3613 833 3700 nec],
858 3618 915 3681 ello
938 3618 1189 3699 congregationis,
1214 3624 1247 3678 ut
1268 3619 1382 3700 puriter
1399 3635 1457 3679 une
1473 3618 1572 3690 simul,

322 3842 353 3893 11
372 3841 510 3908 participio
531 3840 689 3892 nominativo
709 3843 810 3894 Clario.
831 3845 890 3898 180,
904 3845 939 3892 20
959 3842 1040 3894 Dr'orn.
1061 3843 1173 3907 {0223
1191 3841 1413 3908 Donat.388,12
1469 3844 1501 3896 14
1520 3837 1574 3894 ‚ld-

252 3911 367 3962 rerblom
388 3909 489 3963 Odor-le.
510 3912 568 3970 180,
581 3911 617 3960 28
635 3909 717 3963 mon.
737 3915 800 3978 roe,
816 3915 848 3963 17
866 3913 962 3966 Παπαῖ.
984 3913 1074 3973 386,7

321 4100 510 4157 ΙιιιΙιιιιιηις
533 4100 693 4167 gultuumc
776 4101 849 4153 iob
868 4101 909 4153 lrls
932 4099 1044 4152 cultibus
1067 4101 1191 4168 passibus
1211 4099 1368 4152 uiesibnsG
1453 4103 1573 4164 quotiens

251 4169 315 4221 lineo
332 4168 511 4238 portlclpluG
533 4169 636 4234 quoties
654 4179 740 4220 autem
764 4171 902 4238 participio
919 4183 981 4222 sunt
1002 4181 1020 4226 ς
1107 4171 1123 4221 8
1141 4181 1170 4220 ut
1187 4168 1265 4220 huius
1283 4169 1356 4236 pessi
1375 4181 1394 4225 ς
1416 4181 1444 4220 ιιι
1462 4173 1534 4236 poesi
1554 4172 1576 4223 G
1609 4179 1611 4182 '

320 4241 338 4291 4
355 4249 384 4292 ut
402 4251 418 4288 ιι
437 4238 478 4290 lrlo
496 4253 576 4305 poseo
598 4237 696 4290 Ghulc
715 4253 794 4305 pesco
814 4251 831 4296 ς
905 4243 970 4359 lup
986 4238 1079 4290 horum
1097 4237 1225 4290 cultorum
1243 4252 1383 4306 pnssorum
1403 4239 1533 4289 dissonum
1553 4241 1575 4292 0

320 4309 337 4360 'l
355 4321 413 4359 cunt
434 4307 512 4358 uerbo
531 4306 657 4359 neutrsllo
675 4317 737 4358 sunt
755 4307 777 4358 0
793 4323 850 4358 curn
868 4309 922 4360 sint
937 4324 955 4360 u
971 4309 1017 4359 cbo
1036 4308 1162 4359 neutralis
1179 4320 1197 4365 ς
1248 4309 1265 4360 8
1283 4309 1340 4374 egri
1358 4308 1491 4370 quondum
1509 4308 1573 4367 Ger

257 4375 337 4444 Vero.
357 4379 426 4429 Aen.
445 4374 499 4428 111
517 4379 551 4427 14
638 4377 799 4444 linguatuli
838 4377 940 4430 urcoG
1023 4373 1252 4444 qnnovigilundu]
1275 4375 1574 4443 Verp.oeorp.1313

322 4447 355 4500 10
377 4443 490 4513 figurula
512 4459 609 4503 sonte
632 4445 717 4513 ligure
734 4391 835 4497 suutg
921 4448 953 4498 12
976 4445 1087 4512 galistus
1106 4445 1252 4497 osrntusO
1338 4445 1370 4495 14
1388 4460 1455 4509 quoe
1473 4446 1574 4499 udlectn

253 4515 332 4566 corbo
351 4514 570 4583 significationem
589 4515 659 4566 uerbi
678 4513 881 4566 manifestiorem
899 4527 925 4566 et
943 4513 1086 4582 planiorem
1105 4514 1190 4566 reddit
1208 4515 1399 4566 Ltcdenanmoe
1470 4517 1502 4568 ld
1521 4515 1575 4582 ple-

253 4609 346 4666 uror«
404 4611 436 4661 ιι
455 4578 555 4678 ,netu
574 4607 595 4660 c
613 4608 750 4676 prrueme
810 4611 844 4662 ce
862 4603 941 4678 lineet]
960 4609 1012 4660 nne
1031 4619 1056 4660 n
1075 4607 1096 4660 c
1113 4607 1164 4660 ιιιιι
1183 4608 1304 4666 coetu:
1322 4607 1357 4673 es.
1376 4607 1444 4660 oon
1464 4611 1491 4661 n
1513 4609 1592 4664 rm

254 4677 356 4732 rtem
374 4677 392 4730 1
410 4681 437 4744 d,
450 4679 485 4731 31
507 4692 611 4745 semper
628 4679 697 4730 ilicet
714 4677 790 4729 llnem
810 4679 846 4729 rel
864 4679 1006 4744 signillcnt,
1023 4689 1051 4729 ut
1068 4687 1154 4730 ectum
1173 4689 1220 4730 est.
1297 4679 1331 4729 24
1350 4689 1377 4728 ιιι
1395 4692 1447 4728 non
1466 4691 1511 4730 ιιιι
1529 4695 1575 4732 ne·

236 4740 383 4811 'quondum
402 4747 424 4799 0
441 4758 538 4798 utnon
557 4762 720 4813 rrequuqunm
738 4757 756 4804 ς
808 4747 968 4799 edllrmnntls
986 4751 1166 4814 superscripto
1185 4745 1222 4808 di,
1240 4753 1267 4800 ut
1284 4753 1353 4799 ercet
1370 4745 1525 4800 odllrmondi
1544 4749 1572 4801 0.

251 4817 342 4882 'eadem
359 4817 488 4870 eorrectio
503 4819 653 4886 plerumque
671 4819 697 4868 in
715 4818 821 4884 reliquie
838 4817 968 4870 odoerdir'e
983 4817 1058 4883 sacto
1076 4825 1125 4880 ert,
1143 4819 1169 4869 in
1187 4816 1276 4886 quidue
1292 4817 1406 4884 priorem
1417 4819 1573 4885 scn'pturoro

254 4886 368 4946 rellrud¹
418 4887 452 4938 30
471 4899 554 4951 neque
571 4901 618 4937 nec
635 4899 740 4944 once¹
