3850 5560
345 1531 436 1596 llallli
459 1531 613 1596 Theodori
636 1530 748 1596 librum
777 1531 892 1614 primus
922 1528 1017 1594 edidit
1039 1531 1061 1594 l.
1086 1531 1118 1594 F.
1143 1529 1365 1612 Heusingerus,
1396 1534 1482 1595 ouius
1505 1532 1583 1595 duae

259 1644 331 1699 sunt
353 1634 512 1707 editiones,
540 1633 634 1699 altera
657 1654 674 1699 e
697 1634 802 1699 codice
826 1633 1079 1716 Guelferbytano,
1109 1637 1141 1698 i'n
1165 1653 1225 1716 quo
1248 1633 1360 1698 librum
1387 1643 1475 1698 antea
1507 1653 1584 1697 non·

260 1737 331 1803 dum
355 1735 470 1814 editum
487 1739 653 1816 turonensi,
677 1737 754 1801 iectu
770 1734 959 1820 Guelle'rbyti
974 1756 1001 1800 a.
1021 1734 1119 1810 1755Ι
1138 1736 1231 1801 altera
1247 1735 1428 1802 lectionibus
1452 1737 1583 1801 duorum

260 1841 396 1906 codicum
427 1839 652 1913 Parisinorum,
684 1859 760 1921 quos
796 1839 978 1904 Rubnlsenlo
1013 1851 1138 1904 auctora
1175 1841 1363 1922 blusgrarius
1397 1851 1581 1913 excusserat,

260 1953 345 2008 aucta
375 1952 405 2007 et
431 1942 630 2026 amplioribus
659 1945 753 2026 ipsius
782 1943 969 2032 Heusingeri
1000 1951 1028 2006 et
1058 1943 1230 2008 Ruhnkenii
1259 1943 1502 2008 adnotationibus
1535 1945 1581 2007 in·

259 2057 372 2112 structa
399 2045 540 2128 Lugduni
568 2047 750 2110 Batavorum
773 2043 805 2110 'a
835 2043 928 2110 1766.
971 2049 1189 2128 posteriorem
1223 2047 1385 2113 editionem
1419 2065 1478 2110 una
1513 2063 1581 2109 curn

259 2149 505 2216 adnotationibus
533 2150 683 2214 editorum
712 2150 903 2214 Gaislordius
932 2151 964 2212 in
993 2148 1198 2233 scriptoribus
1224 2149 1326 2214 latinis
1359 2153 1406 2214 rei
1439 2150 1583 2215 metricae

258 2256 410 2338 repetivit.

136 2470 139 2474 ’
259 2459 554 2524 Wolleubuttelanus
587 2462 650 2524 siue
679 2459 933 2543 Guelferbytanus
966 2460 1046 2524 inter
1076 2452 1386 2541 weissenburgenses
1420 2455 1462 2550 88
1499 2478 1581 2523 nono

259 2565 379 2628 saeculo
402 2565 548 2645 scriptus,
576 2562 614 2626 de
642 2582 704 2646 quo
731 2581 860 2645 gramm.
889 2563 972 2626 latin.
997 2581 1023 2626 r.
1048 2563 1072 2625 V
1095 2582 1124 2645 p.
1149 2559 1190 2629 83
1219 2554 1474 2662 dlxi,i¹arisinus
1497 2559 1584 2628 7530
1672 2577 1675 2584 ’

259 2679 364 2732 octavo
386 2665 508 2731 saeculo
530 2667 673 2750 scriptus,
702 2686 793 2750 quem
822 2665 863 2730 ib.
887 2688 917 2750 p.
941 2665 1006 2730 XLI
1034 2668 1207 2731 accuratius
1235 2667 1399 2750 descripsi,
1429 2666 1583 2731 Parisinus

274 2411 280 2418 .
344 2358 435 2422 bianu
462 2356 569 2440 scripti
592 2365 692 2420 autem
722 2355 859 2428 codices,
883 2320 994 2438 quibus
1017 2355 1223 2440 Heusingerns
1239 2315 1335 2422 usus
1353 2364 1411 2430 est,
1442 2365 1513 2421 sunt
1539 2331 1582 2430 bi,
1699 2394 1701 2397 -
1779 2320 1783 2328 Ι

161 2787 164 2792 “
258 2767 354 2843 4841,
378 2771 409 2834 in
432 2788 492 2852 quo
516 2778 584 2851 post
607 2769 707 2834 Bodas
730 2768 824 2834 libros
855 2770 892 2834 de
922 2771 1027 2834 metris
1055 2779 1085 2833 et
1113 2770 1150 2833 da
1181 2759 1393 2834 schematibus
1415 2769 1465 2834 hic
1488 2769 1582 2834 blallli
1689 2853 1690 2856 Ἴ
1803 2825 1806 2830 ,

258 2872 336 2937 liber
366 2873 527 2937 undecimo
557 2872 679 2936 saeculo
708 2874 839 2956 scriptus
862 2880 924 2948 est,
952 2872 1005 2936 sed
1029 2873 1114 2947 initio
1135 2871 1313 2946 mutilatus,
1342 2877 1430 2937 uides
1451 2881 1485 2937 ut
1516 2875 1581 2936 otiu
1680 2941 1686 2948 ,
1722 2923 1729 2930 .

256 2985 320 3041 stet
342 2980 416 3044 niue
448 2977 602 3041 condidus
628 2995 657 3059 p.
686 2971 767 3049 591,
795 2973 818 3039 4
848 3009 885 3024 ·-
915 2979 1098 3040 exs'stiment.
1148 2979 1220 3052 finit
1246 2979 1345 3040 murrii
1370 2979 1516 3041 theodori
1542 2977 1581 3038 cte

258 3084 373 3144 metris.
424 3079 505 3143 bunc
532 3077 739 3161 Heusingerus
767 3080 899 3162 primum
928 3080 1113 3153 Pousinon,
1142 3078 1270 3143 alterum
1299 3076 1385 3144 7530
1411 3079 1579 3144 secundnm

258 3182 342 3247 dixit.
388 3192 511 3265 praeter
535 3181 590 3246 bos
615 3182 735 3246 codices
763 3195 863 3246 sutem
893 3183 982 3256 allos,
1011 3185 1063 3265 qui
1091 3181 1214 3266 quidem
1244 3181 1479 3246 totum-librum
1508 3201 1579 3246 cou-

196 3299 201 3304 ·
258 3289 366 3358 tinent,
390 3287 462 3349 nori
486 3295 637 3368 quattuor,
662 3285 919 3367 bambergensem
943 3285 978 3348 ll.
1001 3285 1037 3349 b.
1061 3284 1108 3348 lV.
1134 3283 1174 3348 15
1190 3303 1270 3350 saec.
1293 3284 1329 3360 Χ,
1353 3285 1580 3368 sangallensem

259 3386 322 3454 876
345 3385 426 3452 saec.
451 3387 500 3460 1x.
525 3386 751 3468 Sangallensem
774 3385 838 3452 878
860 3387 992 3459 saecli,
1017 3389 1227 3452 blonaeensem
1250 3385 1356 3453 22307
1380 3389 1454 3453 olim
1475 3389 1580 3452 Wind-

258 3491 440 3574 bergensem
465 3488 525 3555 107
555 3510 635 3555 saec.
658 3491 708 3558 xl.
754 3502 858 3574 partes
885 3490 956 3555 libri
982 3490 1029 3554 rcl
1060 3499 1200 3574 excerpta
1228 3494 1342 3575 scripta
1371 3493 1431 3556 ridi
1460 3493 1491 3556 in
1522 3493 1579 3555 bis.

258 3594 353 3659 codex
377 3593 584 3659 berolinensis
613 3591 664 3659 66.
686 3592 709 3658 4
736 3595 807 3658 olim
831 3597 1033 3659 Sauteoianus
1055 3613 1135 3658 saco.
1161 3594 1224 3658 vt11
1246 3614 1275 3677 p.
1299 3591 1373 3668 231,
1403 3597 1516 3674 incipit
1543 3597 1581 3660 de

185 3707 186 3710 ’
257 3703 361 3762 metris
388 3701 477 3762 molti
505 3700 645 3763 theodori
667 3697 805 3762 Metrum
828 3700 1008 3762 dactilicum
1030 3707 1097 3781 sqq.
1121 3717 1150 3780 p.
1171 3695 1253 3786 588,
1282 3695 1327 3762 20
1348 3695 1411 3762 sola
1435 3697 1579 3782 dactylica

245 3811 355 3866 metra
379 3805 510 3884 integra,
534 3803 571 3865 de
594 3802 724 3884 reliquis
746 3819 844 3882 pauca
866 3809 1006 3883 excerpta
1030 3803 1179 3864 eontinet:
1204 3801 1242 3864 cl.
1267 3819 1395 3882 gramm.
1419 3800 1468 3865 lat.
1492 3821 1518 3864 v.
1542 3801 1580 3864 lv

258 3923 287 3986 p.
310 3903 430 3968 xxxu.
482 3906 514 3966 ln
542 3904 647 3969 codice
669 3905 926 3986 sangermanensi
951 3899 1035 3967 1094
1057 3922 1136 3968 saec.
1159 3903 1185 3967 X
1207 3914 1276 3968 ante
1299 3903 1408 3968 librum
1431 3903 1520 3967 Plotli
1542 3903 1580 3966 de

260 4011 380 4080 metris,
405 4007 443 4070 dc
466 4026 526 4090 qun
550 4026 642 4091 supra
666 4006 738 4080 dixi,
761 4027 832 4092 pars
854 4007 925 4072 iibri
947 4006 1039 4097 blallii
1062 4006 1135 4071 inde
1156 4026 1173 4070 a
1197 4011 1296 4090 capite
1320 4009 1357 4072 de
1379 4005 1487 4072 m'etris
1510 4016 1579 4070 octo
1684 4013 1693 4104 ’-

258 4130 289 4194 p.
311 4107 388 4184 588,
418 4105 459 4174 21
486 4129 546 4174 non
578 4110 679 4173 addito
708 4115 831 4174 nomine
860 4113 993 4175 auctoris
1021 4112 1132 4194 scripta
1161 4121 1207 4174 est
1239 4113 1259 4175 l.
1292 4107 1481 4184 148-150,
1510 4118 1581 4173 sunt

258 4217 354 4292 igitur
380 4221 549 4278 metrorum
580 4231 698 4292 genera
727 4247 767 4262 -·
796 4218 980 4280 ecistimerrt.
1036 4215 1142 4278 eadem
1176 4218 1208 4278 iu
1242 4214 1347 4280 codice
1377 4213 1578 4279 bibliothecae

258 4319 463 4382 universitatis
491 4316 693 4381 Bononiensis
720 4336 800 4381 saec.
831 4317 871 4382 x1
898 4319 1094 4400 praescripto,
1117 4316 1203 4381 titulo
1236 4321 1336 4382 murrii
1367 4320 1508 4381 theodori
1538 4318 1579 4379 de
1639 4375 1643 4378 .
1751 4377 1753 4382 ,
1820 4361 1824 4370 ·

60 4465 64 4470 -
258 4424 362 4485 metris
384 4419 443 4501 legi
467 4419 539 4483 mibi
568 4419 718 4484 indicavit
736 4419 932 4488 lietlalsenus.
970 4423 1001 4485 iu
1025 4399 1129 4485 oodlc‘e
1149 4419 1314 4502 Reginensi
1334 4417 1416 4486 1586
1439 4439 1517 4483 saec.
1534 4421 1575 4483 111
1660 4447 1663 4458 ·

193 4515 195 4520 ’
258 4524 362 4588 eadem
390 4524 501 4605 scripta
526 4532 596 4587 sunt
625 4519 799 4588 169-72
827 4523 1078 4596 INTELLEOT'
1103 4523 1578 4589 11111103001111111

64 4653 66 4660 ⁴
258 4629 355 4706 igitur
376 4635 538 4690 metrorum
556 4644 675 4704 genero
690 4657 733 4672 ·-·
747 4629 936 4690 existiment:
958 4629 1095 4710 sequitur
1111 4627 1216 4690 iuliani
1236 4636 1383 4692 tractatus
1407 4627 1445 4690 dc
1461 4630 1576 4700 metris

250 4729 440 4804 0110111111
465 4747 585 4809 neaera
612 4737 776 4793 metrorum
808 4765 842 4775 -
874 4733 950 4793 deus
977 4734 1083 4812 offert.
1135 4733 1166 4792 in
1195 4729 1254 4794 alio
1282 4731 1447 4812 Reginensi
1472 4728 1577 4794 codice

146 4851 149 4856 ·
258 4827 319 4894 251
345 4852 425 4897 saco.
449 4831 490 4897 x1
514 4833 609 4898 Servii
632 4831 710 4896 libro
734 4833 772 4895 de
796 4842 918 4896 centum
942 4835 1047 4897 metris
1062 4833 1196 4898 subiecta
1220 4830 1576 4906 311111111184-87,

198 4991 206 4998 .
258 4937 305 4998 Ab
327 4940 465 5001 omnibus
486 4941 594 5002 metris
610 4941 735 5018 penitus
757 4940 948 5018 repudiandi
968 4942 1065 5019 pedes
1089 4974 1127 4986 -
1151 4941 1245 5002 olium
1273 4939 1434 5017 quemlibet
1455 4957 1578 5004 uersum
