3874 5556
829 265 876 314 os
901 265 1069 316 secorius
1534 246 1597 314 353

277 363 304 404 p·
317 353 378 430 9409τ
392 353 443 396 41².

431 454 590 509 ssoscuta
614 463 744 528 namque
767 448 892 526 spatia
918 444 1001 516 dico,
1025 447 1188 508 stamina
1212 441 1330 525 aliaque
1353 441 1411 504 boc
1433 459 1540 537 genus.

484 557 514 612 et
536 549 611 612 does
632 548 723 612 simul
746 547 840 630 ligare
863 547 926 612 sola
949 567 1120 612 consonans
1144 555 1252 631 potest,

462 643 664 718 ‘scrinium
689 663 877 716 struemve
901 653 1020 736 quaudo
1043 652 1328 733 splendidumrc
1351 650 1488 713 dicimus.

484 768 546 822 tres
567 768 666 821 tamen
691 776 853 840 numquam
878 756 1019 830 coibunt,
1045 757 1101 820 uda
1126 760 1157 820 ni
1180 759 1219 819 sit
1242 758 1342 818 tertia.

526 861 720 926 Semirocalis
742 879 884 946 suprema
909 859 1035 942 duplicis
1058 871 1152 926 restat
1173 862 1250 924 soni.

433 988 471 1029 sss
485 965 607 1048 praefici
630 967 659 1029 in
684 965 784 1028 verbis
807 964 908 1027 latinis
932 967 986 1026 ista
1011 985 1067 1028 nec
1085 963 1235 1028 vocalibus

483 1071 596 1152 poterit
619 1089 773 1150 umquam:
799 1077 914 1132 tautum
937 1068 1023 1132 abest
1046 1078 1077 1133 ut
1100 1072 1240 1132 consonis
1264 1095 1292 1138 s,

483 1175 549 1257 ipsa
572 1193 640 1235 curu
663 1181 780 1236 constet
802 1172 918 1236 duabus
940 1181 1113 1254 comparata
1136 1175 1286 1236 consonis.

484 1275 596 1360 syllaba
620 1295 810 1358 quacumque
834 1296 906 1340 sanc
929 1277 1069 1341 subditur
1093 1275 1256 1346 vocalibus,

484 1381 603 1464 quando
628 1399 690 1444 rex
715 1380 856 1444 calixse
880 1383 970 1452 dicis,
996 1401 1063 1464 pax
1088 1379 1189 1445 latex
1213 1398 1304 1462 apex
1328 1396 1452 1442 senex.

432 1494 554 1550 secante
578 1483 696 1547 vocales
720 1485 836 1548 locatur
859 1488 889 1549 in
913 1489 1051 1569 sequenti
1075 1484 1198 1570 syllaba,

485 1590 569 1652 laxo
594 1591 619 1652 si
643 1589 727 1651 dicas
750 1589 795 1650 rel
819 1593 898 1652 axis
922 1609 1039 1655 nexus
1062 1611 1155 1654 irxor
1176 1591 1304 1658 noxia.

484 1701 599 1758 tantuin
623 1693 701 1776 apud
726 1692 859 1756 Graecos
885 1695 1017 1758 videmus
1041 1695 1232 1758 inchoantem
1258 1694 1390 1763 nomina,

484 1801 537 1876 qni
560 1791 659 1872 ξένον
682 1791 814 1873 ξανθόν
836 1796 1015 1880 loquuntur,
1041 1789 1171 1875 ξουθόν
1194 1806 1224 1859 et
1246 1789 1385 1878 ξεινήϊα.

485 1903 627 1964 consonis
650 1901 819 1983 praefertur
843 1912 959 1974 cirtem,
983 1905 1007 1966 si
1032 1903 1181 1984 dirempta
1205 1899 1318 1983 syllaba
1342 1907 1388 1960 est

434 2029 474 2070 ess
490 2007 619 2068 nominis
641 2003 780 2075 verbius,
804 2009 892 2069 cuius
915 2026 983 2070 cum
1008 2007 1122 2070 Latinis
1143 2025 1244 2069 sermo
1268 2006 1321 2072 sit:

442 2115 444 2118 ’
485 2107 618 2191 expuli
641 2128 708 2171 cum
733 2108 800 2170 dico
823 2119 853 2170 ot
876 2120 977 2182 exta,
1001 2131 1054 2174 seu
1078 2114 1148 2192 quis
1172 2126 1367 2172 excussam
1391 2123 1528 2168 comam

485 2213 566 2276 dicat
588 2223 639 2274 aut
662 2211 785 2284 exlex,
809 2220 839 2275 et
861 2211 951 2284 illud,
977 2215 1050 2278 boc
1074 2217 1153 2276 siue
1178 2212 1372 2294 exquiram
1397 2211 1519 2291 prius:

485 2315 561 2380 adde
584 2324 614 2377 et
637 2324 842 2388 exsortem,
866 2317 911 2380 vel
936 2321 1003 2381 istis
1024 2319 1123 2382 simile
1145 2315 1245 2396 siquid
1268 2314 1401 2378 dureris.

485 2427 569 2483 muto
593 2418 638 2483 rel
662 2427 779 2501 partem
803 2423 929 2502 prioris,
954 2423 979 2484 si
1003 2424 1036 2484 llt
1058 2423 1187 2491 hirtum,
1212 2415 1353 2500 syllabae,

378 2604 382 2608 ι
434 2523 592 2594 κοιιῐοι
615 2532 649 2586 ut
670 2522 784 2594 dicam,
809 2523 853 2587 rel
878 2524 970 2598 illud,
994 2525 1063 2589 hoc
1087 2525 1159 2614 tibi
1184 2523 1366 2586 ellectum
1389 2517 1498 2581 dabo.

487 2626 577 2690 rerba
600 2635 706 2691 contra
729 2639 868 2709 separata
891 2630 1012 2710 quando
1035 2632 1078 2693 sic
1102 2629 1299 2696 annectimus,

433 2758 441 2776 =
486 2732 563 2794 banc
585 2739 620 2793 nt
642 2740 711 2794 ante
735 2731 921 2795 desinentem
946 2733 1149 2816 subsequatur
1171 2748 1351 2798 consonans.

486 2844 579 2898 neat
602 2844 648 2898 est
671 2834 768 2899 solum
792 2835 904 2900 locare.
950 2838 1018 2919 quia
1043 2838 1153 2919 duplex
1177 2845 1223 2897 est
1245 2851 1388 2904 consona,

486 2947 550 3001 tres
572 2939 711 3001 videntur
733 2938 877 3022 syllabam
900 2960 992 3004 uuam
1015 2949 1216 3005 consonantes
1239 2937 1345 3000 edere:

375 3030 381 3042 ’
434 3042 637 3124 scabispidurn
661 3041 741 3126 quod
765 3062 857 3124 porro
880 3063 917 3107 ne
942 3047 995 3117 sit,
1019 3044 1086 3108 dico
1110 3054 1140 3107 et
1163 3065 1178 3106 e
1203 3041 1307 3105 bello
1331 3041 1447 3108 viros,

488 3146 556 3208 dico
581 3155 611 3207 et
633 3164 650 3207 e
674 3164 770 3226 pago
794 3166 990 3226 reversos,
1015 3147 1082 3212 dico
1105 3157 1135 3210 et
1159 3167 1174 3210 e
1198 3149 1284 3210 loro
1308 3143 1460 3206 domum.

488 3259 533 3313 ast
556 3251 635 3311 enlm
660 3250 769 3314 Graius
791 3251 902 3314 locabit
923 3252 1174 3336 quandocumque
1197 3248 1275 3312 lianc
1299 3246 1434 3310 ultimam

486 3355 548 3418 sire
571 3356 601 3415 in
626 3373 686 3416 uno
709 3356 958 3436 comprehensam
983 3359 1045 3420 sive
1067 3355 1161 3418 verbo
1184 3354 1295 3436 seponi,

488 3475 648 3519 consonam
673 3475 835 3542 numquam
859 3459 989 3539 iugabit,
1015 3465 1085 3542 quia
1109 3479 1183 3522 sone
1208 3458 1263 3520 lesi
1287 3455 1405 3520 studet:

435 3577 556 3634 mnam
581 3563 638 3624 nisi
662 3569 692 3624 el
715 3563 824 3625 vocalis
847 3565 941 3634 adsit,
966 3566 1055 3626 vertit
1078 3563 1155 3626 lianc
1178 3565 1207 3625 in
1233 3561 1417 3642 simplicem:
1492 3633 1496 3644 .

488 3659 607 3726 κάππα
631 3665 710 3727 enirn
734 3663 830 3728 solum
854 3667 988 3739 sonabit,
1014 3666 1122 3749 σίγμα
1140 3686 1210 3728 uero
1234 3664 1412 3728 excluditur.

487 3770 533 3830 sic
557 3776 586 3828 et
610 3763 773 3848 ἐκπλῆξαι
797 3767 977 3850 loquuntur.
1002 3775 1047 3834 sic
1071 3779 1100 3834 et
1124 3767 1287 3850 ἐκπέρσαι
1310 3763 1423 3838 πόλιν,

379 3885 382 3894 ·
489 3873 533 3934 sic
556 3869 693 3950 elidad,
718 3868 765 3946 εἰς
787 3865 826 3934 τὸ
849 3869 976 3950 κάλλος
1000 3861 1238 3958 ἐκκεκώφηται
1260 3870 1352 3954 ξίφη,

350 4131 401 4181 930
422 4129 526 4196 aliaque
550 4131 730 4184 Loebrnanaue
753 4147 830 4198 atque
849 4135 880 4186 M
897 4145 975 4198 etque
998 4135 1048 4186 elia
1073 4136 1193 4200 Micyllus
1263 4136 1312 4186 931
1329 4135 1446 4199 sortasse
1469 4144 1600 4182 consonas

315 4216 366 4267 933
386 4217 412 4266 ni
430 4218 465 4268 sit
483 4218 664 4270 Lachmanmrs
683 4219 734 4267 nisi
748 4218 781 4270 M
797 4221 845 4271 nisi
866 4222 900 4272 sit
911 4222 1031 4286 Micyllus
1087 4223 1137 4274 930
1157 4233 1184 4272 ιιι
1202 4222 1323 4272 consonis
1340 4221 1397 4271 sine
1414 4222 1506 4270 lacuna
1525 4217 1558 4268 M
1574 4229 1602 4267 ιιι

281 4301 444 4367 praelucetur
465 4306 590 4356 consuuir
608 4305 747 4357 Brissneuo
816 4309 867 4357 940
889 4307 988 4357 locatur
1010 4310 1036 4358 in
1057 4307 1178 4374 Micyllus
1200 4306 1299 4357 locatur
1319 4319 1346 4357 ιιι
1364 4307 1389 4355 in
1409 4305 1438 4355 M
1507 4305 1558 4354 943
1577 4316 1602 4353 et

284 4377 399 4454 ξεινήια
425 4377 548 4457 Micyllus
572 4404 595 4442 et
618 4389 725 4457 ξηκιηα
744 4391 778 4442 M
843 4395 895 4444 950
918 4393 998 4444 ECler
1022 4393 1056 4444 Μ
1076 4393 1137 4443 effer
1159 4393 1298 4444 Brisraeas
1366 4391 1497 4443 essetne
1521 4389 1600 4440 uerbo

283 4475 338 4540 pari
358 4475 396 4526 M.
415 4476 472 4527 siue
495 4477 574 4528 iicrlio
598 4477 685 4544 seponi
704 4479 743 4528 ael
760 4477 859 4543 dispari
883 4482 992 4532 corderii
1012 4479 1143 4544 Micyllus,
1162 4479 1217 4528 siue
1237 4480 1373 4528 uerborum
1394 4477 1449 4543 pari
1469 4477 1602 4526 Dawese'ur

282 4561 351 4611 misc.
369 4563 430 4614 erte.
446 4579 473 4628 p.
495 4566 535 4613 ld.
571 4564 627 4614 siue
646 4565 672 4613 in
691 4563 770 4614 uerbo
790 4565 846 4630 pori
865 4567 986 4616 ediderat
1004 4563 1146 4616 Brleraeus
1215 4566 1266 4615 959
1283 4579 1415 4627 nunquam
1435 4562 1535 4628 iugabit
1548 4562 1600 4612 Mi·

282 4648 363 4711 eyllus
382 4661 433 4698 nun
454 4649 498 4711 qui
518 4648 617 4714 iugabit
631 4649 670 4702 M.
690 4663 740 4698 uon
760 4663 777 4698 x
791 4651 891 4716 iugabit
908 4653 1029 4702 ediderat
1042 4651 1182 4702 Brireoeue
1244 4650 1292 4699 leni
1314 4651 1447 4700 Doweeiue
1506 4649 1558 4700 960
1576 4657 1602 4698 et

284 4747 330 4783 ou.
348 4733 385 4792 M,
404 4734 466 4789 add.
480 4735 660 4788 Lccdmanmie
726 4735 779 4787 '962
799 4726 945 4803 ἐκπέρσαι]
964 4738 1040 4793 Ham.
1062 4737 1095 4791 n.
1114 4738 1139 4789 A
1161 4741 1192 4788 19
1261 4737 1312 4788 903
1332 4730 1373 4795 εἰς
1392 4726 1425 4787 τὸ
1444 4728 1600 4794 κάλλιμα

284 4815 376 4884 Eur-ip.
396 4817 727 4888 Orest.128?(1279ed.
750 4821 836 4885 Fore.)
857 4822 998 4884 Homerios,
1020 4837 1194 4890 suscepturos
1212 4823 1244 4874 M
