3858 5560
655 363 657 370 v
683 347 735 400 nn
755 347 892 402 nemos
910 347 959 400 nn
977 349 1027 401 nn
1045 347 1134 414 unx,
1163 339 1167 347 ’
1507 343 1570 412 211
1675 349 1677 354 ·

275 447 448 509 penten.
1434 447 1547 503 nm
1614 494 1617 502 .

184 527 189 540 '
306 573 309 582 ·
333 540 421 621 quin
446 557 618 613 morere,
642 551 683 604 nt
706 541 841 604 merita
865 560 920 614 es,
945 539 1127 624 ferroque
1149 547 1280 604 averte
1303 535 1474 602 dolorem

249 653 280 707 et
491 643 495 653 “

334 765 425 812 cara
448 746 541 811 mibi
564 758 654 812 ante
675 747 788 820 alias,
816 765 947 829 >neque
969 751 1065 812 eninr
1094 767 1212 812 novus
1234 751 1309 812 iste
1334 746 1484 810 Dianae.
1533 757 1564 828 j

248 851 326 915 Sunt
347 851 469 934 quidem
492 851 631 934 plerique
652 849 833 934 syllabarum
856 851 961 915 decem
984 861 1015 914 et
1037 859 1123 922 octo,
1157 861 1189 914 ot
1214 849 1266 914 lile
1300 869 1389 933 quem
1413 852 1443 914 io
1466 849 1590 914 ultimo·

223 953 316 1020 eloco
337 957 465 1038 posuisti
487 955 671 1038 syllabarum
687 957 802 1036 viginti,
827 957 876 1018 cul
891 971 1082 1037 nequaquam
1098 956 1234 1018 invenies
1248 971 1364 1036 parem,
1388 973 1458 1019 cum
1472 954 1571 1018 adbuc

248 1057 351 1124 nullus
373 1059 438 1124 iere
459 1060 640 1131 Inveniatur,
665 1061 716 1142 qui
740 1059 854 1122 decem·
868 1067 900 1121 et
921 1075 1030 1122 norem
1052 1055 1174 1140 syllabis
1196 1067 1322 1123 constet
1345 1077 1450 1123 verum
1474 1047 1596 1122 scien·'

248 1163 320 1226 dum
344 1174 389 1246 est
411 1165 443 1228 ln
467 1165 591 1228 metrica
613 1163 732 1226 ratlone
754 1180 918 1244 numquam
942 1163 1111 1244 computari
1139 1179 1190 1224 ees
1212 1159 1349 1244 syllabas,
1380 1181 1455 1246 quas
1484 1179 1571 1244 syna·

247 1267 328 1350 llpba
352 1269 523 1351 intercepit.
547 1285 609 1348 quo
631 1267 665 1330 dt
686 1272 720 1328 ut
741 1283 849 1329 omnes
872 1263 876 1348 l
901 1265 945 1328 illi
967 1283 1081 1336 cereus,
1105 1265 1157 1347 qui
1172 1283 1264 1348 supra
1281 1265 1395 1329 dictum
1411 1282 1571 1330 numerum

217 1411 220 1418 .
248 1370 431 1452 syllabarum
457 1370 598 1434 videntur
621 1369 779 1442 excedere,
804 1369 948 1433 detractis
970 1367 1137 1452 synalipbis
1160 1368 1197 1431 ad
1221 1367 1326 1432 decem
1343 1379 1374 1433 et
1388 1379 1504 1452 septem
1520 1379 1573 1433 aut

210 1494 237 1536 aa
248 1473 381 1540 sedecim
404 1493 440 1538 ac
462 1492 523 1538 non
546 1472 620 1538 nulli
643 1475 733 1538 ctiam
761 1473 797 1538 ad
823 1471 996 1554 quindecim
1020 1469 1148 1555 syllabas
1170 1472 1358 1554 redigantur,
1383 1472 1473 1537 veluti
1506 1481 1575 1536 suut
1667 1483 1669 1488 '

193 1586 201 1672 J
248 1577 292 1642 llll
314 1597 391 1662 quos
414 1597 506 1662 snpra
530 1572 774 1659 e'xcmpli'causa
797 1577 935 1659 posuisti.
975 1574 1056 1640 nude
1086 1577 1177 1640 etlam
1205 1575 1362 1640 sciendum
1387 1586 1433 1640 est
1454 1575 1572 1640 nullum

163 1713 166 1718 ·
249 1701 369 1746 versum
392 1680 574 1766 dactylicum
597 1681 808 1746 hexametrum
831 1680 961 1744 invcnIrl
982 1697 1088 1762 posse,
1118 1681 1170 1762 qui
1198 1696 1359 1742 numerum
1389 1677 1571 1763 syllabarum

204 1801 208 1806 ·
248 1785 353 1850 decem
372 1795 401 1850 et
415 1795 532 1868 septem
556 1785 692 1850 rideatur
707 1783 866 1848 excedere.
889 1785 992 1864 itaque
1013 1785 1113 1846 omnis
1128 1801 1232 1847 versus
1253 1783 1437 1856 hexameter,
1460 1785 1487 1847 si
1501 1781 1573 1846 solla

131 1895 136 1906 '
248 1889 390 1974 spondeis
412 1889 590 1964 constiterit,
613 1889 674 1953 erit
694 1887 855 1952 duodecim
879 1885 1077 1970 syllabarum
1102 1888 1129 1950 si
1144 1903 1237 1950 unum
1254 1885 1406 1971 dactylum
1422 1885 1573 1959 babuerit,

209 1994 408 2068 etuede'cim
431 1997 457 2058 si
473 1992 559 2080 duos,
576 1989 833 2073 quattuordecim:
857 1991 883 2058 si
898 1999 969 2062 tres,
992 1990 1165 2072 quindecim
1173 2012 1192 2062 ;·
1205 1992 1231 2054 si
1254 1999 1406 2073 quattuor,
1423 1991 1573 2062 sedeclm;

247 2099 273 2160 sl
295 2099 439 2181 quinque,
463 2096 569 2162 deeam
592 2105 622 2159 et
643 2105 770 2179 septem.
809 2098 912 2176 itaquo
934 2095 1073 2178 qnotIeus
1096 2092 1233 2176 dactylus
1254 2094 1431 2166 accesserit,
1463 2096 1573 2158 totiens

249 2219 308 2266 nna
332 2199 444 2283 syllaba
466 2201 626 2265 adcrescit.

315 2286 520 2368 ‘ueremur
542 2321 648 2367 versus
670 2302 836 2386 dactylicus
863 2320 920 2384 per
948 2311 1021 2384 quot
1050 2302 1168 2384 species
1197 2301 1346 2363 variarunt
1383 2301 1520 2383 Triginta
1543 2301 1591 2366 et'

250 2407 336 2472 duae.
381 2407 556 2482 Quatenusi
584 2407 617 2470 In
640 2425 730 2470 versu
752 2406 914 2470 duodecim
937 2405 1118 2488 syllabarum
1141 2407 1259 2487 species
1282 2421 1342 2468 una
1366 2413 1422 2469 eet.
1459 2409 1572 2490 quippe
1606 2479 1610 2487 y

210 2527 237 2569 so
249 2510 299 2574 hle
321 2513 388 2576 sine
410 2509 469 2575 ulla
491 2512 633 2575 rarlctate
657 2507 762 2574 omdes
777 2511 808 2572 ln
824 2529 857 2574 se
873 2507 1139 2593 spondeos-babet
1154 2519 1184 2573 et
1204 2507 1361 2573 vocabitur
1376 2509 1571 2591 spondiazon,

250 2625 283 2678 ui
305 2623 352 2678 usi
389 2670 393 2679 .
663 2631 665 2634 '
1209 2626 1211 2631 '

434 2729 450 2800 j
520 2717 977 2800 introducunturlegati
1006 2717 1300 2782 Minturnenses.
1404 2741 1407 2749 ·

250 2823 443 2907 quodgmus
465 2821 694 2886 versificationis
716 2840 810 2904 usque
834 2820 910 2884 adeo
933 2821 1044 2884 durum
1068 2829 1122 2893 est,
1147 2830 1181 2884 ut
1196 2840 1258 2894 non
1272 2789 1429 2898 invenuste
1445 2799 1572 2887 Albinus

249 2929 291 2990 ln'
304 2925 382 2990 libro
405 2943 495 3008 quem
519 2925 558 2989 de
579 2928 686 2990 metris
707 2925 831 3009 scripsit
852 2925 892 3021 ita
915 2927 1060 3008 posuerit,

253 3071 459 3084 affl

319 3151 352 3204 18
370 3149 525 3204 Hexemeter
542 3164 633 3202 versus
652 3149 735 3203 Diona.
755 3152 815 3214 ssu,
828 3152 860 3202 11

318 3345 415 3395 beura
432 3339 496 3392 mibi
514 3348 575 3390 ants
592 3339 657 3390 alias
675 3339 845 3405 nequeenim
863 3353 949 3392 nouos
966 3341 1016 3391 iste
1034 3338 1111 3391 diane
1131 3339 1227 3391 Oeace
1246 3339 1309 3390 mini
1327 3349 1387 3391 ante
1405 3339 1470 3391 nlius
1489 3355 1572 3406 usqne

250 3411 328 3464 dlene
345 3412 386 3464 A:
409 3411 490 3476 Vsrp.
511 3410 578 3460 Aen.
598 3409 642 3460 xi
659 3411 714 3462 587
782 3411 801 3460 4
818 3408 971 3476 plerumque
988 3420 1006 3465 ς
1025 3408 1100 3462 dost.
1170 3411 1186 3461 5
1204 3409 1323 3460 inuenies
1341 3420 1440 3478 partem
1461 3409 1572 3462 Ginue-
1595 3443 1597 3447 -

250 3482 319 3546 neris
338 3493 426 3548 parem
446 3483 472 3532 A
524 3478 603 3542 bqul
622 3475 708 3530 xvut
725 3477 883 3544 syllabarum
897 3489 999 3530 constet
1017 3476 1038 3530 0
1055 3477 1208 3542 quindecem
1227 3487 1253 3530 et
1269 3492 1365 3528 nouem
1383 3477 1491 3544 syllabis
1509 3493 1570 3530 con·
1679 3488 1682 3493 '

250 3561 301 3601 stet
318 3549 344 3600 A
415 3547 549 3600 'lratIone
567 3561 708 3612 numquam
727 3547 752 3599 A
772 3549 872 3599 ratione
889 3547 961 3612 quod
979 3560 1120 3610 numquam
1140 3545 1174 3606 0,
1201 3539 1206 3550 ”
1246 3546 1352 3598 sinaitis
1369 3547 1500 3614 intercipit
1517 3563 1571 3612 quo

251 3617 279 3670 bt
297 3620 323 3672 A
341 3615 471 3685 synaypla
489 3613 618 3667 lnterlecit
633 3616 705 3682 quod
722 3614 752 3667 llt
770 3615 793 3668 0
808 3614 958 3684 sinalinpba
976 3616 1112 3682 intercepit
1129 3629 1181 3681 quo
1199 3615 1230 3669 llt
1248 3615 1323 3670 Getis.
1378 3618 1395 3668 9
1414 3617 1533 3668 uidentur
1545 3617 1570 3668 A

186 3733 189 3738 .
251 3685 410 3740 uidentesG
460 3686 494 3737 ad
513 3685 600 3736 decem
620 3696 645 3736 et
662 3697 762 3752 septem
780 3697 826 3736 ant
842 3685 957 3736 sedecim
974 3695 1020 3736 eut
1036 3687 1138 3737 tertiam
1157 3685 1191 3736 ud
1209 3679 1483 3751 quindecim'syllabaa
1502 3685 1572 3737 redi·
1688 3748 1691 3754 Ι

250 3767 346 3824 gantur
363 3757 389 3807 A
408 3755 442 3806 ad
459 3753 547 3806 XVIII
563 3768 594 3804 ac
613 3768 662 3805 non
682 3753 746 3806 nulli
764 3755 842 3805 etlam
860 3755 893 3806 ed
912 3753 963 3804 XV
981 3745 1095 3819 syllabas
1114 3753 1268 3821 rediguntur
1285 3754 1307 3807 0
1377 3757 1408 3806 11
1427 3756 1503 3806 etiem
1523 3769 1571 3807 om.

252 3825 366 3880 Aeaei.
421 3825 453 3876 12
471 3824 584 3874 inueniri
601 3823 706 3878 sucta
723 3824 841 3875 innenIre
859 3822 918 3876 OA
971 3823 1129 3889 syllabarum
1147 3823 1235 3874 decem
1254 3835 1280 3875 et
1296 3835 1396 3891 septem
1414 3824 1569 3876 uideaturA

250 3894 408 3961 syllabarum
426 3891 513 3945 XVIII
530 3892 622 3944 nauem
641 3892 662 3944 0
743 3894 776 3945 ts
794 3903 925 3944 tremeler
942 3893 965 3943 si
983 3891 1048 3944 solis
1067 3891 1187 3960 spondiis
1206 3891 1351 3944 constiterit
1369 3894 1416 3944 erit
1433 3891 1569 3944 duodecim

181 3974 184 3980 '
250 3967 277 4017 A
299 3973 432 4015 memetra
453 3963 478 4013 si
499 3961 573 4014 eolus
596 3960 699 4028 sponde
721 3963 866 4014 constiterit
888 3959 938 4013 IIII
962 3961 983 4014 0
1069 3964 1101 4013 ib
1119 3962 1240 4013 tredecim
1260 3963 1286 4015 A
1309 3960 1358 4013 ΧΗ
1377 3961 1417 4013 G·
1485 3963 1517 4014 lb
1534 3963 1570 4013 ita

251 4034 373 4098 quotiens
391 4031 507 4085 Aderit.
593 4029 748 4097 tocius-nne
766 4031 867 4097 syllaba
884 4031 996 4082 durescit
1013 4031 1035 4084 0
1051 4031 1145 4084 totiens
1165 4045 1216 4081 una
1233 4031 1334 4097 syllaba
1352 4030 1444 4082 crescit
1463 4031 1486 4080 A

252 4104 284 4156 ts
302 4111 433 4154 minster
451 4102 477 4152 A
501 4097 701 4151 exametrumG
743 4158 747 4166 ‚
775 4101 808 4152 19
825 4101 853 4151 ln
871 4115 950 4151 uersu
966 4100 1104 4152 duodecim
1123 4099 1237 4166 syllabas
1258 4100 1279 4152 0
1299 4101 1326 4151 io
1345 4115 1422 4151 uersu
1440 4098 1569 4151 duodeca-

250 4172 350 4240 eyllaba
368 4171 395 4223 A
482 4170 581 4238 qnippe
599 4168 640 4220 bis
658 4168 684 4220 A
703 4167 801 4236 quippe
819 4167 946 4221 anternO
1031 4170 1065 4222 20
1083 4169 1220 4220 uocabitur
1238 4167 1440 4236 spondeiconG
1463 4179 1571 4219 uocatur

250 4240 415 4309 spondiuon
433 4240 459 4292 A
529 4239 563 4290 22
580 4237 779 4289 introducuntur
796 4237 871 4305 ligati
886 4237 912 4288 in
932 4246 973 4289 tur
990 4251 1093 4289 menses
1114 4239 1135 4290 0
1151 4237 1348 4289 introducuntur
1365 4237 1445 4304 legati
1462 4237 1571 4287 mintur-

251 4325 346 4362 nenses
368 4310 395 4360 A
413 4309 472 4360 eod.
486 4305 570 4360 Beris.
593 4306 629 4357 bii
652 4305 831 4374 producuntur
853 4307 958 4374 legatim
980 4308 1092 4372 iuturnis
1111 4307 1138 4359 A
1160 4309 1218 4363 cod.
1233 4307 1308 4359 Mos.
1332 4307 1368 4357 itii
1392 4305 1572 4373 producuntur
1682 4323 1684 4334 ’

250 4379 330 4448 legati
351 4379 544 4429 minturnenses
568 4375 718 4428 Alddeiraua
735 4391 761 4441 p.
781 4379 835 4427 524
862 4375 928 4427 lorte
949 4375 1079 4427 ducuntur
1100 4375 1174 4443 ligati
1193 4377 1418 4431 llinturnensese
1444 4373 1570 4427 lortitud'o

250 4447 382 4499 ducuntur
399 4445 478 4514 legati
495 4448 688 4496 minturnenses
708 4443 792 4508 ucri„
811 4445 878 4496 unde
896 4443 977 4496 lortes
995 4445 1125 4496 ducuntur
1136 4447 1246 4497 coniecit
1257 4445 1458 4497 diadematibus.
1484 4443 1570 4498 Enrtio

250 4516 341 4570 uident
358 4515 480 4568 &hmo
498 4513 569 4567 Eas.
587 4516 676 4566 mmet.
690 4512 786 4579 [rupee.
803 4530 831 4579 p.
850 4515 899 4566 151
918 4515 960 4565 ed.
980 4513 1090 4566 Hercei:
1109 4513 1145 4578 ct.
1164 4514 1234 4568 Ean.
1249 4516 1335 4564 maol.
1354 4515 1409 4564 003
1427 4513 1466 4564 ed.
1491 4513 1569 4566 Vodl.

229 4625 232 4631 .
318 4587 354 4638 28
376 4583 450 4651 qnod
469 4597 555 4650 genus
577 4582 776 4636 versificationis
798 4581 864 4633 adeo
887 4581 982 4632 dnmm
1004 4593 1030 4632 et
1052 4581 1161 4634 horrens
1185 4593 1238 4644 est,
1266 4591 1295 4632 nt
1317 4581 1431 4646 Albinus
1450 4583 1475 4632 lu
1504 4582 1571 4634 libro

251 4669 328 4721 quern
346 4654 380 4706 de
396 4653 486 4705 mauis
498 4652 604 4704 scribsit
619 4662 688 4704 vetet
703 4649 839 4718 spondaeo
858 4661 939 4702 tutum
958 4649 1112 4702 concludere
1130 4665 1242 4703 versum.
1262 4652 1309 4702 sed
1327 4650 1451 4702 adiuncto
1464 4651 1566 4716 dactylo
1680 4655 1683 4660 '

252 4724 343 4789 quium
354 4724 463 4791 regium
474 4717 562 4790 aptius
579 4723 690 4774 comitur
707 4719 857 4772 Alddebaus
867 4735 895 4786 p.
907 4721 961 4771 su
1000 4733 1065 4770 nnn
1083 4719 1222 4772 Invenuste
1239 4731 1287 4775 out.
1304 4707 1353 4776 (ἴς
1366 4719 1451 4783 uest,
1467 4721 1530 4772 odd.
1543 4723 1568 4771 A

320 4794 355 4846 st
372 4793 406 4844 ds
422 4807 472 4844 oss.
485 4791 512 4844 A
524 4793 583 4844 eod.
596 4791 670 4845 Mon.
741 4791 777 4840 ite
794 4788 913 4856 posuerit
930 4786 1007 4838 ullem
1025 4787 1172 4856 spondeum
1191 4798 1274 4841 toturn
1293 4787 1445 4841 concludere
1464 4803 1569 4840 nereum

225 4866 227 4871 '
252 4875 333 4929 posse
345 4861 401 4913 lieri
412 4862 536 4928 iungens.
555 4875 578 4913 s.
598 4859 692 4912 meula
702 4869 778 4926 cepte
796 4857 818 4909 0
834 4857 869 4908 ltu
881 4859 1021 4928 proposuit
1037 4857 1108 4922 quod
1126 4867 1197 4909 uetat
1212 4855 1298 4923 (qnod
1311 4859 1388 4909 uitem
1400 4859 1459 4910 cod.
1473 4858 1570 4923 Bera.)

252 4929 371 4999 spondeo
389 4940 473 4981 toturn
489 4927 642 4981 concludere
660 4942 764 4981 uersum
782 4925 884 4994 (desum
903 4929 962 4980 cod.
974 4925 1071 4992 Bm.)
1090 4941 1169 4995 posse
1187 4927 1304 4996 patelieri
1322 4928 1396 4995 iungi
1415 4929 1461 4980 sed
1479 4928 1570 4994 dacty-

1280 5017 1283 5026 “
1307 5011 1362 5066 14*
