3858 5560
738 350 809 406 ans
828 348 1069 434 onauuarroa
1503 343 1568 412 203
1636 432 1638 436 ⁴

274 453 447 513 piscatti’.
1382 446 1542 505 possut.

248 547 292 609 vis
314 552 345 608 et
367 552 492 608 cetera*
518 543 602 618 Ouac
617 542 861 626 subiunguntur?
885 542 972 606 Enim
988 551 1087 607 autem
1103 522 1283 624 praesertim
1300 540 1441 623 denique.
1486 537 1569 611 Ouac
1639 565 1641 568 ·
1695 521 1697 526 ἲ

247 657 277 714 et
299 653 528 731 praeponuntur
551 655 581 711 et
608 647 852 728 subiunguntur?
887 645 1035 719 Quoniam
1059 655 1219 726 quatenus.
1264 645 1401 708 Potestas
1423 645 1566 707 coniunc-

248 753 361 816 tionum
384 751 415 814 in
438 760 512 834 quot
533 753 653 834 species
674 749 836 814 dividitur?
873 749 907 815 ln
931 752 1077 834 quinque:
1101 759 1173 812 sunt
1195 752 1276 814 enim
1300 745 1486 832 copulativae
1509 747 1568 835 dis·

155 851 160 857 “
246 841 582 937 ἰιιιιιιὶιιιιειρΙοῑίιιε
605 853 766 917 rationales
788 852 931 917 causales.
977 851 1169 937 copulativae
1192 871 1269 935 quae
1292 852 1380 917 sonti
1418 856 1515 934 Atque
1537 858 1568 928 et

220 969 277 1022 sat
297 977 332 1022 ac
354 967 410 1023 ast.
445 958 530 1034 Quae
545 957 759 1022 disiunctivaei
781 963 840 1019 Aut
862 974 897 1018 ra
919 956 965 1020 vel
988 975 1026 1020 ne
1042 975 1098 1021 nec
1114 974 1221 1038 neque.
1260 955 1319 1020 Sed
1335 957 1362 1019 si
1377 953 1568 1036 disiungendi

246 1060 306 1127 vim
328 1061 456 1136 babent,
481 1081 542 1144 quo
563 1061 653 1126 modo
676 1062 906 1124 coniunctiones
929 1071 1011 1124 recte
1034 1061 1094 1125 dici
1118 1060 1261 1145 possuntt
1299 1057 1480 1140 Disiungunt
1503 1059 1568 1140 qui·

247 1165 315 1231 dem
340 1165 501 1230 verborum
524 1183 663 1236 sensum.
694 1172 828 1226 ceterum
853 1163 942 1226 verba
972 1163 1127 1246 copulant,
1162 1162 1253 1226 veluti
1275 1181 1342 1226 cum
1367 1161 1495 1226 dicimus
1517 1169 1568 1224 aut

246 1269 305 1334 hoc
327 1280 379 1335 aut
400 1269 490 1354 illud:
516 1271 579 1332 sive
601 1269 658 1332 boc
679 1267 741 1329 sire
770 1265 843 1330 illud
867 1275 897 1330 at
919 1277 1029 1331 cetera.
1074 1266 1247 1350 Expletivae
1270 1284 1347 1348 quae
1369 1266 1457 1330 sunti
1494 1263 1566 1336 Qui·

247 1372 316 1437 dem
340 1374 479 1454 equidem
502 1381 603 1436 tamen
627 1390 719 1455 porro
742 1378 772 1433 et
794 1379 905 1434 cetera.
952 1369 1035 1446 Quae
1058 1370 1211 1434 causales?
1245 1369 1277 1432 st
1300 1372 1358 1433 etsi
1381 1369 1496 1433 etiamsi
1519 1371 1565 1432 siu

209 1493 234 1534 ro
247 1479 309 1540 sive
330 1496 371 1540 nc
393 1487 423 1540 et
444 1485 555 1540 cetera.
593 1474 765 1540 Rationales
788 1493 864 1559 quae
886 1475 976 1539 suot?
999 1475 1158 1558 italiaque
1177 1472 1306 1557 proinde
1321 1475 1410 1555 proin
1426 1471 1566 1556 denique.

247 1598 324 1664 quac
346 1581 442 1662 magis
463 1579 605 1644 adverbia
636 1599 703 1644 esse
726 1579 802 1642 mihi
826 1577 964 1641 videntur
987 1587 1107 1661 praeter
1128 1577 1195 1642 illas
1219 1577 1460 1647 coniunctiones,
1490 1595 1567 1659 quae

247 1691 372 1747 accentu
385 1683 601 1748 discernuntur
617 1682 655 1747 ab
671 1680 831 1746 adverbiis.
848 1681 989 1746 adverbia
1006 1691 1077 1746 sunt
1091 1700 1126 1745 re
1143 1699 1211 1744 vera
1228 1681 1385 1762 quaedam,
1403 1679 1439 1744 dc
1456 1677 1568 1762 quibus

247 1785 359 1868 ambigi
380 1795 491 1870 potest,
514 1785 596 1850 unde
619 1788 725 1850 merito
749 1786 870 1869 quidam
893 1785 1033 1850 adverbia
1057 1786 1245 1849 coniunctiva
1261 1784 1405 1849 dixerunt
1428 1781 1471 1846 vel
1495 1801 1567 1846 con·
1668 1833 1672 1843 .

248 1891 416 1954 lunationes
438 1888 635 1954 adverbiales.
866 1893 872 1906 ⁸

209 2111 234 2154 c
330 2155 331 2160 ι
405 2107 408 2116 ’
547 2177 550 2184 ,
718 2097 767 2164 nn
789 2096 1096 2163 anlavosrrroun
1190 2165 1198 2182 ,

333 2233 521 2318 Praepositio
543 2234 618 2318 quid
642 2237 705 2299 esti
742 2236 817 2300 Pars
845 2236 990 2299 orationis
1019 2253 1095 2319 quac
1120 2256 1124 2318 ι
1149 2235 1318 2318 praeposita
1342 2235 1407 2299 aliis
1429 2233 1568 2315 partibus

246 2339 392 2401 orationis
421 2339 670 2419 significationem
706 2322 810 2403 earum
844 2350 895 2404 aut
926 2341 1065 2403 immutat
1099 2347 1151 2403 aut
1178 2346 1269 2420 auget
1297 2350 1349 2402 aut
1376 2339 1499 2411 urin'uit,
1534 2348 1567 2400 ut

247 2440 387 2506 describo
410 2441 586 2524 praescribo
603 2441 748 2506 rescribo.
794 2442 849 2507 Cui
865 2451 970 2506 tamen
982 2444 1027 2505 rei
1040 2445 1286 2528 praeponuntur?
1309 2441 1432 2526 Aliquae
1448 2441 1567 2506 casibus

246 2555 278 2609 et
299 2543 414 2616 verbis.
439 2545 514 2610 aliae
537 2545 657 2610 casibus
680 2553 811 2618 tautum,
840 2545 914 2609 aliae
938 2545 1048 2610 verbis.
1088 2564 1192 2610 verum
1217 2563 1252 2608 cr
1276 2546 1323 2609 lais
1346 2563 1423 2627 quae
1446 2545 1568 2609 casibus

207 2647 551 2730 aoadiungunturallac
574 2651 778 2714 accusativum
801 2658 919 2730 regnant,
944 2648 1019 2714 aliae
1042 2648 1215 2722 ablativum,
1239 2648 1314 2712 aliae
1338 2652 1461 2713 suntin
1483 2658 1566 2712 utro-

247 2767 306 2832 que
328 2769 514 2816 communes.
560 2751 643 2825 Ouae
667 2756 838 2818 accusativo
860 2753 1085 2836 adiunguntur?
1112 2753 1170 2817 Per
1192 2752 1270 2835 apud
1287 2748 1301 2839 ll
1317 2761 1385 2819 ante
1408 2753 1566 2818 adversum

247 2855 325 2918 ultra
348 2863 452 2918 contra
482 2863 513 2920 ct
534 2864 646 2919 cetera.
693 2857 800 2920 irarum
834 2856 982 2939 quaedam
1012 2865 1125 2920 mutato
1154 2867 1279 2921 accentu
1312 2849 1386 2920 ilunt
1414 2855 1564 2920 adverbia.

247 2977 315 3022 nana
339 2959 513 3032 antaeum
536 2960 618 3040 gravi
642 2969 767 3022 accentu
792 2954 1013 3042 pronuntiatur,
1037 2963 1220 3044 praepositio
1243 2970 1300 3031 est,
1324 2969 1357 3024 ut
1380 2943 1488 3022 ‘aule
1511 2960 1563 3022 lo·

247 3080 346 3133 cum,
369 3063 399 3125 si
422 3063 436 3126 i
441 3064 547 3144 rigua
570 3065 672 3135 erit’;
696 3082 765 3127 cum
790 3081 862 3126 vero
883 3070 982 3135 acuto,
1006 3063 1038 3127 iit
1061 3062 1234 3127 adverbium
1256 3066 1411 3145 temporis,
1437 3073 1469 3127 ut

220 3199 233 3242 s
452 3192 538 3248 ante
561 3184 712 3265 quidetn
736 3203 875 3248 summa
898 3185 941 3249 de
964 3203 1003 3248 re
1026 3187 1213 3250 statuisse
1236 3185 1372 3249 Latini.

245 3305 316 3367 item
340 3313 407 3387 post
427 3306 611 3388 praepositio
634 3290 689 3378 est,
713 3324 782 3369 cum
806 3306 935 3370 dicimus
957 3304 1035 3387 ‘post
1060 3313 1203 3388 tergum’3
1231 3326 1300 3371 cum
1324 3327 1395 3370 vero
1418 3307 1565 3388 significat

245 3415 362 3487 postea,
384 3407 417 3470 iit
439 3407 615 3472 adverbium
639 3409 791 3491 temporis,
818 3417 848 3472 ut

460 3527 681 3609 posthabui
704 3539 826 3593 tamen
848 3529 1004 3595 illorum
1029 3551 1103 3596 mea
1127 3533 1225 3595 seria
1250 3530 1350 3595 ludo.

245 3647 352 3712 barum
376 3647 523 3730 quaedam
546 3648 647 3714 verbis
670 3654 760 3714 etiarn
784 3650 1000 3734 adiunguntur,
1023 3670 1078 3734 per
1101 3652 1139 3715 ad
1162 3661 1245 3715 trans
1268 3662 1337 3716 autc
1353 3655 1468 3716 circum
1484 3653 1564 3714 inter

376 3796 452 3808 ..u-—

315 3882 347 3934 it
365 3881 527 3950 Pmepoaitio
546 3882 647 3935 Clario.
667 3885 760 3942 23οΛ
785 3885 880 3938 Donat.
900 3888 961 3948 389,
975 3887 1007 3936 dd

314 4091 329 4140 l
347 4087 460 4153 danique
478 4099 587 4154 atquae
605 4101 801 4158 praeponuntur
818 4103 843 4142 et
859 4065 1054 4160 stabiunquntur
1072 4092 1093 4144 G
1168 4097 1185 4146 t
1202 4093 1375 4146 disiunctione
1393 4059 1563 4152 §distinctu-

243 4161 313 4210 tioae
330 4165 441 4225 uroque
457 4159 583 4212 tocco.
623 4159 775 4213 dbabetO
846 4163 942 4214 dsunt
959 4173 987 4213 nt
1004 4159 1149 4227 quidemG
1222 4165 1336 4230 iporro
1355 4162 1445 4215 saltem
1465 4163 1563 4226 (saltim

244 4225 336 4292 unet.)
354 4241 463 4294 prorsus
482 4227 609 4280 duntaxat
626 4240 675 4280 etc.
694 4229 799 4285 sueti.
889 4231 921 4283 12
939 4231 971 4281 ab
989 4229 1121 4282 aduerblis
1141 4247 1302 4296 nequaquam
1325 4247 1452 4296 nusquam
1472 4248 1563 4297 quam·
1584 4257 1590 4271 ·
1678 4255 1683 4265 ·

243 4298 285 4348 uia
304 4295 514 4360 quandoquidem
527 4297 667 4362 quinetiam
687 4298 744 4362 (qui
757 4299 833 4350 etiam
848 4299 937 4365 dota)
954 4287 1061 4351 sin'seu
1079 4301 1136 4351 siue
1155 4315 1267 4364 namque
1286 4301 1335 4352 nisi
1354 4301 1427 4352 nisisi
1447 4301 1561 4353 sedenim

243 4376 383 4434 propterea
395 4367 493 4416 interea
504 4381 632 4431 quatenus
645 4367 812 4430 quomobrem
825 4383 889 4420 saue
903 4382 970 4420 certa
983 4383 1059 4420 nunc.
1088 4368 1193 4433 quando
1213 4385 1264 4420 uon
1283 4371 1345 4430 (uon
1361 4369 1435 4422 doti.
1456 4382 1516 4421 tuaac
1534 4375 1562 4428 st

243 4435 329 4502 magia
347 4435 500 4486 edomitum
519 4436 644 4504 temporis
667 4435 770 4487 uidetur
788 4453 854 4492 essa.
883 4452 940 4488 cum
960 4439 1030 4501 (cunt
1044 4436 1120 4490 Gotlt.
1140 4438 1245 4502 quando
1259 4438 1287 4502 s)
1306 4449 1381 4489 acuto
1401 4449 1506 4490 ccccmo
1526 4439 1563 4490 el·

241 4503 324 4556 lentur
345 4503 498 4556 educabium
522 4517 562 4557 ast
584 4503 665 4570 (anim
683 4505 744 4558 aad
759 4506 787 4568 ς)
815 4507 948 4573 temporis.
975 4521 1033 4558 eum
1058 4518 1143 4558 nauem
1168 4508 1242 4574 graui
1265 4507 1414 4558 coniunctio
1441 4509 1562 4560 mensalis.

244 4572 378 4640 signifieat
395 4573 464 4623 euim
482 4575 544 4638 quin
567 4573 608 4626 uel
626 4575 750 4639 qnoniam
770 4587 797 4625 ut
821 4575 942 4639 ‘quando
964 4574 1026 4626 lvaec
1045 4587 1068 4638 tc
1093 4574 1169 4640 (laneo
1189 4587 1212 4627 te
1232 4575 1306 4631 dett.
1326 4575 1479 4640 teloneos)
1502 4593 1564 4628 cvera

154 4683 157 4688 Δ
243 4641 390 4694 remordat’
408 4640 505 4710 (Verp.
517 4643 617 4695 Aac!
635 4641 707 4708 avt).
727 4653 790 4694 sunt
807 4659 897 4696 reuera
914 4643 1042 4708 quaedam
1060 4646 1167 4702 edati.
1225 4645 1441 4698 turonicorum
1460 4660 1477 4703 ς
1500 4660 1563 4698 con-

245 4709 426 4762 lucetatiuaG
495 4713 526 4764 21
546 4725 697 4764 communes
712 4725 733 4769 ,ς
756 4712 887 4764 omuesG
954 4715 987 4765 22
1006 4709 1085 4783 ultra]
1105 4715 1204 4770 citrss
1273 4715 1306 4767 23
1324 4709 1396 4780 oute]
1421 4714 1501 4780 Verp.
1519 4715 1563 4767 bu·

246 4782 292 4832 eol.
311 4781 384 4845 aad
436 4781 470 4831 24
491 4776 531 4851 tlt]
552 4779 598 4833 liat
617 4781 639 4834 0
654 4780 732 4839 tiens
790 4783 823 4834 25
841 4793 900 4833 ante
919 4781 1037 4846 equidem
1057 4795 1084 4840 ςι
1109 4785 1187 4850 Verp.
1207 4783 1273 4834 Aac.
1295 4783 1338 4836 XI
1357 4785 1410 4834 ³02
1468 4782 1562 4836 Latini.

247 4847 308 4899 item
350 4860 393 4901 ost
415 4851 576 4917 praepositio
599 4863 638 4902 est
660 4864 678 4908 ς
704 4850 781 4902 latine
800 4851 919 4910 dicuntur
942 4851 1004 4902 item
1024 4853 1202 4920 praepossicio
1221 4853 1301 4905 estG
1368 4853 1401 4904 28
1424 4853 1561 4919 posthabui

156 4969 160 4980 ,
247 4919 297 4967 taffi
315 4915 418 4969 ilorunv
437 4919 546 4970 missam
563 4919 625 4972 ludo
645 4920 666 4972 C
688 4919 840 4988 posthabuit
858 4935 909 4972 uon
928 4919 1032 4989 illorum
1051 4933 1098 4974 etc.
1119 4935 1148 4978 s:
1176 4923 1255 4988 Verp.
1274 4921 1355 4976 durni.
1377 4925 1448 4986 7,17
