3906 5564
373 324 414 388 74
589 313 591 318 '
866 323 974 378 arnam
995 321 1188 378 vrorosmr

398 445 536 500 1›.esrs-eo
550 443 574 488 r.
1499 429 1566 480 aas.
1582 429 1659 470 sonu.

378 570 382 578 .
459 516 518 580 Sed
542 516 579 579 de
602 517 649 578 bis
672 516 827 581 hactenus
865 533 934 578 narn
957 533 1033 598 qnae
1056 535 1093 579 ex
1115 517 1209 580 heroo
1233 524 1329 579 metro
1353 535 1406 597 per
1430 515 1628 580 adiectionem
1657 525 1686 580 et

372 622 607 690 detractionem,
632 622 703 681 item
729 638 784 700 per
799 620 1037 682 immutationem
1061 629 1090 683 et
1106 621 1368 684 concinnationem
1391 638 1501 699 genera
1518 631 1684 684 metrorum

372 722 544 807 prolpagata
568 722 713 803 quibusve
737 721 890 786 vocabulis
907 733 1076 806 nuncupata
1092 727 1161 797 sint,
1184 724 1322 786 decursis
1332 722 1493 804 speciebus
1508 726 1684 805 prototypis¹

371 828 409 890 de
432 827 540 909 quibus
557 845 637 888 nunc
659 843 759 890 sermo
776 837 829 897 est,
854 845 1085 908 persequemur,
1110 849 1170 912 quo
1184 828 1301 892 facilius
1321 834 1423 889 cetera
1439 828 1574 890 enodatis
1597 839 1686 908 atquc

371 931 546 994 illuminatis
569 927 785 1012 principalibus
807 929 1031 1012 intellegantur.
1078 951 1135 995 nec
1151 941 1252 994 tamen
1268 931 1381 1002 onmia,
1405 950 1535 1013 quorum
1550 933 1714 995 influitusa

371 1043 460 1114 atque
484 1036 650 1096 immensus
667 1044 712 1096 est
734 1051 895 1104 numerus,
919 1037 1015 1100 ausim
1032 1037 1224 1117 promittere,
1249 1035 1301 1098 sed
1318 1053 1394 1117 quae
1410 1037 1508 1116 potior
1525 1037 1686 1099 auctoritas

371 1136 517 1220 adprobat
541 1136 586 1199 vol
609 1138 753 1217 frequens
777 1156 848 1201 usus
872 1139 1053 1202 celebrando
1079 1138 1280 1203 commendat

456 1240 578 1304 lleroici
611 1259 730 1324 sersus?
752 1241 917 1305 hexametri
944 1241 1009 1305 oola
1039 1261 1092 1306 sen
1128 1253 1275 1307 commata
1304 1241 1360 1305 alia
1394 1249 1478 1314 sunt,
1515 1253 1548 1305 ut
1577 1243 1686 1306 Gracci

371 1345 490 1416 dicu'ut,
514 1337 670 1425 donasset,
695 1344 751 1408 alia
773 1341 900 1422 τελικά,
926 1345 982 1409 alia
1006 1344 1118 1428 κοινά,
1143 1367 1159 1409 e
1182 1349 1249 1427 quis
1265 1346 1320 1409 ulia
1337 1347 1445 1416 initiis,
1470 1346 1527 1408 alia
1543 1344 1686 1410 clausulis

371 1467 509 1511 versuum
533 1468 646 1512 conexa
662 1449 862 1531 respondent,
886 1467 959 1528 quas
977 1449 1196 1530 portiunculas,
1221 1452 1245 1513 si
1262 1469 1385 1514 necesse
1400 1453 1449 1521 sit,
1473 1452 1568 1512 ausim
1585 1451 1727 1513 dicerem

369 1550 500 1614 initiales
524 1561 554 1615 et
577 1553 680 1616 linalos
708 1573 760 1616 seu
789 1551 1011 1630 novissimales,
1046 1572 1221 1616 courrrmnes
1248 1562 1358 1626 autem,
1389 1573 1466 1634 qnae
1489 1565 1520 1617 et
1543 1557 1626 1618 initio
1656 1565 1687 1618 ot

370 1657 421 1718 tini
438 1659 567 1719 sociatae
590 1667 771 1738 congruunt.
795 1659 898 1738 ,igitur
922 1667 1115 1720 tetrametrus
1137 1676 1240 1720 versus
1261 1659 1374 1722 lrerous
1395 1658 1518 1722 initialis
1535 1661 1593 1722 erit
1609 1659 1685 1729 talis,

731 1761 893 1843 Odrysium
916 1761 1044 1824 llartem
1067 1780 1142 1824 cane
1165 1760 1299 1833 barbite,

369 1863 466 1927 llualis
489 1883 541 1927 seu
564 1863 763 1928 novissimalis

730 1969 858 2052 Odrysio
881 1969 944 2050 lyra
967 1970 1102 2032 carmine
1126 1976 1240 2040 cantat,

369 2075 538 2136 eommunis
559 2083 658 2137 autem

731 2195 938 2241 mensorum
963 2175 1144 2240 cohibent
1166 2177 1344 2258 Arclryta;

370 2282 524 2345 trimetrus
547 2283 669 2346 initialis

729 2386 783 2449 sic
807 2393 843 2449 te
866 2385 947 2465 dira
971 2396 1108 2468 potens
1132 2385 1258 2465 Cypri,
1287 2381 1298 2467 ΙΙ

368 2490 449 2571 quod
472 2499 602 2553 metrum
626 2489 798 2571 glyconium
823 2487 1041 2572 octosyllabum
1065 2490 1190 2558 diuitum
1214 2486 1310 2550 llnalis
1333 2498 1433 2551 autem
1698 2511 1728 2550 so

728 2603 835 2674 grato
859 2593 1002 2674 Pyrrha
1025 2592 1093 2655 snb
1115 2600 1241 2664 antro,

370 2697 448 2780 qnod
472 2698 684 2780 plrereeration
708 2695 932 2780 heptasyllabon
960 2695 1141 2778 appellatur:
1171 2695 1317 2760 dimetrus
1341 2696 1452 2760 herous
1481 2696 1602 2760 initialis
1626 2701 1685 2761 erit

730 2819 812 2864 arma
836 2803 989 2871 sonantia,

367 2905 577 2978 novissimalis,
602 2907 653 2986 qui
677 2903 899 2986 pentasyllabos
922 2904 1046 2976 dicitur,
1154 2957 1158 2968 .

728 3011 871 3072 terruit
893 3007 1034 3071 urbem.
1696 3029 1725 3068 rs

367 3133 437 3176 naar
462 3122 520 3177 tana
544 3115 574 3176 in
600 3115 697 3194 prium
727 3129 815 3191 quam
839 3121 991 3194 postrema
1016 3122 1100 3193 parte
1124 3115 1220 3194 posita
1244 3114 1317 3176 baec
1347 3113 1410 3176 cola
1440 3113 1606 3194 adsumptis
1634 3132 1681 3174 re·

368 3218 459 3298 liquis
482 3226 625 3301 quattuor
656 3215 785 3298 pedibus
815 3217 928 3279 iaciunt
951 3215 1076 3278 heroum
1106 3215 1323 3280 hexametrum.
1369 3237 1445 3300 quae
1476 3215 1683 3299 portiunculae

368 3325 457 3385 etiam
483 3341 518 3385 ex
542 3321 672 3384 iaurbico
696 3337 782 3383 versu
806 3339 862 3402 per
886 3318 974 3382 liuius
998 3317 1166 3383 modicula
1191 3319 1308 3383 decisae
1332 3319 1476 3401 pleraque
1500 3339 1536 3382 ex
1560 3339 1593 3382 sc
1615 3323 1682 3401 pari

366 3425 549 3515 syllabarum
581 3428 699 3487 ratione
723 3432 888 3486 metrorum
913 3441 1024 3501 genera
1048 3423 1259 3505 procreabunt.
1305 3425 1383 3486 inter
1407 3425 1496 3495 llaec,
1529 3442 1567 3486 ue
1596 3425 1681 3505 igno-

367 3548 448 3592 rasse
478 3529 595 3601 videar,
625 3547 684 3591 non
714 3529 988 3609 praetermiserim,
1024 3527 1103 3606 quod
1137 3527 1237 3588 lerunt
1263 3526 1343 3607 apud
1373 3537 1512 3590 auctores
1545 3527 1727 3608 exemplam

365 3635 512 3715 reperiri,
543 3632 650 3714 quibus
673 3632 833 3694 ostendant
855 3630 1063 3694 hexametrum
1093 3628 1269 3710 dactylicum
1295 3620 1453 3712 usquead
1484 3639 1682 3694 ootametrum

365 3735 512 3819 disyllabo
535 3739 727 3800 terminatum
752 3735 950 3818 processisse,
973 3733 1050 3796 nitra
1074 3751 1163 3814 quarn
1187 3735 1400 3814 proceritatem
1424 3733 1498 3794 nibil
1521 3737 1552 3796 iu
1576 3734 1682 3797 eodem

365 3839 561 3904 scrutandum
585 3849 638 3902 est.
663 3837 667 3921 l

781 4029 831 4092 DE
856 4025 1117 4092 nmnrtnsrtco
1141 4026 1272 4090 blE'l'llO

452 4171 681 4250 Anapaesticnm
707 4177 835 4231 metrum
852 4169 999 4247 originem
1018 4165 1140 4227 trahere
1157 4185 1172 4226 a
1190 4165 1330 4248 rhythmo
1346 4165 1493 4247 dactylico
1507 4170 1537 4228 in
1555 4167 1680 4228 dubium
1696 4185 1727 4228 as

368 4291 426 4335 non
451 4275 547 4342 venit,
578 4292 646 4337 cum
678 4273 774 4358 isdem
798 4271 986 4351 temporibus
1016 4279 1142 4350 uterque
1173 4289 1277 4334 eorum
1308 4257 1491 4352 syllabisque
1521 4269 1682 4333 subsistat:

371 4433 571 4440 --—..—.-——

435 4530 870 4601 luamqnae1namqneABs
942 4527 1039 4599 dsirn]
1060 4529 1234 4586 strntABs
1304 4503 1500 4581 sillnnnasn
1572 4531 1603 4580 10
1623 4545 1682 4595 par·

366 4603 494 4653 tinnculas
514 4602 772 4671 ABpardcnluss
836 4605 919 4652 erusim
940 4615 957 4658 ς
980 4604 1047 4652 usim
1067 4601 1131 4652 ΑΒ
1197 4604 1227 4651 11
1247 4593 1324 4666 qrrae]
1346 4597 1515 4661 qtriaABs
1587 4600 1683 4648 Piso-

365 4699 455 4748 cietate
474 4701 499 4749 A
513 4696 566 4754 Βς
643 4700 674 4749 15
692 4679 797 4761 odrysill
817 4698 871 4762 lyra
892 4699 916 4747 A
998 4697 1028 4747 17
1048 4711 1193 4746 mensorem
1213 4697 1268 4750 Ας
1287 4708 1432 4744 messorem
1451 4692 1491 4742 B:
1511 4693 1581 4744 Hor.
1600 4710 1682 4750 emm,

366 4765 381 4816 I
401 4769 474 4830 28,2
546 4769 577 4818 18
596 4769 724 4818 trinreuns
744 4766 798 4820 ςΒ
817 4768 946 4818 trinrutros
965 4769 989 4817 A
1062 4768 1093 4817 19
1113 4762 1164 4831 sic]
1186 4765 1253 4818 Hor.
1273 4779 1351 4813 carm.
1372 4763 1387 4812 I
1408 4765 1434 4822 3,
1454 4765 1469 4811 1
1539 4765 1570 4813 ‘21
1590 4762 1680 4832 grato]

366 4835 435 4886 Hor.
454 4853 532 4886 eorm.
554 4836 569 4887 l
588 4840 650 4897 ⁵,3
716 4837 750 4886 ‘24
768 4833 824 4904 qni]
845 4837 915 4899 qnod
934 4835 959 4886 B
1040 4837 1073 4886 ‘25
1096 4829 1197 4900 terruit]
1218 4834 1285 4887 lior.
1304 4849 1383 4884 eorm.
1404 4831 1421 4882 I
1439 4833 1501 4895 2‚4
1582 4832 1616 4882 *28
1634 4832 1681 4884 de-

366 4905 451 4954 cissae
470 4906 493 4954 A
567 4909 599 4958 30
618 4905 689 4970 quod
708 4904 793 4957 lerunt
811 4919 827 4962 ς
845 4908 907 4971 quia
925 4905 1010 4957 lerunt
1029 4903 1090 4956 AB
