3904 5556
627 299 706 355 aith.
725 299 836 354 GRAM.
854 301 924 354 LIB.
943 303 956 354 1
975 305 999 366 3,
1019 304 1048 354 11
1069 329 1102 340 -
1121 307 1146 365 l,
1166 305 1178 354 i
1546 301 1564 364 Ί

276 402 404 459 ema
1410 401 1538 455 emo

249 495 281 556 in
309 491 439 574 pedibus
468 491 596 556 duarum
623 495 853 556 consonantium
883 493 1022 556 virtutem
1056 511 1115 554 non
1145 491 1245 564 habet,
1280 489 1390 570 duplex
1418 509 1479 554 non
1510 501 1564 554 est.

249 615 264 658 s
287 605 387 659 autem
411 604 535 658 vocatur
557 595 661 668 laollls,
689 594 810 678 quando
837 593 976 677 plurimis
1005 599 1233 659 consonantium
1257 597 1360 657 iuncta
1383 597 1414 656 in
1438 593 1565 678 syllaba·

248 717 317 762 rum
332 717 408 762 sono
424 701 579 764 miscetur.
608 709 709 764 mutae
725 709 797 762 svvnt
812 717 887 781 quae
910 697 1020 762 nullius
1036 701 1116 762 vocis
1131 717 1238 763 sonum
1261 700 1422 779 separatim
1440 699 1565 775 iaciunt,

249 812 278 866 et
305 812 376 866 sunt
406 801 503 874 Vllll,
533 801 891 884 bodgblqut.
935 823 970 865 es
1000 803 1048 865 his
1076 803 1096 865 b
1125 811 1249 866 vocatur
1277 804 1405 874 infirma,
1435 803 1505 884 quia
1533 805 1565 865 iu

222 909 356 971 emetris
389 904 569 990 plerumque
603 905 769 986 despicitur
799 924 854 970 nec
882 908 1084 970 consonantis.
1111 915 1195 969 tenet
1228 907 1343 980 locum,
1379 913 1412 967 ut
1448 908 1564 968 ‘saevus

247 1009 405 1092 helrilles’,
428 1011 506 1093 quod
523 1010 639 1074 idcirco
654 1011 697 1074 sic
720 1018 775 1082 est,
799 1012 869 1092 quia
893 1029 909 1084 p
932 1010 1004 1072 eth
1027 1011 1118 1072 unius
1136 1010 1326 1072 consonantis
1348 1027 1475 1090 graecae
1499 1008 1565 1071 loco

247 1113 388 1178 habetur.
424 1113 444 1177 lv
467 1123 566 1178 autem
588 1113 700 1178 dicitur
724 1113 941 1194 monophonos,
959 1111 970 1196 l
987 1114 1056 1195 quia
1079 1110 1154 1175 nulli
1169 1112 1263 1176 vocali
1281 1113 1415 1193 iungitur
1430 1113 1488 1177 uisi
1506 1111 1562 1176 soli

248 1216 382 1290 abrevi,
411 1224 441 1280 et
464 1219 522 1282 boc
549 1220 589 1280 ita
619 1225 653 1280 ιιι
682 1215 720 1279 ab
749 1234 783 1280 ea
812 1235 883 1299 pars
910 1217 1056 1280 orationis
1084 1218 1228 1297 incipiam
1258 1216 1345 1278 aliter
1373 1227 1473 1280 autem
1503 1235 1564 1279 non

248 1331 332 1385 recte
359 1321 518 1386 scribitur.
561 1324 633 1385 item
663 1328 808 1382 vocantur
831 1320 981 1402 spiritales
1004 1328 1077 1392 tres,
1106 1339 1122 1382 c
1146 1339 1164 1400 p
1189 1328 1214 1390 t,
1244 1323 1314 1402 quia
1342 1319 1391 1384 bis
1418 1321 1439 1385 b
1462 1321 1563 1384 littera

148 1455 163 1520 ι
210 1444 235 1484 ιι
247 1425 383 1488 sublecta
405 1425 513 1488 luserit
527 1425 675 1508 spiritum,
699 1431 732 1486 ut
748 1424 859 1487 Chiron
878 1424 986 1488 Philon
1002 1423 1117 1494 Thoas3
1142 1432 1172 1486 et
1194 1421 1261 1485 ideo
1278 1423 1416 1486 residuae
1439 1423 1458 1485 b
1476 1424 1493 1486 d
1510 1442 1528 1504 g
1545 1441 1563 1504 q

246 1531 442 1592 nominantur
464 1527 592 1608 rigidae,
620 1530 692 1612 quia
721 1527 833 1591 nnllam
865 1547 969 1592 aarum
993 1526 1097 1592 eadem
1126 1528 1145 1590 Ιι
1176 1527 1212 1589 ad
1237 1526 1440 1609 recipiendam
1463 1526 1563 1608 adspi-

246 1635 395 1697 rationem
425 1631 535 1696 hectat.
579 1632 660 1714 quod
689 1635 840 1713 contingit
867 1631 1010 1694 omnibus
1038 1630 1270 1694 semivocalibus
1298 1629 1412 1711 absque
1441 1630 1503 1694 sola
1530 1630 1562 1702 ις

245 1736 299 1800 sed
322 1754 358 1798 ea
381 1735 545 1817 plurimum
568 1737 600 1797 in
623 1736 793 1818 peregrinis
816 1733 991 1798 nominibus
1007 1733 1189 1816 adspiratur.
1227 1733 1329 1797 addita
1350 1742 1450 1797 autem
1466 1733 1563 1796 luerat

246 1837 440 1902 aveteribus
466 1857 527 1901 uon
550 1837 664 1902 trustra
687 1838 767 1902 velut
789 1853 819 1910 F,
851 1857 940 1920 quam
965 1839 1073 1900 musici
1098 1837 1247 1918 digamma
1275 1845 1392 1900 recent.
1432 1836 1483 1899 sed
1506 1857 1563 1919 pro

88 2017 92 2026 ¹
209 1959 233 2001 aa
246 1941 302 2006 hac
323 1943 385 2005 iam
407 1961 423 2002 v
445 1941 575 2005 litteram
591 1942 768 2013 scribimus;
798 1952 888 2022 atqua
910 1943 950 2004 ita
974 1943 1006 2004 dt
1035 1949 1068 2004 ut
1096 1940 1200 2005 eadem
1218 1959 1296 2004 nunc
1313 1939 1364 2024 [u]
1382 1939 1490 2004 rocalls
1513 1943 1562 2011 sit,

247 2055 280 2110 ut
307 2065 397 2117 uuus,
427 2064 508 2110 nuuc
538 2063 716 2116 consonans,
745 2055 780 2109 ιιι
807 2047 901 2108 vivus.
951 2045 993 2107 sie
1017 2053 1048 2108 et
1068 2047 1078 2107 i
1102 2063 1181 2108 none
1204 2044 1314 2108 vocalis
1343 2053 1398 2115 cst,
1428 2053 1461 2107 ut
1490 2040 1561 2114 Iris,

245 2168 326 2214 nune
341 2167 520 2222 consonans,
545 2157 578 2211 ut
592 2150 722 2212 ieiunus.
760 2149 894 2212 linitivae
918 2149 1037 2213 litterae
1059 2148 1296 2212 masculinorum
1312 2151 1469 2212 nominum
1492 2155 1563 2209 sunt

244 2261 371 2336 septem,
395 2273 412 2316 a
434 2252 444 2315 l
469 2272 487 2316 n
511 2273 529 2316 o
552 2270 567 2315 r
589 2273 605 2316 s
626 2272 660 2324 x,
686 2261 719 2315 ut
741 2251 821 2333 Sylla
843 2249 886 2314 sal
909 2233 1016 2334 pecten
1039 2252 1110 2316 Cato
1133 2253 1244 2316 llector
1267 2251 1341 2315 deus
1363 2251 1450 2321 leiim
1475 2251 1562 2314 lemi-

245 2347 387 2420 ninorum
412 2374 483 2418 vero
506 2354 671 2420 latinorum
694 2363 764 2419 suot
787 2373 848 2426 sex,
878 2373 894 2418 a
918 2375 937 2418 n
961 2373 978 2416 o
1002 2374 1017 2417 r
1039 2374 1054 2417 s
1077 2374 1110 2426 x,
1136 2363 1168 2417 ιιι
1184 2339 1283 2418 'homa
1306 2373 1454 2437 aspargen
1478 2357 1562 2434 virgo

207 2461 355 2528 mmulier
384 2459 466 2523 salus
493 2460 553 2532 nix,
586 2468 616 2523 et
643 2462 676 2522 in
704 2461 804 2522 atticis
831 2457 1005 2522 nominibus
1034 2477 1074 2530 m,
1104 2467 1138 2520 ut
1161 2458 1344 2540 Glycerium.
1389 2462 1421 2522 in
1444 2461 1561 2522 neutris

245 2573 343 2628 autem
366 2572 438 2627 suut
458 2571 590 2645 septem,
614 2581 630 2625 e
653 2562 663 2626 l
686 2581 716 2625 m
740 2581 759 2624 n
783 2581 799 2624 r
821 2581 836 2624 s
858 2580 892 2632 x,
922 2569 955 2624 ιιι
978 2563 1088 2643 pingue
1115 2560 1250 2624 tribunal
1278 2580 1439 2628 scamnum,
1459 2562 1560 2624 lumen

244 2686 377 2732 marmor
399 2685 507 2730 nemus
522 2665 655 2730 audam*
694 2665 713 2728 b
736 2683 906 2728 consonans
928 2675 1009 2728 muta
1033 2663 1140 2745 rigida,
1164 2684 1181 2728 o
1203 2682 1371 2728 consonans
1394 2672 1474 2728 muto
1498 2669 1560 2746 spi-

244 2772 352 2843 ritalis,
381 2771 400 2835 d
424 2789 591 2834 consonans
616 2767 730 2853 [hasta]
754 2779 834 2832 muta
859 2767 970 2849 rigida,
1002 2769 1150 2832 evocalis
1173 2766 1322 2839 biformis,
1357 2768 1371 2831 l
1391 2785 1560 2832 consonans

244 2874 434 2940 semivocalis
456 2874 533 2956 apud
558 2873 703 2957 quosdam
727 2871 848 2955 duplex,
872 2888 891 2951 g
915 2890 1083 2936 consonans
1105 2880 1187 2935 muta
1210 2870 1318 2954 rigida,
1348 2871 1369 2933 b
1392 2891 1560 2936 consonans

207 2989 326 3044 emata
348 2977 475 3048 iussrma,
506 2979 516 3039 i
540 2977 648 3040 vocalis
670 2976 825 3040 interdum
847 2994 1025 3048 consonans,
1054 2975 1073 3038 lv
1097 2993 1265 3038 consonans
1289 2985 1369 3038 muta
1392 2975 1558 3058 monopbo·
1658 3015 1661 3024 .

244 3101 307 3154 uos,
330 3079 340 3143 l
363 3098 533 3144 consonans
556 3079 746 3144 semivocalis
769 3077 976 3150 immutabilis.
1001 3099 1031 3142 m
1054 3097 1221 3142 consonans
1239 3078 1427 3142 semivocalis
1450 3081 1559 3142 immu-

244 3183 355 3257 tabilis,
379 3203 399 3247 ιι
423 3202 592 3248 consonans
614 3181 801 3248 semivocalis
824 3181 1031 3254 immutabilis,
1062 3201 1079 3244 o
1102 3183 1212 3246 vocalis
1235 3179 1385 3255 biformis,
1409 3203 1429 3266 p
1452 3201 1558 3247 conso·

209 3269 215 3281 ¹
244 3306 319 3352 nans
340 3297 425 3351 muta
448 3285 603 3371 spiritalis,
626 3285 638 3372 d
659 3307 679 3370 q
702 3305 872 3352 consonans
895 3294 978 3349 muta
1006 3285 1115 3368 rigida.
1145 3307 1162 3350 r
1184 3305 1352 3350 consonans
1373 3286 1559 3350 semivocalis

244 3390 456 3462 immutabilis,
485 3409 500 3454 s
522 3409 693 3455 consonans
714 3390 903 3454 semivocalis
925 3390 1038 3462 facilis,
1073 3399 1084 3452 ι
1105 3409 1273 3454 consonans
1296 3399 1377 3454 muta
1401 3390 1557 3474 spiritalis.

162 3482 167 3495 ’
206 3516 260 3562 aov
281 3495 391 3558 vocalis
414 3495 567 3558 interdum
595 3513 781 3568 consonans,
811 3513 828 3558 x
852 3512 1021 3557 consonans
1044 3492 1231 3557 semivocalis
1255 3491 1379 3574 duplex,
1410 3494 1558 3574 yvoealis

243 3618 360 3682 graeca
383 3617 399 3660 z
423 3616 593 3664 consonans
615 3597 799 3662 semivocalis
821 3616 930 3680 graeca
954 3596 1071 3678 duplex.
1108 3615 1124 3659 r
1147 3604 1178 3658 et
1200 3616 1215 3658 s
1236 3589 1455 3680 litterae'opud
1480 3601 1556 3661 anti·

243 3721 318 3786 quos
347 3721 537 3766 communem
570 3709 748 3783 potestatem
778 3700 943 3772 habebant,
977 3699 1066 3763 arbos
1095 3698 1180 3763 labos
1209 3699 1319 3773 honos,
1357 3719 1437 3764 nunc
1465 3701 1557 3765 arbor

240 3805 325 3870 labor
346 3803 471 3886 bonomi

714 3995 763 4058 ΒΕ
786 3994 1084 4060 Oll‘llIOGlthlllh

205 4141 231 4183 es
327 4117 414 4206 Nunc
437 4117 578 4197 quoniam
601 4134 651 4180 res
674 4115 839 4188 admonuit,
864 4135 924 4180 non
947 4113 1113 4178 absurdum
1137 4115 1257 4178 videtur
1279 4117 1317 4180 clo
1340 4103 1573 4200 orthographia

242 4222 344 4304 paucis
366 4219 502 4283 scribere
522 4218 568 4283 vel
591 4218 737 4302 analogia.
784 4221 842 4283 erit
864 4222 962 4300 ltaque
985 4221 1015 4281 in
1038 4219 1187 4302 principio
1210 4220 1380 4293 dicendum,
1404 4241 1493 4305 quem
1518 4222 1554 4284 ad

242 4323 364 4388 modum
387 4325 505 4404 antiqui
526 4325 711 4409 scripserint,
735 4323 845 4388 dehinc
869 4323 939 4404 quid
963 4341 1043 4388 nunc
1067 4321 1230 4388 debeamus
1253 4323 1423 4390 observare.

308 4511 1420 4582 ‹ibcdlrquptVatbcdhlcqptgeaepuacto,utuldetur,gB
1493 4516 1554 4567 bin

243 4581 398 4634 metricisB
421 4582 483 4637 Vol.
556 4583 777 4648 bqucdidcirco
800 4583 859 4634 Vol.
879 4583 1103 4647 quaeidcircoB
1179 4587 1210 4636 1‘2
1234 4584 1303 4648 qrrod
1323 4583 1554 4650 contigichuin

243 4653 350 4720 contigit
370 4653 431 4709 Vol.
503 4654 535 4704 13
552 4650 789 4719 adspiratBVal.
871 4655 901 4703 il
920 4651 966 4702 sed
984 4666 1032 4719 pro
1051 4651 1190 4704 hactant
1209 4669 1223 4703 u
1244 4655 1353 4704 litteram
1372 4655 1474 4705 BVol.

245 4723 276 4774 19
293 4733 391 4791 septem
410 4738 456 4772 an
470 4735 603 4772 ovsxm
622 4733 650 4773 ut
661 4736 775 4772 roma-
790 4721 936 4773 nominibus
955 4733 982 4770 ιιι
1000 4721 1132 4788 gliceriurn
1152 4723 1178 4774 B
1199 4723 1257 4778 Vol.
1340 4738 1470 4790 aspavgen
1494 4723 1553 4775 Vol.

244 4807 369 4860 aspergen
387 4791 415 4844 B
485 4791 519 4842 22
537 4793 651 4843 lacunam
664 4793 857 4860 pvroadtternc
873 4793 1222 4856 defiuitioeaeciditindicooi
1290 4795 1322 4846 32
1342 4791 1552 4844 habebantcorr.

245 4864 360 4924 atnam,
380 4869 407 4914 ut
420 4861 532 4925 viderur,
555 4858 686 4912 habebunt
701 4861 761 4913 Vol.
832 4859 953 4924 siquod
972 4877 1040 4913 corr.
1060 4863 1123 4926 quid
1145 4860 1204 4912 Vol.
