3906 5564
236 427 239 434 .
642 357 723 414 ann.
745 357 856 412 onan.
881 358 955 412 ern.
974 357 1031 412 1111
1051 359 1075 424 1,
1094 358 1206 410 et-rr
1527 354 1586 422 151

289 473 311 518 y.
325 462 385 504 asoa.
400 463 427 504 se
443 459 467 504 r.
1411 470 1433 514 p.
1448 461 1494 504 aot.
1507 460 1521 502 s
1536 457 1562 500 u.
1666 514 1669 522 μ

263 561 411 616 commate
435 548 569 634 adaeque
593 548 861 632 iremlecasyilabus
891 546 1083 614 formabitur.
1129 567 1199 612 narn
1223 549 1311 614 heroi
1334 549 1501 612 hexametri
1527 557 1589 612 tres

261 653 357 738 pedes
379 672 449 717 cum
471 653 637 718 inciderint
664 655 858 736 interposita,
889 661 921 716 ιιι
944 671 1048 718 versus
1077 655 1219 736 priapeus
1249 654 1353 736 exigit,
1384 651 1587 724 distinctione,

262 758 394 822 ettndem
409 766 591 831 secernunt,
615 767 648 822 ut
671 758 753 824 ‘cui
776 774 850 820 non
874 756 1004 820 dictus
1027 755 1140 841 llyias
1163 759 1286 840 puer’,
1310 757 1420 822 dehine
1443 759 1497 820 ‘et
1519 755 1588 833 La·

263 863 368 926 tonia
391 861 532 932 Delos'.
578 865 629 946 qui
657 863 683 926 si
711 862 790 924 inter
812 877 846 924 se
869 861 1075 926 enuntiatione
1098 860 1292 944 copulentur,
1322 861 1492 927 hexametri
1520 879 1586 923 rer·

235 985 313 1032 ssus
324 974 461 1032 tenorem
480 968 634 1049 integrum
650 963 833 1048 modumque
848 963 1060 1048 praestabunt,
1086 983 1275 1048 nequaquam
1292 974 1394 1030 tamen
1410 963 1586 1048 discipliuae

257 1069 296 1163 ic
320 1070 460 1153 dignitati
482 1072 569 1136 heroi
590 1068 838 1153 respondentem.
885 1086 955 1132 natu
979 1067 1084 1130 divisio
1108 1069 1196 1132 huius
1223 1070 1254 1132 iu
1277 1069 1413 1134 secundo
1436 1076 1585 1134 commate

260 1176 388 1240 infracta
411 1173 569 1260 paululum
598 1193 633 1238 aa
656 1171 777 1236 mollior
804 1173 936 1254 receptis
958 1173 990 1236 in
1014 1189 1102 1236 rersu
1124 1173 1224 1253 printo
1248 1183 1278 1236 et
1306 1181 1415 1258 quarto
1443 1172 1586 1256 spondeis

260 1280 399 1352 eilicitur,
424 1288 457 1343 ut
478 1277 559 1362 apud
582 1275 732 1343 Catullum

436 1383 537 1447 hunc
559 1381 683 1446 lucum
708 1378 778 1446 tibi
803 1380 938 1445 dedico
961 1397 1239 1464 consecroque,
1263 1380 1416 1465 Priape,

224 1505 336 1569 roquos
360 1487 515 1552 distinctio
538 1487 671 1552 occultat
694 1484 827 1549 auribus.
868 1503 937 1549 narn
959 1485 985 1548 si
1008 1483 1172 1548 divisiones
1193 1485 1284 1548 metri
1306 1485 1424 1568 prisnei
1439 1503 1584 1569 separen-

207 1639 210 1648 .
261 1593 389 1665 tur,lta
412 1587 1585 1674 mnabuntapouttergtttum,‘tronuesuperviridisunt’,dentac
1627 1619 1630 1626 ·

260 1693 512 1759 ‘nobismitia
528 1698 669 1776 poma’:
695 1697 916 1758 ‘castaneae
938 1691 1076 1756 molles
1099 1695 1168 1763 et’,
1189 1691 1300 1756 dehinc
1316 1693 1585 1777 ‘pressicopia

259 1798 401 1863 lactis’.
448 1807 565 1864 constat
588 1805 704 1872 autem,
729 1806 876 1881 utsupra
899 1795 1044 1868 diximus,
1069 1793 1189 1858 duobus
1204 1781 1321 1868 metris,
1345 1813 1475 1878 quorum
1498 1799 1586 1880 prius

260 1911 306 1967 est
327 1903 499 1986 glyconium
515 1912 584 1966 octo
600 1901 799 1986 syliabarum,
823 1917 957 1982 sequens
972 1899 1197 1982 pherecratium
1221 1893 1225 1980 1
1250 1897 1368 1982 syllaba
1382 1899 1583 1973 deminutum,
1635 1923 1640 1936 ·

222 2009 302 2071 reita
325 2017 425 2072 tamen
449 2015 481 2072 ut
504 2005 665 2070 novissima
688 2003 835 2090 glyconii,
858 2003 888 2068 itl
911 2011 958 2066 est
972 2010 1075 2068 oetam
1098 2001 1229 2086 syllaba,
1252 2001 1340 2086 longa
1357 2005 1411 2078 sit,
1435 2005 1461 2068 si
1476 2011 1582 2068 natura

260 2107 360 2175 breris
382 2113 492 2183 luerit,
518 2110 609 2174 veluti
1308 2129 1313 2142 ·
1352 2137 1356 2143 ·
1447 2143 1448 2149 κ

495 2213 613 2278 Nereus
635 2223 669 2278 ιιι
691 2221 816 2278 caneret
838 2213 918 2283 iera,
941 2198 1028 2292 grato
1052 2211 1147 2294 Pyrra
1169 2210 1226 2276 suh
1250 2221 1349 2275 antro.

259 2321 350 2401 igitur
378 2318 458 2402 quoti
486 2318 544 2381 hoc
573 2335 660 2382 uersu
689 2316 792 2401 Priapi
824 2313 929 2380 laudes
957 2313 1095 2398 plerique
1129 2313 1266 2379 canendo
1286 2312 1298 2398 ss
1320 2316 1474 2395 prosecuti
1503 2324 1583 2388 sunt,

260 2425 415 2506 priapeum
439 2429 570 2485 metrum
594 2428 823 2504 nuncuparunt,
852 2418 934 2503 quod
958 2437 1054 2501 genus
1077 2419 1246 2484 hexametri
1268 2417 1345 2484 aden
1373 2416 1518 2484 abhorret
1545 2419 1583 2484 ab

222 2525 344 2592 soheroi
366 2524 448 2608 lege,
472 2534 504 2588 ut
528 2533 655 2608 utraque
678 2542 748 2608 pars
773 2521 961 2607 [commatis]
985 2541 1046 2587 non
1070 2541 1233 2606 numquam
1250 2521 1400 2588 trochaeis
1423 2531 1453 2586 et
1474 2523 1582 2588 iambis

259 2640 310 2696 aut
331 2647 389 2712 pro
412 2628 547 2711 spondeo
570 2631 741 2712 anapaestis
764 2627 926 2692 inchoetur
948 2637 999 2692 aut
1022 2620 1112 2690 eham
1135 2628 1249 2691 cretico
1271 2629 1357 2710 prius
1384 2644 1502 2690 comma
1524 2646 1581 2710 pro

258 2733 375 2818 dactylo
410 2734 605 2806 terminetur,
641 2741 674 2796 ut
709 2741 753 2796 est
789 2730 869 2816 apud
904 2728 1052 2796 Catullum
1092 2731 1192 2794 ‘nam
1230 2736 1265 2794 te
1302 2730 1509 2814 praecipue
1542 2733 1581 2796 in

258 2840 365 2911 suis’,
390 2837 500 2901 dehinc
528 2835 810 2919 ‘Hellespontia
838 2835 1009 2907 ceteris',
1041 2837 1112 2918 quia
1140 2831 1213 2898 bina
1239 2840 1310 2897 sunt
1339 2833 1404 2898 cola
1426 2852 1510 2898 mora
1534 2833 1579 2899 di·

258 2942 430 3006 stinctionis
452 2939 671 3004 intercedente.
717 2939 799 3024 qued
821 2957 917 3022 gertus
941 2957 1081 3004 versuum
1104 2936 1183 3021 apud
1207 2935 1333 3020 graecos
1355 2938 1580 3004 comoediarum

221 3067 246 3108 ss
261 3055 394 3110 seierum
412 3047 578 3129 scriptores
592 3043 758 3128 plurimum
781 3052 827 3110 est
850 3053 880 3108 et
895 3045 990 3125 magis
1005 3043 1084 3126 apud
1101 3059 1154 3107 eos
1170 3042 1221 3122 qui
1237 3043 1367 3125 satyrica
1383 3043 1580 3127 scripserunt,

260 3150 338 3214 unde
362 3168 378 3212 a
402 3168 463 3214 non
487 3147 577 3214 nuliis
599 3149 761 3231 satyricum
784 3149 868 3231 prius
892 3144 1070 3220 vocabatur,
1103 3164 1207 3210 rerum
1230 3153 1333 3228 postea
1356 3145 1484 3210 obiitin
1508 3165 1580 3212 con·

258 3253 448 3318 suetudinem
478 3259 512 3317 ut
539 3253 698 3336 priapeum
722 3250 936 3336 appellaretur.
981 3248 1038 3316 sub
1063 3269 1097 3314 ea
1120 3268 1194 3332 ergo
1217 3251 1427 3334 percussione,
1457 3250 1494 3314 de
1522 3269 1578 3333 qua

258 3377 349 3442 supra
379 3357 493 3421 dictum
516 3365 576 3430 est,
607 3359 697 3440 primi
726 3359 883 3420 commatis
907 3357 1010 3419 divisio
1032 3352 1139 3435 priano
1165 3355 1314 3436 spondeo,
1343 3355 1581 3420 retinemento

260 3472 288 3527 et
310 3459 489 3548 choriambo
512 3460 614 3546 medio
644 3459 812 3524 subsistens
841 3477 960 3524 versum
990 3459 1028 3525 ab
1052 3458 1301 3544 hendecasyllabo
1333 3459 1503 3540 proiectum
1527 3459 1580 3523 de·

222 3586 246 3626 so
259 3564 400 3640 clarabit,
425 3575 458 3630 ιιι
478 3607 481 3613 ,
1440 3589 1442 3592 ·

668 3667 768 3733 sulcos
791 3676 863 3732 tunc
885 3675 1028 3749 retegunt
1050 3685 1169 3738 comae,

132 3847 139 3855 .
258 3774 327 3837 item

585 3913 588 3922 ·
698 3873 874 3940 iamdudum
897 3840 951 3938 tibi
973 3873 1139 3940 disserens:

326 4035 358 4087 ts
376 4043 479 4086 constat
496 4043 581 4084 autern
600 4058 635 4072 —
654 4033 686 4084 l‘l
704 4040 778 4082 antro
796 4047 824 4098 p.
843 4033 905 4096 ut,
917 4032 952 4084 28
1034 4023 1036 4030 ¹

324 4189 479 4242 hinciderit
496 4187 590 4244 Ans
659 4187 805 4241 descernit
823 4185 919 4244 Ans
982 4186 1024 4237 eui
1042 4181 1105 4254 non]
1129 4183 1209 4253 Verp.
1226 4201 1317 4253 georg.
1337 4183 1423 4240 irre
1487 4188 1580 4256 dilig·

260 4259 329 4310 nitati
347 4257 403 4316 ςΒ
425 4259 552 4326 dignitate
571 4258 596 4310 A
684 4257 700 4308 ‘l
723 4255 833 4324 receptis
858 4256 882 4306 irt
907 4269 1010 4306 versum
1030 4255 1170 4308 Santenins
1187 4256 1214 4306 t'n
1236 4255 1340 4308 Terent.
1359 4257 1448 4310 Maur.
1466 4274 1493 4323 p.
1514 4261 1578 4310 363.

257 4330 372 4392 fortasse
391 4329 501 4449 receptis
523 4328 550 4378 in
570 4327 655 4394 primo
678 4338 703 4376 et
721 4338 813 4390 quarto
832 4339 924 4378 vernus
944 4325 1010 4393 pede
1029 4325 1154 4394 spondeis
1242 4325 1345 4376 hirene
1363 4321 1461 4394 lucum]
1487 4327 1580 4379 Catilii.

136 4432 142 4446 .
260 4401 326 4462 tut
394 4400 426 4450 10
462 4398 588 4450 iuisiones
606 4397 632 4448 A
651 4395 782 4447 diuisione
801 4394 857 4451 §B
927 4397 957 4446 11
978 4391 1082 4461 iroude]
1106 4395 1185 4460 Verg.
1204 4394 1286 4448 bseoi.
1306 4397 1331 4461 1,
1344 4397 1378 4446 8!
1444 4397 1476 4446 12
1495 4407 1581 4447 resta·

259 4462 334 4534 neae]
363 4466 442 4532 Verg.
465 4466 547 4518 tecet.
570 4468 595 4530 1,
612 4468 647 4518 82
736 4465 767 4516 16
792 4464 870 4516 ueluti
895 4479 986 4515 nereus
1005 4462 1031 4514 B
1059 4463 1130 4515 uelut
1147 4464 1268 4515 irruerent
1287 4465 1312 4515 A
1341 4463 1412 4515 uelut
1431 4463 1527 4516 Nereus
1547 4477 1578 4522 ςι

260 4534 633 4596 Hor.earm.115,5.d,3
705 4533 736 4584 tt
755 4531 810 4585 iarn
827 4545 844 4590 ς
863 4532 941 4586 loeds
959 4531 1023 4584 AB
1092 4535 1127 4586 20
1144 4533 1294 4597 commutis,
1312 4535 1384 4599 qnod
1398 4535 1500 4593 seclusi,
1520 4535 1579 4598 scr·

258 4611 327 4658 tasse
344 4607 427 4672 ipsine
449 4605 580 4658 Victorini
597 4603 773 4671 neglegentiae
791 4601 950 4655 tribuentium
968 4611 1015 4656 est.
1050 4601 1154 4654 Terent.
1172 4601 1261 4655 Maur.
1279 4605 1348 4653 2761
1371 4615 1400 4654 ιιι
1418 4604 1453 4654 sit
1471 4614 1579 4667 utraque

260 4681 343 4742 portio
361 4685 454 4742 coepta
472 4689 552 4741 saepe
570 4673 707 4725 troclteeis.
739 4671 803 4728 Atii.
821 4672 930 4724 Fortun.
946 4689 973 4738 p.
994 4673 1062 4722 tcto
1081 4686 1132 4723 non
1151 4674 1245 4740 ignoro
1263 4683 1347 4722 autem
1367 4673 1461 4722 rariori
1481 4673 1578 4741 prinras

259 4755 283 4796 et
298 4743 428 4796 secundas
445 4743 560 4810 syllabas
579 4744 663 4794 utrius
684 4757 716 4792 ue
733 4742 759 4792 in
779 4741 886 4810 priapen
905 4743 1050 4801 commatis,
1069 4753 1098 4792 ut
1116 4741 1192 4793 modo
1210 4741 1242 4791 ab
1261 4740 1346 4791 iambo
1365 4741 1479 4808 incipiat,
1499 4742 1577 4794 modo

259 4813 290 4863 eh
308 4813 428 4866 trochaeo
511 4813 545 4865 22
568 4827 628 4866 nant
647 4757 683 4878 te}
702 4810 794 4862 Catuli.
812 4813 885 4875 18,3
968 4812 1001 4863 23
1022 4809 1194 4879 hellespontia
1211 4811 1302 4861 ceteris
1322 4809 1377 4866 sB
1405 4809 1462 4876 heth
1486 4813 1576 4878 pontio

258 4885 380 4936 asceteria
399 4884 424 4934 A
511 4883 546 4948 dd
565 4881 602 4946 (h.
615 4897 638 4934 e.
656 4879 730 4946 quin)
748 4880 773 4931 A
794 4895 871 4944 quern
890 4879 916 4930 B
934 4879 1075 4946 quantine
1149 4881 1182 4933 26
1200 4879 1264 4931 abiit
1281 4891 1298 4936 ς
1316 4879 1348 4930 nh
1367 4878 1408 4932 his
1428 4879 1489 4932 AB

259 4953 292 5004 28
309 4953 393 5020 primo
412 4952 532 5020 spondeo
551 4953 647 5002 mxime
667 4950 752 5001 iambo
772 4965 820 5007 one.
833 4950 858 5002 A
872 4949 927 5008 ne
