3906 5564
305 364 309 372 -
376 333 437 401 148
776 311 779 318 '
874 335 983 389 uren
1001 313 1194 389 vrcrdeuu

399 434 572 492 perenne.
1512 435 1666 494 pene-re.

461 527 572 588 Versus
600 542 719 606 quoquc
748 523 1018 608 hendecasyllabos
1046 525 1208 608 sapphicus
1237 527 1318 588 varia
1351 523 1516 590 scandendi
1545 526 1692 590 divisione

374 629 501 692 dirersis
530 630 609 691 inter
637 647 670 690 se
700 632 804 692 metris
834 632 1004 691 communis
1034 627 1188 692 reddetur.
1234 646 1303 690 nam
1340 631 1366 691 si
1395 630 1435 690 ita
1463 631 1631 712 percutias,
1660 636 1694 692 ut

373 735 490 815 primus
518 734 548 795 in
579 750 615 794 eo
644 750 698 812 pes
731 733 771 795 sit
800 729 977 814 disyllabus,
1007 729 1017 816 ΙΙ
1045 731 1155 796 dehine
1190 731 1325 815 dactylus
1359 731 1564 797 residentibus
1596 732 1693 796 tribus

374 837 526 899 trochaeis
557 833 685 905 ultimis,
716 837 775 899 erit
802 835 1032 917 ithyphallicum
1063 835 1205 899 metr'um.
1251 837 1298 898 sin
1327 855 1399 900 vero
1426 838 1466 900 lta
1496 835 1629 929 dividas,
1659 847 1694 900 ut

373 943 506 1022 primum
529 940 715 1022 spondeum,
744 939 854 1003 dehinc
878 938 1102 1010 choriambum,
1131 950 1200 1023 post
1222 938 1386 1003 diiambum
1415 950 1445 1003 et
1466 939 1609 1022 syllabam
1632 938 1720 1008 col-5

374 1042 469 1117 loces,
494 1044 552 1107 crit
573 1042 776 1124 phalaecium,
800 1052 834 1106 ut

726 1155 884 1229 postquam
909 1166 958 1210 res
979 1151 1069 1212 hslae
1092 1149 1172 1232 perit
1194 1148 1346 1230 procellis,

372 1254 452 1314 sicut
473 1249 612 1334 quidam,
636 1252 685 1333 qui
710 1269 745 1313 ea
768 1269 784 1312 a
808 1271 857 1328 se,
881 1260 1028 1335 utsupra
1051 1233 1248 1324 ostendimus,
1272 1252 1474 1332 distinguunt.

455 1351 497 1418 'th
518 1356 662 1435 quoniam
685 1352 929 1438 hendecasyllabi
953 1359 1136 1420 mentionem
1159 1358 1300 1427 lecimus,
1325 1355 1485 1418 occasione
1512 1355 1693 1418 admonente

373 1461 447 1522 satis
471 1467 674 1541 opportunum
698 1457 831 1523 arbitror
853 1459 891 1522 de
914 1461 1072 1543 speciebus
1095 1460 1242 1535 eiusdem,
1272 1478 1348 1542 quae
1371 1467 1443 1522 sunt
1465 1459 1559 1521 lemno
1582 1471 1633 1521 v11
1656 1477 1693 1520 ex
1708 1477 1733 1517 ιο

374 1581 433 1626 una
464 1563 629 1646 eademque
660 1565 778 1644 origiue
807 1562 1040 1637 descendentes,
1075 1562 1208 1628 breviter
1243 1563 1362 1636 dicere,
1397 1581 1474 1646 quae
1507 1562 1624 1626 scilicet
1656 1580 1694 1625 ex
1738 1633 1741 1640 ¹

375 1668 548 1749 utriusque,
579 1665 686 1729 idest
715 1664 856 1748 dactylici
885 1678 915 1731 et
942 1667 1080 1739 iambici,
1110 1667 1198 1729 metri
1221 1668 1439 1748 permixtione,
1470 1667 1636 1748 composita
1665 1675 1696 1728 et

373 1769 512 1854 copulata
535 1781 713 1835 noscuntur.
758 1771 876 1834 initium
907 1781 1006 1834 autem
1030 1771 1066 1832 ah
1090 1789 1126 1833 eo
1155 1789 1245 1834 versu
1275 1773 1438 1843 sumimus,
1469 1771 1519 1833 cul
1548 1769 1694 1853 sappbico

374 1891 485 1938 nomen
514 1883 574 1944 est,
604 1883 725 1938 non=ut
749 1873 787 1938 ah
810 1891 843 1936 ea
872 1875 1008 1946 invento,
1038 1873 1090 1936 sed
1122 1876 1234 1954 iugiter
1263 1882 1422 1956 usurpato:
1452 1893 1469 1936 e
1497 1876 1581 1938 cuius
1610 1875 1692 1936 lonte

373 1977 521 2060 plurimae
544 1978 662 2060 species
684 1977 814 2060 disparis
837 1979 951 2059 ligurae
974 1976 1185 2061 prolabuntur.
1223 1977 1313 2040 huius
1340 1981 1426 2060 prior
1448 1979 1544 2041 iorma
1569 1997 1603 2040 ea
1626 1977 1733 2059 legere

318 2091 320 2096 '
373 2080 540 2152 taxabitur,
559 2078 562 2164 l
580 2099 638 2162 qua
655 2083 772 2164 primus
788 2083 818 2144 lu
835 2101 922 2146 rersu
939 2082 1091 2166 spondeus
1106 2079 1310 2152 sollemniter,
1334 2091 1402 2163 post
1417 2080 1559 2164 dactylus,
1583 2078 1693 2144 dehine

374 2182 434 2268 [et]
459 2194 521 2249 tres
544 2184 678 2248 trochaei
707 2195 879 2268 ponuntur,
910 2206 927 2249 e
949 2188 1019 2268 quis
1041 2181 1236 2266 ithyphallico
1259 2203 1313 2247 seu
1336 2183 1510 2266 phalaecio,
1540 2196 1572 2247 ut
1600 2203 1692 2268 supro

374 2286 518 2358 diximus,
544 2307 654 2351 nomen
678 2298 734 2353 cst.
779 2289 949 2352 instruendi
966 2299 1065 2352 tamen
1082 2283 1195 2352 sumus
1210 2286 1498 2369 legemcollocandi
1520 2289 1551 2350 in
1568 2287 1692 2352 exordio

372 2391 498 2475 spondei
521 2394 603 2454 rarle
626 2401 745 2456 veteres
773 2392 959 2457 custodisse.
996 2410 1065 2456 nam
1095 2392 1216 2474 quidam
1246 2401 1277 2454 et
1299 2391 1472 2455 trochaeum
1502 2401 1532 2454 et
1558 2391 1692 2454 iambum

372 2496 402 2558 in
426 2514 460 2560 ea
484 2493 557 2558 sede
580 2494 746 2561 collocasse
769 2497 979 2579 reperiuntur,
1003 2497 1083 2560 inter
1107 2515 1181 2578 quos
1204 2507 1234 2560 et
1249 2493 1384 2560 Catullus
1408 2503 1454 2558 est
1475 2493 1530 2558 sub
1546 2494 1731 2578 exempliseo

372 2596 581 2671 huiusmodi,

669 2705 728 2766 cui
750 2703 847 2768 douo
870 2702 1037 2786 lepidum
1061 2721 1193 2766 norum
1216 2701 1391 2766 libellum

670 2807 778 2871 arido
800 2806 909 2871 modo
931 2808 1080 2890 pumice
1103 2805 1331 2889 expolitum?

666 2928 764 2974 meas
786 2931 868 2975 esse
891 2908 1040 2994 aliquid
1065 2923 1199 2993 putare
1222 2929 1352 2992 nugas.

372 3033 444 3079 nam
464 3019 513 3078 cui
537 3014 576 3078 do
599 3015 784 3098 spondeum,
809 3015 851 3076 ari
876 3015 1175 3085 trochaeum,'meas
1198 3013 1328 3078 iambum
1353 3022 1416 3078 tres
1439 3013 1574 3076 diuersos
1597 3013 1690 3096 pedes
1704 3035 1730 3076 aa

373 3137 454 3191 esse,
478 3115 590 3202 quibus
613 3138 703 3203 supra
727 3119 798 3182 dicti
820 3137 926 3180 rersus
949 3118 1144 3189 inchoantur,
1169 3120 1199 3180 in
1223 3117 1346 3181 dubium
1370 3135 1429 3181 uon
1454 3121 1548 3181 venit.

458 3222 556 3285 Huius
579 3222 822 3306 hendecasyllabi
845 3225 963 3304 species
979 3233 1082 3292 erunt,
1106 3231 1139 3285 ut
1161 3222 1311 3294 diximus,
1335 3235 1396 3284 vn.
1436 3221 1543 3286 leritur
1559 3230 1659 3285 autern
1677 3220 1690 3306 ll

373 3327 421 3390 his
445 3325 658 3398 commatibus,
683 3326 791 3407 qulbus
815 3337 844 3387 et
866 3326 1042 3390 hexameter
1064 3346 1119 3408 per
1143 3335 1254 3396 tomas,
1284 3337 1317 3387 ut
1339 3327 1480 3407 superius
1504 3327 1692 3389 demonstra·

371 3434 479 3495 rimus.
526 3449 563 3492 ex
585 3433 655 3514 quis
677 3439 727 3494 aut
750 3429 810 3491 duo
835 3437 946 3501 metra,
978 3430 1008 3492 id
1033 3439 1078 3492 est
1100 3429 1226 3493 heroum
1251 3439 1282 3492 et
1305 3429 1484 3501 iambicum,
1515 3426 1584 3513 [er]
1609 3446 1692 3492 com-

373 3536 468 3618 posita
496 3551 615 3596 versum
647 3531 833 3615 copulabunt
860 3543 1037 3614 autunum
1067 3530 1276 3616 supplemento
1310 3535 1357 3597 sui
1391 3537 1513 3614 generis
1540 3535 1731 3614 integrumso

372 3637 504 3714 dabunt,
533 3646 566 3700 ut
589 3647 660 3719 puta

755 3748 855 3803 castae
877 3739 1013 3803 Pierides
1036 3759 1121 3804 meae
1144 3741 1302 3804 Camenae.
1492 3807 1494 3811 ,

372 3844 516 3910 dividitur
538 3845 581 3907 sic
604 3838 776 3906 secundum
794 3845 919 3907 heroum
945 3854 1089 3917 metrum,
1114 3855 1147 3906 ut
1170 3847 1253 3924 prior
1277 3844 1444 3925 spondeus,
1469 3863 1598 3926 sequens
1621 3844 1690 3907 dac·

374 3951 452 4032 tylus
475 3948 617 4011 adiuncto
640 3947 792 4029 semipede
816 3948 1076 4028 penthemimeren
1104 3959 1208 4011 tomen
1231 3947 1416 4029 compleant,
1447 3947 1566 4011 residua
1591 3956 1690 4010 autem

444 4157 457 4207 1
476 4155 576 4208 Versus
595 4143 698 4220 quoque
717 4181 748 4192 ·-
767 4157 784 4207 8
801 4156 967 4223 distinguunt
985 4172 1012 4222 p.
1027 4157 1085 4212 118,
1100 4157 1133 4205 10
1185 4157 1201 4206 9
1225 4153 1257 4205 Et
1280 4156 1402 4220 qaronlam
1426 4153 1633 4220 hendecasyllabi
1658 4179 1690 4191 —

374 4227 462 4288 1oc,9
480 4223 588 4276 claudus
607 4224 712 4276 effectus
731 4235 771 4274 est
793 4224 895 4281 Terent.
915 4225 1003 4277 rllour.
1024 4225 1209 4276 tata-2913
1228 4225 1296 4276 Arii.
1314 4225 1422 4276 Fortun.
1441 4225 1623 4276 anat-2078

375 4333 582 4347 -ι-Ι-

441 4405 574 4459 dultimis
593 4417 611 4462 ς
628 4405 734 4456 ultimus
754 4405 814 4456 AB
893 4401 1079 4473 lpostquam]
1104 4404 1184 4472 Verp.
1203 4406 1271 4457 Aen.
1289 4405 1376 4456 1111
1457 4405 1691 4472 &distinguente

372 4476 557 4542 distinguutA
575 4474 774 4542 distingueutB
828 4477 858 4526 11
878 4475 1058 4526 discendentes
1079 4476 1103 4525 Α
1159 4477 1190 4528 13
1208 4489 1340 4526 sumemus
1359 4487 1396 4530 ςΔ
1429 4475 1461 4524 ld
1480 4475 1580 4542 primns
1602 4473 1691 4529 Vane

373 4553 446 4639 prilla
465 4571 490 4621 A
514 4570 587 4637 prius
606 4569 632 4620 B
702 4571 733 4620 17
753 4581 882 4635 ponantur
900 4568 988 4624 Aba
1052 4564 1154 4634 equis]
1172 4569 1290 4633 sertam
1306 4569 1347 4617 cul
1367 4577 1404 4620 et:
1422 4570 1460 4634 os.
1483 4569 1587 4621 Terent.
1601 4568 1689 4624 Μαιιν.

372 4642 443 4692 2555
461 4639 503 4690 cul
521 4653 615 4690 nomen
634 4653 736 4704 quoque
754 4637 865 4704 phallico
883 4637 1009 4689 dederuut
1070 4635 1161 4705 supro]
1183 4657 1210 4704 p.
1226 4641 1329 4700 118,10
1392 4639 1424 4690 18
1442 4638 1586 4689 instruendi
1606 4651 1691 4689 romeu

373 4725 465 4760 sumus
483 4709 566 4775 legem
585 4708 728 4759 collocandi
747 4719 764 4764 ς
781 4707 897 4758 struendi
916 4719 1000 4758 tonreu
1019 4721 1109 4758 snmus
1129 4706 1185 4780 lege
1203 4722 1233 4758 nc
1251 4707 1352 4757 locandi
1371 4705 1432 4757 AB
1495 4709 1529 4758 22
1548 4707 1588 4758 cul
1606 4703 1689 4776 dono]

375 4779 466 4830 Gauii.
486 4781 541 4843 1,1
596 4779 631 4828 et
648 4792 720 4828 meas
739 4791 797 4828 esse
815 4777 948 4841 aliquids
970 4789 1027 4840 mea
1046 4791 1105 4827 sese
1122 4777 1222 4840 aliquot
1240 4777 1265 4827 A
1288 4773 1551 4840 meosesealiqnotB
1611 4779 1645 4828 27
1664 4789 1693 4828 ιιι

373 4847 488 4898 diximus
507 4861 551 4898 err
570 4858 645 4897 erunt
661 4862 733 4900 eon.
751 4857 825 4897 erunt
842 4859 871 4896 ιιι
887 4847 1002 4896 diximus
1021 4848 1108 4896 ιιιΑ
1171 4847 1205 4897 28
1222 4841 1356 4912 superius]
1375 4861 1402 4911 p.
1423 4847 1515 4906 14,31
1577 4847 1691 4897 dlximns
1752 4907 1754 4911 .

373 4933 444 4970 corr.
463 4917 700 4967 demonstrauimus
719 4919 744 4967 A
813 4917 847 4966 29
866 4930 898 4964 ex
917 4931 946 4966 se
964 4915 1110 4981 composita
1129 4927 1146 4971 ς
1216 4917 1249 4966 30
1266 4915 1393 4980 integram
1412 4913 1438 4964 B
