3850 5560
350 419 354 425 ·
816 381 876 442 DE*
888 392 1020 444 narnis

256 482 386 532 pflfflk

412 570 540 650 patriam
564 575 627 630 tum
650 568 798 650 prologus
820 569 1023 651 †l.arinaque
1047 565 1187 650 coepitii
1218 653 1220 656 ¹

260 671 485 754 aristoplranius
507 673 540 734 bt
562 689 605 734 ex
628 672 764 734 heroico:

416 795 514 838 arma
539 779 736 856 virumque
761 775 1010 860 carro'Troiae
1035 775 1095 854 qui
1120 776 1260 866 prjtnus
1283 776 1324 836 ab
1348 777 1442 847 oris,

416 895 497 942 nunc
520 896 604 940 arma
628 881 786 959 virumque
803 896 879 940 cauo
903 878 1012 940 Troiae
1035 895 1117 940 norro
1132 881 1183 958 qui
1206 897 1287 940 inuito
1311 881 1427 959 primus
1450 880 1488 941 ab
1512 881 1583 944 oris.
1656 881 1657 886 ’

232 981 428 1072 taugelicum
453 979 565 1061 syllaba
593 979 727 1042 breviata
759 981 915 1066 heroicum
945 999 1011 1087 esse
1039 981 1220 1052 monstravi;
1251 983 1323 1044 item
1356 984 1531 1064 priapeurn,
1560 985 1585 1044 si

260 1083 403 1166 syllabam
427 1085 674 1168 surripias,l1eri
698 1061 867 1146 lroroicum.

259 1222 466 1240 ’.ι-..μ

329 1297 342 1346 i
362 1295 475 1357 vinaque
492 1293 579 1360 coepit
595 1293 706 1354 coniecit
724 1290 845 1355 imatus,
868 1304 1000 1358 regnaque
1023 1289 1091 1356 oepit
1111 1289 1237 1342 Obristiue
1259 1293 1331 1358 apud
1353 1292 1516 1344 Huitsoliiurn

258 1383 273 1433 2
293 1397 325 1432 ex
344 1397 391 1435 on.
414 1381 475 1430 Vnt.
547 1376 675 1444 dTroise
693 1393 761 1427 nune
780 1378 824 1441 qui
844 1392 911 1428 nunc
930 1377 1031 1444 primus
1050 1377 1083 1426 ab
1103 1377 1155 1428 oris
1175 1379 1284 1429 coniecit
1301 1377 1419 1438 Iahnius,
1439 1381 1521 1431 troiae
1539 1383 1583 1445 qui

257 1469 358 1534 primns
383 1466 414 1516 ab
438 1467 491 1516 oris
516 1479 584 1514 nunc
612 1461 687 1520 Vae..
715 1477 784 1514 nunc
806 1463 899 1514 Troiae
922 1465 965 1528 qui
993 1465 1094 1530 primus
1118 1464 1150 1514 nb
1175 1465 1227 1513 oris
1255 1479 1324 1515 nuno
1346 1466 1451 1518 Halmio
1478 1475 1584 1519 artotore

258 1552 409 1604 Heraclius
479 1551 496 1602 d
515 1563 650 1600 arimenum
668 1549 814 1616 angelicum
834 1561 850 1606 ς
920 1549 1065 1616 aogelloum
1083 1549 1184 1614 syllaba
1201 1551 1228 1600 in
1246 1566 1299 1602 rua.
1323 1551 1384 1602 Vat.
1403 1552 1437 1616 ef.
1454 1569 1481 1619 p.
1494 1556 1582 1613 615st

235 1661 238 1667 ·
312 1638 384 1694 itam,
393 1653 463 1688 corr.
483 1638 543 1687 item
557 1636 627 1687 “Vct
698 1631 873 1702 bsurripius]
893 1637 1021 1703 corripias
1039 1635 1179 1687 Sententiis
1197 1639 1223 1688 in
1245 1636 1348 1688 Terent.
1366 1637 1457 1689 Maur.
1474 1655 1502 1706 p.
1524 1640 1584 1698 309,
1609 1625 1612 1630 ¹

258 1726 366 1776 ‘rectius
383 1725 520 1790 priapeium
538 1729 564 1774 et
581 1723 722 1787 angelicum
740 1721 954 1773 commutabimus
974 1721 1083 1774 lolinius

815 1946 1016 1958 -n—--u

733 2153 743 2172 ⁹
898 2131 936 2206 Π

343 2326 386 2390 Ex
410 2325 515 2390 codice
531 2323 759 2386 vindobonensi
776 2318 826 2393 16,
851 2321 922 2384 olim
947 2320 1151 2394 Bohiensi,
1176 2307 1282 2386 octavo
1298 2324 1345 2388 rel
1361 2343 1443 2390 nono
1459 2327 1581 2390 saeculo
1694 2307 1695 2312 ἵ
1793 2409 1799 2418 ,

256 2433 370 2513 scripto
394 2431 427 2492 in
449 2427 596 2491 analectis
620 2426 826 2506 grammaticis
849 2423 1138 2488 vindobonensibus
1161 2446 1190 2507 p.
1215 2424 1279 2490 516
1302 2447 1368 2510 sqq.
1393 2430 1507 2492 editum
1538 2442 1583 2494 est

258 2535 460 2614 fragmentum
478 2533 515 2594 rie
531 2530 668 2594 versibus
684 2529 831 2600 iambicis,
849 2529 1022 2598 trochaicis,
1046 2527 1208 2609 dactylicis,
1225 2535 1434 2612 anapaesticis.
1473 2534 1583 2596 deinde
1623 2565 1634 2578 ·
1696 2517 1700 2588 ]

257 2641 321 2720 ipse
344 2639 424 2701 idem
447 2639 652 2715 fragmentum
676 2633 771 2714 magis
794 2633 997 2703 emendatum,
1027 2650 1118 2720 quam
1142 2635 1172 2694 in
1197 2632 1424 2699 vindobonensi
1449 2637 1581 2700 editione

257 2741 423 2809 letabatur,
449 2740 529 2802 edidi
551 2742 582 2800 in
606 2739 773 2819 scriptione
796 2735 977 2814 academica,
1001 2735 1063 2796 ind.
1080 2733 1222 2798 schol-in
1246 2738 1442 2803 universitate
1459 2738 1582 2803 llalensi

257 2861 311 2924 per
334 2843 467 2907 hiemem
491 2861 517 2904 a.
538 2837 619 2904 1873
644 2835 780 2902 et18l4
803 2837 944 2909 inobend,
969 2855 1058 2918 quam
1083 2838 1247 2900 editionem
1271 2841 1329 2904 hoc
1353 2843 1420 2904 loco
1442 2845 1579 2923 repetivi.
1674 2888 1691 2910 .
1789 2835 1791 2842 ’

256 2950 286 3008 in
325 2945 429 3010 codice
458 2945 599 3009 Bohiensi
633 2952 734 3005 autem
767 2941 824 3003 hoc
857 2941 1061 3020 lragmontum
1093 2951 1159 3023 post
1190 2941 1313 3006 brevem
1349 2953 1509 3008 tractatum
1543 2945 1581 3008 de

257 3049 445 3120 accentibus,
475 3051 528 3130 qui
556 3047 654 3111 editus
683 3055 729 3108 est
757 3045 836 3108 anal.
864 3063 992 3126 gramm.
1018 3043 1103 3106 Vind.
1128 3065 1157 3127 p.
1184 3045 1255 3118 142,
1283 3049 1430 3129 scriptum
1462 3057 1507 3112 est
1529 3050 1611 3118 ita,-¹

257 3157 277 3216 i.
300 3149 343 3216 49
366 3163 397 3215 et
424 3149 468 3215 50
490 3153 536 3214 De
563 3153 700 3214 uersibus
727 3151 845 3227 lampii.
897 3150 1033 3210 Metram
1063 3181 1102 3192 —
1131 3152 1262 3228 spondit
1290 3160 1412 3215 cantur.
1464 3155 1581 3230 Incipit

253 3257 417 3336 praefatio
445 3257 604 3318 Prisciani
631 3255 669 3316 de
697 3254 791 3315 laude
818 3253 978 3315 anastase·
998 3255 1219 3329 ,imperatoris
1247 3257 1384 3337 sequitur
1413 3256 1445 3318 in
1476 3256 1606 3346 eadem·

256 3363 365 3441 pagina
396 3377 519 3422 carmen
550 3353 699 3419 Prisciani
730 3355 767 3417 de
796 3353 884 3417 laude
914 3357 1077 3418 Anastasii:
1113 3355 1151 3418 ci.
1182 3358 1306 3438 catalog.
1339 3359 1405 3423 cod.
1436 3358 1580 3440 philolog.

257 3463 338 3524 latin.
365 3461 436 3524 bibl.
460 3460 553 3525 Palat.
580 3457 751 3522 vindobon.
777 3477 805 3538 p.
830 3454 904 3520 219.
952 3449 1099 3539 adscripsi
1123 3459 1209 3531 baec,
1239 3470 1270 3522 ut
1293 3460 1522 3542 intellegeretur
1545 3482 1580 3524 ea

166 3549 171 3555 ¹
257 3584 333 3650 quae
356 3565 394 3630 ab
417 3567 502 3629 initio
526 3567 609 3627 etin
633 3565 692 3626 line
715 3564 878 3643 fragmenti
902 3563 1011 3626 desunt
1041 3582 1101 3626 non
1132 3564 1252 3626 deiectu
1277 3563 1437 3627 Bobiensis
1467 3565 1581 3628 codicis

255 3670 401 3751 periisse,
429 3671 481 3733 sed
511 3689 526 3731 a
557 3668 683 3732 librario
708 3663 826 3747 'scripta
850 3685 910 3728 non
940 3685 1016 3729 esse.
1068 3677 1192 3748 apparet
1222 3669 1302 3730 enirn
1331 3667 1406 3730 baec
1436 3687 1512 3749 quae
1543 3669 1579 3730 de

256 3781 398 3855 quattuor
422 3773 528 3835 metris
551 3771 656 3834 relicta
680 3781 751 3832 sunt
780 3789 816 3833 ex
840 3765 987 3850 ampliore
1017 3771 1236 3832 commentario
1264 3771 1301 3833 de
1331 3773 1437 3834 metris
1468 3773 1580 3852 princi·

257 3877 375 3959 palibus
398 3887 540 3958 excerpta
564 3895 642 3938 esse.
689 3883 719 3936 et
741 3892 809 3937 cum
835 3871 926 3934 verba
948 3875 1140 3953 grammatici
1165 3874 1195 3933 in
1220 3873 1323 3944 codice
1347 3872 1483 3955 pluribus
1506 3873 1579 3936 locis

257 3981 450 4042 veliementer
475 3985 617 4058 corrupta
641 3979 711 4048 sint,
736 3995 797 4038 non
820 3984 952 4051 constat,
982 3975 1053 4056 quid
1078 3979 1143 4056 ipse
1172 3979 1394 4056 grammaticus,
1425 3979 1475 4058 qui
1506 3976 1579 4040 baec

256 4093 397 4164 excerpta
421 4083 604 4164 composuit,
629 4081 768 4143 omiserit
791 4077 839 4138 vel
862 4077 1095 4161 perturbaverit,
1120 4080 1190 4161 quid
1215 4079 1424 4160 neglegentiae
1455 4079 1579 4151 librarii,

256 4189 309 4268 qui
333 4185 383 4248 illa
407 4185 577 4267 descripsit,
607 4182 802 4246 tribuendum
831 4184 881 4246 sit.
932 4182 985 4245 sed
1016 4201 1053 4244 ex
1082 4181 1129 4244 bis
1158 4183 1235 4245 vitiis
1264 4199 1324 4244 non
1353 4180 1433 4245 nulla
1463 4181 1579 4244 collatis

257 4288 438 4372 quibusdam
462 4287 535 4351 locis
559 4289 646 4350 illarii
669 4286 817 4349 Victorini
849 4293 879 4346 et
901 4283 982 4347 Atilii
1006 4285 1230 4352 Fortunatiani,
1261 4287 1313 4367 qui
1344 4305 1412 4348 cuim
1439 4285 1579 4348 Bobiensi

133 4454 140 4468 ,
254 4395 425 4473 fragmento
456 4393 659 4459 consentiunt.
689 4389 776 4453 iacile
799 4389 911 4467 corrigi
941 4399 1082 4467 poterant
1110 4398 1141 4450 et
1165 4407 1180 4450 a
1204 4387 1432 4452 vindobonensi
1462 4388 1579 4450 editore

255 4506 340 4560 recte
369 4498 505 4559 'correcta
537 4503 638 4564 erant;
670 4511 707 4554 ex
734 4490 860 4572 reliquis
890 4509 960 4552 vero
990 4491 1135 4572 quaedam
1168 4495 1207 4553 ita
1238 4492 1398 4574 depravata
1427 4499 1512 4558 sunt.
1545 4501 1578 4592 ut

140 4667 144 4674 ¹
256 4609 340 4662 certo
365 4580 520 4661 Efflessddl'i
543 4615 665 4658 omnino
690 4603 850 4677 nequeant.

342 4703 500 4766 Maximam
530 4708 646 4781 partem
671 4717 775 4760 eorum
800 4714 877 4776 quae
900 4697 930 4759 in
954 4697 1010 4758 boo
1034 4699 1204 4778 fragmento
1226 4699 1338 4780 scripta
1368 4706 1439 4759 sunt
1461 4714 1517 4758 cur
1540 4715 1577 4759 ex

256 4803 347 4868 lubae
371 4805 459 4868 libris
482 4803 632 4883 descripta
658 4820 723 4864 esse
751 4809 870 4882 putem,
900 4803 931 4861 in
960 4801 1126 4895 scriptione
1155 4820 1246 4882 supra
1276 4802 1407 4862 indicata
1438 4802 1575 4880 exposui,

256 4916 416 4989 postquam
440 4907 575 4969 breviter
598 4905 635 4966 de
659 4923 692 4967 ea
709 4922 742 4966 re
766 4905 883 4968 dixerat
898 4903 1081 4967 ilenizelius
1110 4905 1206 4985 symb.
1232 4908 1299 4966 orit.
1318 4903 1353 4964 ad
1378 4902 1448 4964 bist.
1471 4905 1576 4982 script.

232 5037 245 5051 -·
307 5024 459 5057 oumrtm
471 5025 600 5057 nomn
1336 5009 1370 5057 40
