3906 5564
681 1351 854 1439 LIBER
881 1350 1149 1455 QVARTVS

892 1541 935 1586 Μ

208 1712 211 1718 ·
257 1696 704 1768 oeconomicum
733 1695 785 1766 Sit
815 1694 964 1775 ATQVE
993 1693 1238 1764 INCONEXIS
1266 1693 1388 1774 QVAE
1411 1693 1577 1764 GRAECI

451 1845 455 1851 -
520 1809 767 1868 ιιῑιιιιιιιτιιτιι
790 1799 973 1870 vocarit
994 1797 1314 1868 FRAGMATIOVS

281 1959 460 2016 pfflwk
839 1963 995 1974 *“-
1389 1955 1552 2013 pmu&

230 2122 244 2163 ιι
315 2145 317 2148 -
341 2080 479 2167 emenso
501 2111 590 2184 atque
606 2101 749 2165 discussis
771 2101 818 2165 his
834 2100 1001 2165 secundum
1016 2100 1204 2184 propositum
1228 2097 1317 2162 nohis
1331 2096 1478 2172 ordinem,
1503 2117 1578 2180 quae

257 2225 295 2270 ex
317 2204 462 2290 dactylico
485 2214 576 2289 atque
604 2204 733 2269 iambico
761 2223 874 2287 genere
896 2222 953 2287 per
981 2202 1164 2287 multiplices
1192 2203 1444 2286 compositionum
1468 2203 1579 2284 ligures

255 2303 417 2375 lniormata
440 2309 630 2384 derivantur,
661 2319 801 2390 superest
824 2317 856 2372 ut
879 2327 912 2372 ea
942 2325 1021 2392 quae
1043 2326 1081 2371 ex
1103 2308 1260 2391 utriusque
1289 2309 1521 2372 concinnatione
1544 2325 1579 2371 ac

257 2416 457 2497 permixtione
484 2425 653 2480 metrorum
682 2431 795 2496 genera
822 2421 1039 2497 procreantur,
1068 2411 1179 2496 quihus
1207 2419 1259 2477 aut
1281 2409 1286 2498 Ι
1310 2413 1412 2494 magni
1439 2419 1579 2476 auctores

258 2521 379 2583 nomina
408 2517 558 2582 dederunt
585 2525 638 2580 aut
666 2515 799 2581 illustres
829 2525 937 2600 poetae
960 2515 1136 2600 frequenter
1164 2517 1210 2578 usi
1235 2524 1320 2591 suut,
1350 2533 1578 2600 persequamur.

221 2645 246 2684 ιι
257 2640 386 2706 namque
409 2620 623 2688 Archilochum
650 2622 768 2694 ierunt,
798 2637 888 2702 quem
916 2627 1073 2704 parentem
1103 2621 1176 2684 artis
1205 2622 1338 2685 musicae
1365 2622 1448 2686 iuxta
1478 2617 1578 2684 multi·

258 2726 384 2790 iormem
417 2736 585 2790 metrorum
620 2727 730 2789 seriem
771 2723 981 2808 diversumque
1020 2725 1197 2808 progeniem
1235 2725 1333 2789 omnis
1373 2733 1453 2788 aetas
1490 2724 1576 2796 cauit,

259 2839 413 2912 acceptum
436 2830 475 2893 ab
497 2829 545 2894 his
567 2831 618 2914 qui
647 2837 717 2894 ante
740 2849 773 2894 se
796 2829 991 2913 inspexerant
1017 2829 1250 2911 summatimque
1279 2835 1481 2893 tractaverant
1508 2827 1578 2891 dac·

259 2936 397 3017 tylloum,
433 2933 512 3017 quod
549 2941 596 2997 est
629 2935 763 2998 omnium
798 2941 889 3015 caput
916 2951 952 2996 oo
986 2933 1183 3016 principium,
1216 2951 1273 3015 per
1301 2931 1493 3018 adielotioues
1525 2930 1577 2996 de·

260 3039 482 3119 tractionesque
505 3039 640 3102 vertisse.
672 3055 688 3101 e
705 3055 766 3120 quo
781 3038 913 3120 primum
929 3035 1090 3100 iambicum
1109 3034 1270 3121 [metrum]
1288 3055 1343 3119 per
1361 3035 1578 3100 detractionem

224 3144 348 3207 etunius
369 3144 516 3224 temporis
538 3143 678 3205 formavit
701 3141 833 3224 adaeque
863 3141 1086 3212 hexametrum,
1116 3141 1167 3224 qul
1197 3159 1252 3224 per
1282 3139 1417 3223 dipodias
1440 3143 1579 3205 trimeter
1666 3183 1668 3186 -

260 3246 402 3318 elicitur:
431 3245 541 3310 dehinc
563 3245 602 3308 oh
625 3246 674 3310 iris
696 3244 814 3309 duobus
838 3263 965 3309 exorsus
993 3244 1084 3309 multa
1108 3254 1275 3309 metrorum
1297 3262 1409 3326 genera
1438 3247 1580 3328 uariaque

260 3350 411 3432 produxit.
457 3367 589 3430 namque
610 3348 648 3413 ah
672 3348 801 3412 iambico
824 3349 1026 3421 trochaicum,
1051 3367 1068 3412 a
1091 3346 1238 3431 dactylico
1260 3349 1484 3430 anapaesticum
1507 3367 1580 3432 pro·

260 3452 335 3518 didit
356 3461 469 3517 mutato
484 3471 540 3536 per
556 3452 783 3518 translationem
809 3451 872 3537 [ut]
896 3453 926 3516 iu
942 3463 1070 3536 utroque
1094 3451 1182 3535 longa
1202 3451 1326 3536 syllaba.
1362 3471 1470 3518 rursus
1492 3468 1548 3534 per
1565 3451 1579 3538 ΙΙ

260 3559 437 3622 incisionem
466 3557 655 3638 singulorum
690 3567 780 3638 atque
812 3555 1056 3621 coniunctionem
1091 3555 1234 3640 pleraque
1269 3569 1434 3622 metrorum
1466 3575 1580 3640 genera

225 3673 448 3726 recommentus
478 3669 535 3725 est,
578 3679 707 3743 namque
736 3659 865 3725 iambico
897 3663 1034 3725 trimetro
1063 3659 1197 3725 detracta
1227 3671 1314 3744 parte
1341 3663 1444 3734 tertia,
1475 3660 1506 3725 id
1535 3668 1581 3724 est

261 3763 389 3848 dipodla,
413 3764 576 3829 dimetrum
598 3764 760 3830 iambicum
784 3765 879 3829 edidlt
900 3769 960 3838 sio,

584 3868 717 3933 heatus
738 3869 805 3934 ille
829 3869 892 3951 qui
915 3868 1049 3953 procul
1072 3870 1257 3952 negotiis,

261 3971 370 4038 dehinc

641 4085 681 4141 ut
702 4079 828 4162 prisca
852 4095 943 4160 gens
967 4075 1193 4142 mortalium.

225 4179 399 4246 assimiliter
421 4200 439 4243 a
462 4179 606 4265 dactylico
630 4180 736 4244 eadem
758 4191 844 4265 parte
867 4180 1003 4264 dempta,
1027 4179 1057 4243 id
1083 4189 1128 4244 est
1142 4179 1260 4245 duobus
1283 4183 1423 4246 retractis
1440 4180 1578 4263 pedibus,

218 4351 220 4356 ,
263 4292 469 4350 tetrametrum
492 4283 531 4349 de
554 4284 730 4350 hexametro
753 4301 873 4349 vorsum
896 4282 1036 4367 protulit,
1060 4293 1093 4348 ut

329 4497 347 4549 8
363 4493 459 4560 qulbus
477 4517 512 4530 -
530 4493 571 4546 usi
589 4505 651 4546 sunt
666 4509 694 4560 p.
712 4494 775 4554 lai,
789 4493 834 4545 32.
852 4495 943 4554 ism
1012 4493 1045 4543 ai
1063 4491 1201 4544 dimetrum
1219 4493 1356 4544 iambicum
1373 4508 1401 4560 p.
1423 4496 1513 4555 1³7st

263 4563 296 4616 ao
314 4573 489 4616 emmeram
505 4580 533 4630 ρ.
553 4566 614 4630 ιιι,
627 4565 661 4616 ιι

330 4717 442 4786 oquae]
461 4719 506 4786 qul
523 4717 550 4771 B
620 4719 805 4772 'ideriuantor
821 4729 839 4774 ς
856 4717 976 4768 derluont
994 4716 1019 4768 A
1033 4715 1058 4767 B
1130 4720 1162 4771 12
1183 4729 1355 4770 trasmuerant
1372 4731 1390 4777 ς
1408 4728 1583 4771 tracteuerout

264 4787 327 4840 AB
397 4792 429 4843 13
446 4805 478 4841 ae
495 4788 652 4910 principium
671 4785 730 4845 ςΒ
747 4789 780 4838 od
798 4787 955 4855 principium
975 4787 1000 4838 A
1071 4785 1230 4840 adiectiones
1248 4786 1275 4839 B
1292 4789 1451 4839 abiectiones
1470 4789 1526 4845 Ας

265 4857 297 4908 17
314 4872 477 4924 namque-
496 4857 572 4927 prodi
592 4859 612 4909 it
628 4870 706 4914 oms·
776 4871 792 4907 a
810 4855 928 4908 dactilico
949 4856 974 4907 B
991 4871 1021 4907 oc
1040 4855 1166 4922 dactylico
1186 4859 1211 4911 Α
1281 4859 1316 4910 20
1334 4853 1458 4926 namque]
1478 4859 1583 4922 lamque

266 4925 329 4976 AB
340 4939 358 4983 ς
427 4929 461 4980 22
478 4925 583 4994 batus]
602 4927 671 4980 Hor·
689 4927 767 4994 epod.
786 4929 846 4993 2,1
915 4927 950 4978 to
969 4941 1061 4977 uersus
1079 4925 1106 4975 B
