3850 5560
659 355 768 460 ..sun
791 379 940 430 uuerco
964 335 1086 440 narso
1169 385 1174 395 ‘
1335 372 1339 380 “
1493 361 1566 432 ’631

242 554 463 639 deprehendas.
510 554 690 638 plerumque
715 558 803 619 etiarn
828 567 880 619 aut
902 539 1063 638 acephalos
1086 555 1202 620 iaciunt
1225 555 1346 617 eosdem
1376 555 1493 618 iambos
1516 565 1568 620 aul

241 659 510 740 hypercatalectus,
535 679 612 741 quae
636 677 686 720 res
709 669 839 722 metrum
871 660 943 732 hoc,
976 659 1004 720 id
1033 667 1079 722 est
1107 657 1286 734 iambicum,
1319 659 1350 718 in
1380 660 1566 723 trochaicum

240 773 399 826 convertet
413 771 538 826 necesse
555 771 609 824 est.
647 781 716 824 nam
741 765 803 824 sive
821 761 1073 842 unani-syllabam
1098 762 1205 824 dernas
1222 760 1262 823 ab
1285 763 1380 832 initio,
1398 765 1566 826 sicennam
1618 742 1622 756 '

241 863 334 927 addas
357 864 394 928 de
417 865 534 936 lambo,
565 865 752 928 trochaicum
776 855 858 926 'tacis
905 882 982 942 quae
1005 883 1054 926 res
1079 865 1163 928 dedit
1186 868 1231 928 eis
1251 869 1451 934 occasionem,
1481 877 1513 928 ut
1535 871 1565 928 in

213 969 381 1032 eianrbicis
404 972 511 1032 metris
535 971 626 1030 etiam
650 966 769 1048 legibus
793 967 1018 1030 troobetcorum
1042 977 1209 1031 uterentur.
1249 970 1342 1048 igitur
1366 979 1491 1048 propter
1513 970 1568 1032 bas

241 1079 346 1134 causas
370 1074 528 1136 sciendum
554 1082 600 1132 est
623 1075 653 1132 in
677 1070 866 1134 comoediam
890 1069 1069 1152 plerumque
1093 1071 1229 1134 incidere
1247 1081 1277 1133 ct
1299 1070 1445 1153 dactylica
1470 1069 1579 1135 metra

240 1186 364 1256 propter
388 1175 550 1257 dactylum,
576 1185 604 1236 et
621 1176 812 1256 artepeestica
829 1184 953 1256 propter
976 1163 1183 1255 anapaestum,
1208 1183 1239 1236 et
1254 1175 1416 1254 spondiaca
1441 1187 1566 1257 propter

239 1277 410 1358 spondium,
435 1291 464 1339 ct
486 1295 564 1359 quae
587 1277 625 1340 de
648 1278 796 1341 tribrachi
825 1279 910 1350 liunt,
941 1297 998 1340 nec
1021 1295 1091 1348 uon,
1121 1285 1153 1339 ut
1176 1277 1318 1348 diximus,
1350 1288 1475 1360 propter
1498 1297 1565 1341 oce-

239 1381 345 1462 plralos
371 1381 414 1442 rel
439 1381 698 1462 hypercatalectus
714 1399 820 1444 uersus
843 1383 932 1444 etiam
949 1379 1114 1444 trochaica.
1154 1400 1210 1444 nec
1228 1381 1301 1444 illud
1319 1395 1440 1443 seruent
1456 1381 1564 1454 latini,

200 1495 272 1545 nont
295 1485 449 1546 trimetros
472 1495 589 1548 tantum
614 1503 717 1560 versus
745 1485 886 1548 elllclant.
933 1502 1001 1547 narn
1026 1493 1167 1547 crescunt
1198 1503 1213 1547 a
1239 1486 1386 1548 trimetris
1415 1487 1565 1562 usquein
1660 1503 1692 1520 ’·
1745 1521 1772 1534 ··

239 1597 430 1658 octernetros,
455 1587 484 1649 id
508 1570 554 1650 est
573 1577 689 1664 leniunt
712 1607 815 1652 versus
831 1588 869 1650 de
891 1587 1025 1650 sedecim
1049 1587 1188 1670 pedibus,
1208 1573 1291 1651 ¹ultra
1308 1605 1483 1670 numquam,
1508 1606 1575 1651 nec

239 1691 350 1753 iterum
375 1693 526 1754 minorem
549 1711 601 1753 ser
625 1688 756 1773 pe'dibus
779 1707 899 1754 versum
923 1711 990 1774 esse
1014 1694 1202 1773 permittunt
1303 1695 1311 1702 ’

795 1881 998 1891 -n-—..

713 2070 798 2145 nn
825 2069 1069 2144 nurnnno

327 2243 459 2306 Dicimus
487 2243 663 2326 rhythmum
699 2262 780 2316 esee,
815 2243 879 2334 ubi,
899 2252 1014 2306 laentum
1044 2242 1169 2322 legitimi
1200 2241 1292 2324 pedes
1322 2252 1393 2306 sunt
1422 2254 1451 2308 et
1479 2246 1563 2310 nullo
1648 2281 1652 2287 -
1682 2255 1688 2262 ‘

120 2401 123 2404 .
198 2355 223 2394 1⁵
239 2349 328 2410 modo
351 2356 435 2410 certo
459 2347 533 2420 flne;
558 2355 686 2410 metrum
716 2366 792 2418 esse,
816 2346 875 2424 ‚ubi
899 2347 991 2427 pedes
1014 2345 1138 2427 legitimi
1167 2356 1251 2408 certo
1281 2348 1341 2409 line
1371 2360 1562 2413 coercentur.

185 2477 191 2484 ·
238 2457 345 2513 rursus
367 2441 510 2532 quoniam
536 2469 639 2514 eorum
664 2459 847 2520 metrorum,
879 2470 956 2531 quae
980 2460 1064 2512 certo
1092 2450 1152 2512 llne
1176 2449 1375 2519 clauduntur.
1406 2452 1463 2514 alia
1493 2464 1564 2516 sunt
1637 2467 1640 2473 ·
1705 2437 1709 2444 ⁴

173 2601 177 2606 .
236 2557 266 2615 iu
292 2553 402 2632 quibus
426 2571 487 2616 non
511 2553 639 2616 habetur
662 2557 740 2616 ratio
764 2553 916 2616 divisionis
939 2557 1021 2616 eirca
1046 2553 1196 2622 medium,
1228 2553 1283 2616 alia
1306 2564 1375 2615 suut
1398 2559 1428 2617 in
1453 2557 1562 2635 quibus

238 2655 376 2728 habetur,
401 2666 447 2719 cst
470 2654 741 2724 heec'rtttterenttn
758 2657 889 2719 notanda
915 2656 1077 2720 vocabulis.
1118 2667 1303 2738 quapropter
1320 2656 1402 2730 illnd,
1428 2659 1480 2720 ubi
1502 2679 1561 2722 nnn

237 2759 366 2828 habetur
390 2759 466 2822 baec
481 2761 569 2832 ratio,
594 2759 725 2842 rhythmi
739 2778 837 2836 nenas
853 2770 983 2822 metrum
1002 2762 1125 2842 proprie
1142 2771 1279 2822 vocatum
1296 2769 1354 2830 est;
1379 2759 1435 2823 hoc
1451 2774 1560 2836 autem,

27 2875 36 2888 ¹
90 2887 94 2900 ·
198 2862 290 2925 ²⁰ubi
313 2863 453 2935 habetur,
478 2881 583 2925 verstts
608 2851 791 2926 nominatur.
831 2861 911 2926 unde
934 2873 1060 2945 apparet
1083 2868 1227 2944 qnoniam
1251 2881 1309 2925 non
1335 2872 1381 2926 est
1404 2857 1562 2928 versusex'

237 2985 273 3028 eo
299 2965 476 3048 appellatus,
501 2977 610 3030 utnon
634 2966 708 3029 nulli
724 2976 839 3049 putant,
864 2953 975 3049 quoda
1001 2977 1083 3029 certo
1099 2969 1158 3028 llne
1181 2966 1217 3028 ad
1242 2968 1306 3030 eius
1322 2977 1412 3048 ceput
1427 2970 1559 3032 reditur:

237 3089 305 3132 nam
330 3068 387 3131 hoo
410 3069 454 3131 illi
479 3088 546 3132 curn
564 3055 616 3133 ’cis
646 3073 734 3134 etiam
760 3073 881 3140 metris,
906 3077 982 3152 quae
1010 3089 1117 3133 uersus
1146 3089 1205 3132 non
1230 3079 1313 3138 sunt.
1345 3083 1470 3152 apparet
1493 3091 1560 3135 csse

237 3160 406 3240 commuue.
444 3171 496 3234 setl
521 3174 616 3252 magis
634 3175 781 3236 iormasse
804 3195 819 3236 a
844 3176 996 3235 contrario
1022 3193 1131 3236 nomen
1156 3176 1317 3242 inuenitur,
1342 3185 1384 3246 nt,
1409 3177 1558 3256 quemad

237 3277 359 3339 modum
384 3279 572 3356 grammatici
597 3277 753 3358 deponens
777 3276 901 3339 rerbum
932 3277 1173 3358 appellaverunt,
1202 3277 1280 3358 quod
1306 3296 1321 3338 r
1343 3277 1473 3340 litteram
1498 3299 1560 3344 non

142 3433 144 3436 .
196 3385 223 3426 ’ὅ
237 3377 378 3460 deponat,
403 3376 487 3461 [sed]
505 3382 545 3440 ita
562 3381 641 3460 quod
659 3379 778 3443 duobus
794 3378 939 3441 membris
956 3383 1057 3451 conlit,
1081 3398 1211 3462 quornm
1229 3390 1369 3442 neutrum
1388 3384 1418 3441 in
1436 3383 1559 3446 alterius

236 3482 406 3560 tocoeatva
430 3481 497 3562 lege
520 3501 718 3557 numerorum
742 3485 945 3565 constituitur,
971 3481 1031 3566 [et]
1057 3489 1124 3562 quia
1149 3485 1223 3546 verti
1248 3503 1308 3545 non
1325 3494 1430 3562 potest,
1455 3504 1559 3548 versus

236 3597 368 3647 vocetur.
415 3585 502 3665 quotl,
519 3595 552 3648 ut
575 3581 764 3649 manifestius
787 3589 846 3658 bat,
872 3586 1059 3650 subiciamus
1082 3587 1229 3667 exempla.
1276 3589 1393 3649 ‘arina
1420 3591 1556 3650 virum·

236 3707 306 3767 que
336 3691 457 3756 cano’.
493 3708 565 3751 ecce
595 3708 653 3751 una
682 3708 752 3771 pars
782 3707 902 3751 versus:
932 3691 1085 3752 ‘Troiae
1114 3693 1179 3771 qui
1209 3691 1356 3769 primus
1385 3689 1429 3774 ab·
1450 3693 1555 3762 oris’,

235 3801 308 3852 ecce
330 3789 435 3878 altera.
475 3802 556 3855 uerte
580 3793 717 3856 ordinem
742 3803 772 3854 et
794 3796 957 3874 pronuntia
981 3793 1104 3854 ‘Troiae
1121 3795 1171 3873 qui
1188 3795 1310 3874 primus
1334 3791 1370 3853 ab
1395 3795 1457 3855 oris
1473 3813 1555 3856 arma

305 4019 337 4069 lb
349 3985 446 4068 'rursus
465 4041 497 4052 -
517 4017 551 4068 20
568 4032 663 4068 versus
684 4017 830 4066 nominatur
848 3989 986 4090 aelnpcrtin.
1004 4017 1037 4067 de
1055 4032 1115 4068 enno.
1139 4015 1182 4066 VI
1220 3977 1225 3986 -
1259 4018 1293 4068 10
1311 4015 1380 4067 unde
1398 4005 1506 4084 apparet
1523 4048 1557 4059 -

234 4106 268 4156 26
287 4119 378 4154 tersus
397 4115 504 4154 vocatur
522 4104 660 4184 Aupnstin.
680 4104 713 4154 de
730 4117 793 4152 mur.
815 4100 877 4152 Va

303 4314 319 4361 4
339 4312 363 4360 in
383 4327 430 4364 om.
449 4311 480 4363 P.
501 4303 565 4363 cdd}
584 4329 597 4362 o
685 4309 852 4360 nutarentur
869 4325 884 4360 o
904 4319 1007 4359 utentur
1026 4309 1050 4360 P
1140 4311 1289 4374 bsortarre
1307 4311 1332 4362 in
1351 4310 1486 4361 comoedia

234 4397 301 4450 bele
319 4395 441 4448 tribrachi
461 4395 525 4446 llum
537 4397 567 4457 P,
587 4397 619 4448 de
638 4395 758 4447 tribrachi
778 4405 840 4446 suut
858 4397 940 4446 edidit
961 4394 1169 4447 Vindoboncnrt's
1187 4399 1273 4447 editor
1345 4398 1375 4447 11
1395 4397 1461 4446 nltra
1480 4410 1555 4445 nnm-

233 4479 323 4551 quam]
345 4484 549 4546 necquicquam
568 4482 674 4533 ulterius
692 4493 785 4549 postea
805 4481 907 4532 Morino
929 4483 1079 4532 Victoriana
1095 4498 1122 4546 p.
1141 4483 1187 4544 83,
1205 4485 1240 4532 22
1347 4484 1377 4533 ts
1397 4483 1523 4533 minorem
1541 4499 1555 4532 a

231 4571 332 4622 minore
349 4571 376 4620 in
395 4569 421 4621 P
786 4609 791 4618 .

228 4657 232 4662 '
304 4658 329 4708 P
344 4657 431 4708 rodem
449 4655 586 4706 Parisinus
605 4658 675 4707 7530
714 4674 721 4686 ‘

304 4743 336 4794 13
355 4741 400 4793 ut:
419 4739 582 4794 lllll'TllblO
602 4739 693 4792 orm?
775 4738 1209 4792 idcoertollneeecundolocol'
1278 4741 1308 4790 l'l
1329 4739 1556 4790 rtorthabenturI’
1615 4805 1618 4810 ¹

288 4831 319 4880 19
337 4845 421 4895 genus
440 4845 487 4883 orn.
506 4827 538 4891 P,
556 4828 618 4878 add.
637 4827 795 4894 Anprntinur
837 4887 841 4896 ι
877 4828 911 4876 20
930 4827 1009 4876 uereri
1026 4827 1218 4900 nomineturl'
1234 4840 1336 4876 versum
1356 4826 1556 4876 nominaverunt

234 4915 412 4980 Augustinus-
464 4917 497 4966 ‘23
517 4927 544 4965 ut
561 4931 608 4966 om.
629 4914 662 4979 P,
681 4914 743 4966 add.
762 4913 922 4979 Anprrrtinue
992 4911 1126 4982 himma]
1151 4911 1387 4977 Verp..le'n.11
