3888 5550
666 351 1176 408 mmmmumrmmm
1413 359 1422 370 ·
1517 341 1580 407 mi

139 488 153 510 1
264 443 325 494 ΜΛ
338 441 366 486 V.

347 529 389 592 lie
411 529 575 612 spnlempsi
599 531 704 612 primu.
751 529 937 614 Syniempsis
952 534 1049 612 prima
1075 533 1116 604 iit,
1142 541 1210 594 curn
1228 532 1318 624 dictio
1334 534 1499 614 singularis
1521 533 1586 613 plu·

260 633 315 696 ruli
338 631 493 714 alligatur,
519 643 553 697 ut
575 637 679 715 ‘pars
702 639 741 698 in
764 636 882 699 inusto
905 636 1062 728 secant’.
1580 643 1584 650 '

347 753 389 816 lic
412 755 546 818 secunda
568 755 740 837 synlempsi.
788 757 926 820 Secunda
951 757 1129 838 spolempsis
1156 759 1306 820 contraria
1329 759 1376 830 iit,
1401 777 1470 822 oum
1494 757 1586 821 dictio
1686 805 1687 808 ,

259 856 383 939 pluralis
406 857 555 938 singulari
578 857 786 930 concluditur,
811 868 843 920 ιιι
867 843 947 921 ‘liic
969 857 1076 922 illius
1099 878 1215 930 arma,
1239 859 1301 922 hic
1324 879 1463 924 currus
1487 861 1585 925 iuii’.

236 987 249 1028 ⁶
346 977 390 1041 [ie
415 981 503 1043 tertio
527 978 703 1063 spulempsi.
749 978 937 1060 Spnlempsis
953 983 1042 1042 tertia
1066 983 1099 1044 dt
1121 978 1180 1042 hoc
1195 980 1300 1044 modo:
1325 980 1435 1065 plurali
1458 980 1504 1044 vel
1526 983 1588 1044 sin·

172 1163 176 1168 .
260 1080 357 1160 gulari
385 1079 510 1144 dictioni
540 1100 627 1146 casus
657 1085 847 1146 necessarius
880 1083 979 1164 primo
1009 1081 1195 1146 adtribuitur
1218 1107 1235 1145 ιι
1257 1084 1294 1147 ad
1324 1101 1413 1166 quam
1442 1085 1481 1148 sit
1510 1083 1587 1148 alter

260 1201 346 1245 casus
370 1187 544 1248 necessario
567 1185 773 1258 inducendus,
805 1196 835 1249 et
858 1205 919 1249 uon
943 1185 1128 1256 adnectitur,
1153 1193 1187 1248 ut
1210 1197 1255 1248 est
1277 1187 1307 1248 in
1331 1185 1441 1268 plurali
1464 1186 1588 1269 quidem

260 1305 389 1350 numero
411 1290 473 1362 sic,
1446 1275 1453 1292 '

419 1393 552 1476 aspice
575 1392 638 1456 bis
662 1411 777 1456 senos
800 1393 996 1456 laetantes
1018 1392 1162 1471 agmine
1186 1410 1338 1474 cycnos.

222 1505 249 1546 1⁰
419 1494 596 1559 aetheria
619 1515 713 1578 quos
736 1494 839 1579 lapsa
862 1494 973 1577 plaga
996 1493 1102 1558 lovis
1125 1493 1203 1558 ales
1226 1506 1361 1577 aperto

417 1595 596 1662 turbabat
619 1600 735 1663 caelo.

261 1700 319 1764 lruc
343 1719 439 1783 usque
461 1705 655 1766 necessarius
679 1711 725 1765 est
749 1720 836 1766 casus
858 1703 1011 1782 ‘cycnos’z
1036 1719 1105 1764 nam
1128 1698 1252 1774 innoc,

416 1813 455 1867 ut
476 1805 641 1869 reduces
664 1804 722 1868 illi
745 1803 880 1868 ludunt
902 1805 1162 1868 stridentibus
1185 1803 1272 1876 alis,

263 1909 373 1988 ‘cycni’
398 1911 590 1972 necessarius
606 1926 696 1972 casus
718 1927 779 1994 non
795 1907 941 1980 adicitur,
970 1907 1023 1970 sed
1047 1908 1160 1973 scilicit
1182 1916 1212 1970 et
1234 1907 1270 1970 od
1294 1907 1375 1972 lrunc
1398 1905 1587 1972 intellectum

223 2019 248 2060 1⁵
262 2013 465 2092 antepositum
488 2009 614 2075 verbum
637 2013 785 2094 ‘cycnos'.
831 2009 890 2074 tale
914 2021 959 2074 est
982 2005 988 2016 '

416 2116 558 2198 populo
582 2122 619 2176 ut
642 2113 844 2196 placerent
867 2133 957 2197 quas
980 2115 1142 2177 iecisset
1163 2111 1331 2190 fabulas}

262 2235 353 2298 supra
376 2221 458 2282 enim
482 2215 626 2281 ‘fabulae'
649 2217 839 2281 subauditur.
885 2218 922 2280 de
945 2215 1092 2298 singulari
1116 2235 1185 2279 vero
1208 2219 1263 2290 sic,

344 2402 352 2412 ⁸
418 2330 476 2386 cst
498 2321 589 2385 milri
612 2331 712 2394 nata,
737 2323 818 2386 niro
841 2322 970 2402 gentis
993 2337 1100 2400 quam
1122 2322 1286 2400 iungere
1309 2329 1486 2393 nostrae,

262 2425 293 2488 id
317 2434 364 2489 est
385 2433 499 2498 natam;
525 2435 555 2488 et
610 2414 617 2421 ’

223 2535 250 2575 ²⁰
418 2513 597 2592 invenies
619 2527 749 2601 alium,
773 2532 805 2592 si
829 2538 865 2592 te
888 2529 950 2592 irio
972 2522 1129 2591 lastidil'
1146 2526 1290 2592 Alexis:

263 2650 353 2714 supro
371 2633 513 2696 ‘Alexim’
530 2630 720 2696 subauditur.
768 2649 839 2712 ergo
855 2633 944 2694 tertia
960 2630 1142 2714 synlempsis
1157 2631 1190 2693 nt
1212 2629 1330 2695 duobus
1353 2629 1450 2694 modis
1472 2629 1510 2693 de
1534 2649 1590 2694 nu·

264 2753 347 2799 mero
371 2745 510 2817 utroque.

351 2855 393 2919 lie
417 2838 610 2932 anacolutho.
655 2853 864 2922 anacoluthon
896 2865 942 2920 est
971 2855 1063 2918 dictio
1095 2873 1154 2918 non
1184 2855 1298 2934 hahens
1329 2855 1418 2918 verba
1447 2855 1506 2918 sihi
1534 2874 1589 2918 ne·

264 2963 397 3022 cessario
420 2959 586 3040 iungendo,
618 2978 652 3022 ac
676 2961 702 3021 si
726 2957 873 3040 portamus
900 2959 1108 3040 ‘quamquam’
1132 2975 1188 3021 nec
1211 2958 1429 3039 subiungamus
1452 2960 1588 3028 ‘iamerr’,

225 3067 251 3107 ²⁵
265 3063 344 3144 quod
368 3062 492 3126 verbum
516 3064 689 3128 necessario
711 3061 955 3144 subiungendum
980 3069 1056 3126 est..
1081 3061 1161 3142 quod
1185 3079 1282 3141 genus
1310 3063 1424 3143 liguros
1447 3059 1588 3123 anacolu-

264 3165 337 3228 thon
359 3169 494 3250 primum
517 3176 653 3238 vocatur,
678 3179 711 3230 ut

419 3288 638 3353 quemquem
663 3273 812 3334 animus
835 3271 1057 3333 meminisse
1080 3267 1588 3349 lrorretluctuquerelugit,

288 3449 291 3458 Α
420 3375 619 3455 incipiam:

264 3491 324 3536 non
346 3473 448 3538 intulit
465 3479 601 3540 ‘tamen’.
649 3477 815 3541 secundum
838 3476 1040 3540 anacoluthon
1062 3479 1109 3548 iit,
1136 3496 1205 3540 cum
1222 3477 1347 3539 ‘tamen'
1365 3474 1587 3556 subiungimus,

229 3581 255 3621 ³⁰
272 3597 340 3640 curn
364 3597 424 3641 non
441 3578 709 3663 praeposuerimus
732 3583 949 3663 ‘quamquam',
973 3590 1006 3643 ut
1028 3581 1167 3644 ‘tamen
1190 3580 1281 3644 haec
1304 3597 1450 3662 quoque
1472 3569 1590 3660 siquis

229 3693 232 3698 '
265 3691 402 3765 captus
424 3701 554 3746 amore
576 3683 709 3764 leget’.
757 3687 878 3748 tertium
903 3684 1103 3747 anacoluthon
1128 3694 1181 3755 est,
1207 3702 1276 3747 cum
1300 3684 1408 3753 oratio,
1433 3683 1462 3743 in
1485 3700 1544 3762 qua
1560 3688 1591 3742 et

266 3786 471 3868 ‘quamquam’
505 3795 534 3850 et
568 3789 694 3850 ‘tamen’
728 3789 897 3852 necessaria
929 3789 990 3850 sint
1016 3787 1076 3850 duo
1106 3785 1211 3859 rerba,
1253 3784 1369 3850 nullum
1404 3783 1525 3855 habeat,
1557 3792 1591 3845 ut

333 4081 350 4130 2
368 4076 442 4148 pars]
465 4078 544 4147 Verp.
566 4079 631 4130 Aen
651 4078 668 4130 1
686 4081 738 4130 212
826 4081 851 4132 in
872 4097 919 4134 ont.
933 4081 959 4133 B
1046 4075 1220 4148 econtrario]
1241 4080 1398 4131 ‘addendam
1416 4079 1517 4130 uidetur
1535 4076 1589 4145 pri·

264 4168 332 4216 nme’
351 4165 437 4219 editor
459 4165 675 4222 Vindobonenaie‚
708 4168 797 4232 potius
818 4167 979 4219 reodiendum
1006 4175 1067 4218 erat
1083 4181 1150 4230 quae
1175 4176 1214 4216 est
1232 4167 1361 4216 contraria
1378 4164 1486 4230 primae.
1522 4179 1589 4214 one

265 4252 396 4302 conluuio
416 4251 445 4303 iit
462 4253 502 4304 oel
520 4261 609 4302 contra
629 4250 675 4301 dt?
746 4253 772 4309 ‚4
790 4251 832 4302 hic
851 4250 934 4320 illius]
958 4254 1036 4320 Verp.
1058 4253 1125 4306 Aen.
1146 4251 1163 4302 1
1183 4253 1215 4302 16
1284 4251 1300 4301 6
1318 4250 1351 4301 ad
1370 4265 1446 4314 quern
1465 4265 1534 4303 corr.
1555 4247 1587 4298 ud

265 4351 342 4399 quam
361 4337 396 4388 B.
434 4339 527 4390 torona
550 4353 624 4405 queem
646 4339 758 4390 indicavi
777 4338 842 4390 doec
862 4339 923 4402 fere
941 4341 1112 4403 exciderunt,
1134 4337 1227 4388 deinde
1250 4336 1303 4387 alin
1320 4337 1398 4386 dictio
1416 4336 1520 4387 additur

261 4419 281 4472 ’9
293 4424 393 4490 aspice]
411 4424 491 4489 Verp.
506 4425 572 4475 Aen.
586 4422 603 4473 1
617 4426 671 4476 393
683 4439 741 4490 epp.
796 4424 1034 4476 14nonaienur13
1087 4426 1119 4475 16
1138 4419 1249 4490 populo]
1268 4422 1371 4474 Terent.
1383 4424 1470 4475 Andr.
1486 4424 1556 4488 prol.
1572 4423 1589 4471 3

317 4507 637 4576 placerentoplaceretB
724 4510 755 4560 17
775 4509 876 4560 iabulae
895 4529 909 4562 u
928 4509 1053 4560 isbulaB
1142 4511 1174 4560 18
1193 4521 1232 4558 est
1250 4505 1325 4572 milri]
1351 4507 1430 4573 Verp.
1444 4507 1513 4557 Aen.
1529 4504 1590 4556 VII

267 4595 318 4645 2⁶8
423 4596 531 4662 iungere
550 4595 587 4644 rei
607 4603 709 4644 nostroe
726 4592 753 4643 B
856 4597 890 4647 ‘20
909 4591 1038 4662 invenies]
1062 4595 1140 4658 Vera.
1160 4593 1241 4646 bucol.
1262 4596 1286 4650 2,
1307 4595 1342 4644 73
1447 4584 1544 4659 teloio]
1564 4601 1590 4640 te

266 4677 335 4730 icB
422 4681 457 4733 23
479 4675 705 4746 lieanecolutho]
730 4679 762 4729 de
785 4679 958 4730 anacoluthon
983 4678 1009 4730 B
1096 4675 1205 4746 ilneo]
1227 4689 1251 4727 et
1270 4675 1295 4726 B
1314 4688 1338 4728 et
1357 4691 1441 4728 nono
1527 4676 1590 4727 sub-

266 4763 405 4830 lungomus
424 4784 439 4819 o
457 4767 610 4834 subigamus
623 4765 650 4816 B
719 4766 753 4817 25
772 4767 922 4816 necessario
942 4765 1103 4831 iungendum
1116 4775 1154 4814 est
1167 4763 1193 4814 B
1262 4767 1295 4816 27
1314 4757 1486 4832 quemqnam]
1510 4763 1589 4840 Verp3

266 4851 334 4931 alen.
355 4850 443 4902 1112
513 4855 546 4904 29
567 4868 617 4904 non
638 4853 694 4902 tulit
712 4850 738 4901 B
807 4853 840 4904 so
859 4863 943 4902 tamen
963 4851 1038 4912 hoec]
1061 4851 1141 4916 Verp.
1160 4849 1241 4906 bucol.
1261 4853 1321 4914 ⁶2⁹

318 4961 472 4994 ommes
484 4961 569 4994 urm
580 4962 613 4998 π.
1388 4938 1422 4989 30
