3888 5550
969 359 1187 410 TERENTIAM

673 535 713 596 sit
737 533 912 614 {coriambus
935 553 1001 614 ogo
1023 544 1076 599 aut
1098 535 1206 600 modo
1230 537 1275 600 vel
1292 548 1396 620 puto,
1422 556 1511 619 quum
1528 539 1669 603 dabimus
1684 541 1735 612 sic,

674 639 736 716 qui
759 639 903 718 primus
926 638 969 700 ab
992 642 1070 702 oris
1093 657 1159 721 ego
1183 644 1245 723 qui
1270 645 1415 722 primus
1438 641 1482 705 ab
1505 645 1607 714 oris,
1686 644 1689 650 '

673 739 757 805 dum
780 742 966 806 conderet
990 743 1115 807 urbem
1146 745 1250 808 modo
1273 745 1353 808 dum
1385 745 1569 808 conderet
1592 745 1734 820 urbem,

607 847 724 908 eouslc
747 863 859 910 orsus
882 845 925 910 ab
949 846 1025 910 alto
1048 857 1137 931 puto
1160 851 1214 911 sic
1237 867 1352 913 orsus
1375 848 1420 912 ab
1443 847 1529 911 alto.

672 953 732 1014 iam
756 969 848 1032 porro
871 960 966 1022 tenes.
991 953 1070 1032 quod
1095 952 1151 1016 tibi
1175 953 1243 1016 dico
1268 951 1315 1016 bis
1337 953 1508 1024 locandum,

673 1073 732 1116 non
756 1053 847 1117 rerba
872 1054 978 1118 eadem
1001 1056 1118 1127 dicere,
1144 1057 1197 1120 sed
1221 1055 1317 1136 pedes
1340 1055 1473 1119 eosdem.

670 1166 733 1220 tres
755 1177 829 1239 ergo
851 1158 945 1241 pedes
967 1161 1118 1241 perspicis
1140 1164 1172 1224 in
1195 1168 1344 1223 cornmate
1366 1161 1479 1242 primo:

672 1262 829 1344 spondeon
853 1266 932 1326 enirn
956 1263 1154 1344 subsequitur
1177 1283 1231 1346 pes
1255 1263 1442 1347 pariambus,

557 1346 564 1360 ⁸
606 1377 658 1420 ²⁰2⁰
672 1365 823 1448 spondeos
847 1367 917 1431 item
941 1365 1075 1430 clausula
1098 1369 1131 1431 iit
1153 1371 1311 1432 commatis
1335 1367 1433 1430 buius.

670 1469 745 1532 baec
768 1473 795 1532 si
817 1480 958 1552 repetens
982 1469 1050 1533 talia
1074 1471 1139 1534 cola
1164 1471 1331 1554 copulabis,

669 1573 823 1655 spondeus
846 1575 904 1636 erit
928 1575 1049 1646 tertius,
1073 1575 1152 1638 idern
1177 1594 1298 1659 quoque
1322 1583 1457 1656 quartus,

670 1677 750 1739 ‹lurn
774 1675 961 1740 conderet
982 1675 1127 1749 urbem,
1152 1678 1234 1740 durn
1259 1677 1441 1744 conderet
1463 1676 1602 1741 urbem.

670 1781 770 1844 cernis
793 1782 907 1862 pariter
930 1789 1072 1860 quattuor
1095 1781 1243 1845 absonare
1266 1779 1386 1862 longas:

605 1895 657 1938 202⁵
671 1883 724 1946 bas
747 1885 772 1946 sl
796 1885 920 1947 veniens
942 1885 973 1946 ln
996 1885 1129 1948 medium
1153 1903 1206 1967 pes
1229 1884 1404 1967 pariambus

669 1987 874 2060 discriminet,
898 1991 980 2069 ipsas
1004 1988 1078 2070 liget
1101 2005 1137 2050 ex
1160 2007 1193 2052 se
1217 1995 1318 2052 tamen
1341 1986 1455 2058 ambas,

669 2109 728 2153 non
752 2091 802 2154 bic
826 2093 885 2154 erit
907 2093 1094 2155 extrinsecus
1117 2094 1277 2154 intersitus
1298 2092 1368 2164 illis,

668 2193 720 2256 sed
745 2196 795 2276 qui
819 2195 933 2258 medius
956 2197 1015 2256 ianr
1038 2194 1124 2258 sedet
1146 2198 1176 2258 iu
1199 2203 1348 2258 commate
1372 2199 1482 2276 prinro.

668 2297 750 2360 durn
774 2299 955 2360 conderet
979 2296 1124 2361 urbem:
1149 2298 1266 2361 medius
1289 2299 1321 2362 lit
1344 2299 1526 2380 pariambus,

602 2413 654 2458 aoso
668 2405 777 2482 tlatque
801 2419 927 2464 necesse
951 2409 996 2464 est
1019 2403 1127 2464 lterum
1151 2411 1301 2465 commate
1324 2403 1438 2466 iuncto.

667 2523 739 2584 ergo
762 2507 795 2566 in
818 2505 952 2568 medium
975 2507 1034 2568 rite
1057 2506 1144 2568 datus
1167 2503 1232 2568 cola
1256 2504 1376 2586 ligabit:

666 2625 797 2691 namque
821 2609 914 2671 eillcit
938 2618 971 2672 ut
993 2627 1069 2691 quae
1092 2606 1182 2672 modo
1205 2607 1268 2672 sola
1292 2607 1491 2682 dissidebant,

666 2710 782 2774 alterna
805 2711 895 2775 simul
917 2721 1054 2794 tempora
1077 2712 1150 2775 dent
1173 2710 1242 2774 bina
1266 2713 1429 2794 quaternis.

666 2831 746 2876 nuno
770 2813 862 2877 redde
886 2815 975 2886 mibi,
998 2815 1078 2895 quod
1102 2815 1168 2878 volo
1192 2825 1222 2878 te
1244 2823 1350 2879 tenere
1373 2831 1504 2894 semper,

600 2929 651 2974 acas
666 2918 786 2996 longam
810 2922 841 2981 iu
865 2921 1001 2998 genuinas
1024 2937 1115 3000 saepe
1139 2919 1246 2982 breves
1268 2917 1367 2981 solere
1389 2917 1478 2980 solvi:

666 3039 735 3083 nam
759 3039 849 3102 saepe
873 3023 954 3086 cadit
977 3021 1110 3104 dactylus
1133 3023 1196 3094 bic,
1221 3041 1311 3104 saepe
1335 3031 1525 3103 anapaestus,

666 3133 698 3186 ut
721 3127 871 3207 posterior
893 3125 1006 3207 syllaba
1030 3125 1075 3189 vel
1098 3129 1182 3208 prior
1205 3125 1303 3190 seluta
1326 3137 1381 3189 est.

665 3228 744 3290 cedit
766 3246 888 3310 quoque
912 3229 957 3290 rel
981 3227 1070 3311 longa
1094 3229 1178 3292 brevi
1201 3229 1339 3294 brevisve
1363 3227 1484 3309 longae:

665 3349 734 3393 nam
759 3349 836 3410 (puae
860 3331 973 3396 vicibus
995 3343 1131 3414 tempora
1157 3333 1361 3404 commodant,
1386 3341 1552 3404 resumunt,

599 3437 851 3517 potuissentque
875 3436 1036 3500 troobacos
1058 3439 1124 3500 sine
1148 3436 1254 3498 iraude
1277 3454 1366 3516 saepe
1391 3434 1520 3516 pluresa¹

664 3538 821 3618 spondeon
846 3541 926 3602 enlm
951 3539 1010 3601 duo
1035 3541 1150 3602 iaciunt
1173 3549 1203 3602 et
1227 3538 1426 3621 pariambum.

664 3661 813 3723 versoque
836 3641 951 3705 dabunt
973 3643 1078 3704 online
1103 3655 1133 3706 et
1155 3644 1186 3705 bi
1209 3644 1284 3706 duos
1308 3641 1476 3706 trochaeos.

665 3764 720 3807 nec
745 3757 807 3808 tres
831 3747 934 3818 modo,
959 3745 1011 3809 sed
1035 3750 1169 3830 quinque
1193 3749 1282 3809 etiarn
1307 3745 1423 3809 videbis
1446 3765 1523 3808 esse.

665 3847 742 3910 dabo
766 3847 945 3920 versiculos,
971 3869 1031 3932 quo
1055 3849 1108 3911 tibi
1132 3869 1181 3911 res
1204 3852 1299 3930 magis
1323 3849 1477 3930 probetur,

599 3951 809 4014 aoc‘rrrbern
836 3961 984 4014 tenuent
1010 3953 1139 4015 iuvent
1163 3971 1271 4032 opum
1297 3932 1570 4033 bebignitate',

665 4053 826 4117 ‘bostem
851 4067 982 4135 tegere
1007 4066 1061 4118 cst
1084 4065 1235 4136 paratus
1259 4066 1295 4118 et
1318 4067 1394 4118 stat
1418 4059 1502 4138 ipso
1526 4055 1673 4120 nutius’.
1714 4093 1719 4104 ·

664 4168 710 4219 cst
732 4175 810 4220 unus
833 4161 883 4222 lon
907 4161 955 4222 bic
980 4160 1067 4222 tlattrs
1090 4171 1119 4223 et
1142 4162 1276 4241 ‹puinque
1302 4160 1443 4230 lrocbaei,

665 4260 710 4321 rel
734 4269 876 4339 quattuor
900 4263 1017 4332 insunt.
1041 4266 1184 4344 ‹peroniam
1208 4281 1349 4343 suprema
1374 4283 1493 4346 scrnpcr

664 4371 694 4424 ct
717 4362 804 4444 longa
829 4365 912 4427 brori
937 4368 1086 4428 sulbcitur
1109 4367 1268 4450 brevisque
1293 4365 1409 4446 longae.

474 4518 541 4567 :3046
561 4516 632 4568 Mar.
658 4519 759 4570 Victor.
780 4521 861 4578 Olbia*

404 4603 611 4613 ...n——

473 4640 540 4690 2012
559 4639 593 4688 sit
612 4639 760 4704 parionibus
775 4639 913 4692 Sortientes
927 4639 955 4691 Si
968 4643 1119 4708 pariambus
1133 4643 1178 4692 M:
1200 4641 1268 4692 binc.
1287 4642 1386 4693 Victor.
1400 4659 1427 4708 p.
1440 4645 1498 4699 128,
1514 4645 1548 4694 29
1567 4653 1594 4692 ut
1612 4653 1674 4708 puta
1691 4643 1724 4694 sit

404 4725 505 4774 medius
525 4725 674 4788 pariambus
694 4741 742 4792 ego
815 4729 882 4778 abab
901 4727 963 4793 liget
978 4729 1156 4780 Locbmcnnus
1175 4728 1232 4778 licet
1246 4727 1276 4777 M
1346 4731 1413 4780 ‘2032
1431 4726 1497 4794 solu]
1517 4729 1573 4780 cola
1586 4728 1724 4780 Brlaaueua

439 4811 507 4862 2038
527 4810 647 4862 brettisue
666 4811 760 4877 longae
774 4812 913 4862 Scutarios
933 4815 1070 4878 brenisqne
1090 4815 1184 4880 longae
1198 4814 1241 4865 M:
1261 4815 1296 4878 cs.
1315 4833 1339 4865 o.
1358 4817 1427 4865 2049
1497 4815 1565 4866 2049
1583 4814 1654 4864 breui
1672 4813 1722 4865 stri·

404 4893 488 4944 licitur
510 4895 648 4948 Brissaeus
667 4897 752 4946 breuis
772 4897 900 4946 subicitur
920 4899 949 4948 ,ll
