3874 5556
816 1097 891 1244 nn
924 1140 1196 1246 sunonem

534 1393 715 1512 Syllabas,
740 1429 898 1507 quaerite
922 1439 1021 1491 metro
1045 1436 1218 1510 congruunt
1239 1427 1376 1500 heroico,

498 1551 537 1593 sse
551 1541 656 1615 captus
679 1541 713 1594 ut
734 1551 821 1595 meus
843 1531 974 1604 ferebat,
999 1531 1168 1614 disputatas
1190 1530 1276 1594 attuli

549 1635 703 1707 versibus,
728 1634 985 1698 sanemodorum
1009 1651 1068 1714 quo
1091 1653 1201 1698 sonoro
1224 1635 1330 1700 levitas
1405 1715 1408 1720 ἱ

551 1739 653 1802 addita
676 1735 738 1801 stili
761 1736 875 1800 levarel
897 1739 1040 1801 siccioris
1059 1737 1200 1803 taedium.

549 1842 625 1905 baec
649 1845 751 1924 prius,
774 1841 897 1904 Bassine
921 1841 964 1903 lili
987 1849 1017 1903 et
1041 1850 1072 1904 lu
1095 1860 1191 1923 gener
1214 1842 1327 1922 Novate
1350 1841 1402 1920 mi,
1486 1925 1487 1928 Ἴ

550 1944 717 2028 perpolite,
740 1961 830 2027 quam
852 1946 993 2027 potestis,
1017 1943 1176 2008 crebriore
1199 1944 1313 2008 limula.

499 2067 612 2112 neiron
637 2057 724 2130 pater
748 2055 899 2130 tamquam
922 2065 1087 2131 socerque,
1113 2048 1167 2113 sed
1192 2049 1271 2113 velut
1296 2051 1354 2114 sim
1378 2049 1537 2121 extrarius,
1587 2068 1589 2072 ·

551 2153 663 2215 intueri
687 2171 739 2214 ves
761 2160 898 2233 oportet,
923 2169 961 2214 an
984 2153 1058 2214 satis
1079 2153 1118 2214 sit
1140 2150 1254 2216 litteris

550 2253 677 2336 siugulis
699 2254 831 2318 discreta
855 2262 954 2327 recte,
978 2271 1055 2336 quae
1076 2255 1128 2317 cui
1152 2263 1212 2328 est,
1237 2256 1394 2327 nativitas,

551 2357 749 2442 syllabarum,
774 2374 849 2437 quas
872 2355 989 2420 duabus
1011 2347 1164 2437 iungimus
1186 2357 1348 2430 vocalibus,

553 2481 626 2526 num
650 2461 750 2524 minus
772 2463 813 2524 sit
835 2458 1013 2540 scrupulose
1036 2461 1081 2523 vis
1104 2469 1225 2544 reperta
1249 2471 1279 2524 el
1301 2459 1435 2543 prodita;

462 2580 469 2591 ·
501 2581 724 2628 naconsonaos
748 2565 773 2626 si
796 2563 989 2646 praelocutor
1012 2583 1087 2636 una,
1112 2574 1256 2647 quantum
1280 2563 1412 2636 diflerat,
1496 2559 1498 2562 ’

553 2686 611 2732 una
635 2665 747 2730 vocalis
770 2666 886 2730 duabus
909 2667 1044 2748 praedita
1067 2676 1115 2730 est
1136 2669 1162 2731 si
1184 2670 1343 2738 consonis:

553 2790 591 2835 ne
614 2788 722 2850 parum
747 2772 792 2834 vel
815 2769 976 2850 diligenter
1000 2769 1137 2834 lucideve
1160 2773 1372 2854 expresserim,

554 2883 673 2956 quanta
690 2875 730 2937 sit
752 2891 828 2955 quae
851 2855 1048 2954 comparatur:
1071 2873 1201 2955 pedibus
1225 2873 1490 2950 bincdirersitas.

552 2994 654 3039 sermo
677 2977 702 3038 si
726 2974 834 3059 planus
856 2974 991 3057 pedestri
1014 2994 1046 3038 se
1070 2985 1154 3040 leuet
1177 2978 1334 3050 modestia,
1397 2987 1400 2992 “

459 3067 461 3073 ’
502 3097 541 3139 uss
555 3079 728 3161 disputandi
752 3097 840 3161 quern
866 3086 1003 3142 tenorem
1026 3079 1178 3143 doctiores
1201 3085 1368 3162 imperant;

557 3182 646 3247 rerba
669 3185 694 3244 si
719 3200 779 3244 non
803 3182 935 3263 appetita
959 3201 1015 3244 uec
1038 3191 1152 3245 remota
1175 3182 1322 3267 plurimis,

499 3329 503 3334 -
556 3285 607 3350 sed
631 3287 695 3349 iere
719 3286 888 3348 communis
912 3303 984 3349 usus
1007 3294 1037 3348 et
1060 3295 1160 3350 lamen
1184 3306 1245 3350 non
1268 3287 1364 3360 obuia,

557 3391 702 3453 carminis
724 3397 845 3452 serrant
868 3388 1031 3469 honorem,
1057 3408 1115 3452 non
1139 3391 1265 3453 iacentis
1288 3392 1400 3454 cantici

522 3533 527 3538 -
557 3512 617 3574 qim
641 3491 835 3574 supersidens
858 3498 976 3574 trapeta
996 3493 1081 3574 signa
1104 3495 1188 3576 gyris
1212 3501 1362 3575 temperat

504 3613 543 3654 seo
559 3595 680 3676 (sullicit
703 3597 795 3658 vilare
818 3594 902 3658 labes
925 3603 956 3658 et
978 3615 1082 3660 carere
1106 3596 1257 3669 sordibus,

559 3718 614 3778 pro
637 3707 715 3761 statu
738 3695 841 3761 rerum
866 3697 991 3761 domare
1015 3698 1125 3763 lineam
1148 3700 1231 3762 landi
1257 3718 1371 3783 parem,

558 3801 687 3866 liberam
710 3799 833 3865 sclrolae
857 3805 973 3871 nitore,
998 3803 1071 3865 vatis
1095 3810 1215 3866 exutam
1239 3803 1324 3876 stola,

351 3946 557 3959 ...ι-...αν-

290 3995 302 4032 ·-
360 4017 362 4022 -
421 3997 471 4048 esa
490 3995 575 4046 rrae.
593 3998 611 4046 a.
635 3991 695 4043 νη
711 4007 737 4058 ρ.
758 3993 875 4058 acam
893 3991 1064 4043 Terentianus
1083 3967 1115 4042 a}
1134 3991 1241 4058 syllabis
1261 3985 1328 4044 uses
1346 4009 1404 4062 sqq.
1475 3994 1526 4046 sss
1546 3991 1621 4046 sm.
1646 3995 1671 4044 n

288 4147 291 4150 ,
353 4078 667 4151 Verp.aeorp.11519

353 4203 558 4218 *-

211 4333 214 4340 Ι
314 4285 318 4288 ·
421 4273 472 4323 279
490 4272 546 4322 siue
568 4271 752 4335 inscriptione,
775 4270 824 4320 secl
844 4269 942 4319 maiore
965 4271 1052 4334 spatio
1074 4273 1145 4321 iuter
1162 4271 1228 4321 lunc
1245 4286 1344 4322 uersum
1367 4278 1393 4321 et
1412 4271 1612 4337 praecedentem
1629 4286 1673 4322 re-

353 4363 412 4412 licto
438 4351 1089 4422 ai,TElrnNr1sN1llsvulussinuanis
1116 4355 1255 4407 CARllEN
1276 4353 1495 4408 Tuocdsicvm
1517 4355 1638 4422 dilapidas

352 4445 403 4498 283
422 4443 486 4495 llaec
500 4445 572 4510 prius
592 4453 619 4494 tu
631 4439 741 4492 Bussine
756 4441 905 4492 Priscianus
924 4445 941 4496 l,
964 4439 1023 4491 VII
1041 4458 1067 4507 p.
1087 4445 1147 4504 305,
1166 4445 1200 4494 15
1253 4441 1353 4492 Nouate
1371 4443 1405 4492 mi
1424 4439 1590 4497 §Nouatemi
1609 4441 1641 4493 M

235 4571 239 4576 .
353 4530 406 4582 284
428 4545 480 4594 qun
503 4529 613 4598 potestis
637 4529 817 4580 Laedurauous
887 4527 936 4580 287
960 4539 1029 4592 quoe
1051 4531 1092 4580 cui
1117 4539 1155 4579 est
1173 4529 1257 4580 Aldus
1279 4529 1340 4583 inst,
1361 4543 1467 4592 mamm,
1483 4545 1512 4594 p.
1532 4531 1584 4580 379
1608 4545 1675 4593 quae
1696 4571 1698 4574 .

355 4619 449 4680 cuique
467 4627 507 4668 est
526 4617 557 4668 ,ll
626 4617 676 4668 ibit
696 4629 761 4680 quos
780 4629 859 4680 super
877 4614 948 4665 sides
967 4626 1067 4681 crepero
1086 4616 1172 4666 eadere
1194 4615 1335 4666 Vaticanus
1354 4615 1427 4666 ³317
1445 4613 1530 4667 Seruii
1546 4617 1573 4666 in
1594 4616 1674 4684 Vera.

131 4691 136 4698 ’
238 4713 242 4720 ·
356 4718 445 4771 peorp.
463 4701 496 4754 II
516 4706 566 4754 519
589 4717 657 4766 qnos
676 4716 756 4768 super
778 4701 895 4752 insidens
918 4713 1034 4768 trapetas
1053 4703 1180 4754 editiones
1198 4699 1284 4753 Seruii
1305 4707 1331 4752 et
1348 4701 1435 4752 codex
1453 4701 1589 4752 Parisinus
1607 4704 1684 4776 ⁷⁹⁵⁹,

309 4783 312 4790 ’
426 4789 474 4844 aot
495 4785 612 4856 domare]
634 4788 788 4858 ‘requiritur
807 4791 904 4836 tenere’
923 4787 1104 4839 Laaburanuus
