3866 5562
338 363 405 431 530
729 429 731 434 ,
753 379 857 430 maan
879 380 1002 430 annau
1025 367 1253 432 sacaanoms'

340 478 362 519 p.
376 469 436 510 ibib.
452 467 478 511 50
492 465 515 512 P.
854 478 857 483 ·

496 537 579 620 arma
603 557 692 632 lone,
717 557 789 620 date
808 555 866 619 tela
891 555 995 620 calata.
1105 543 1107 548 ¹
1218 535 1220 543 ’

340 742 344 750 1
385 731 386 734 ¹
426 659 468 723 lle
492 661 630 723 trimetro
652 658 914 743 brachycatalecto
937 663 1043 725 coiuro
1059 659 1164 724 chorio
1188 660 1437 742 palintrochaico.
1453 665 1458 672 '
1475 661 1659 724 Trimetrum

341 762 634 846 brachycatalectum
659 762 797 827 colurum
815 763 953 826 chorium
969 762 1239 846 palintrochaicum
1264 768 1306 836 ut,
1329 783 1397 826 curn
1420 765 1552 846 quinque
1568 765 1661 844 pedes

340 865 487 946 trochaici
511 869 604 939 metri,
622 875 785 950 ponantur,
809 867 954 931 debentes
977 885 1043 930 esse
1066 887 1130 940 sex,
1155 879 1188 931 ut
1210 871 1248 932 sil
1265 871 1438 932 trimetrum
1453 867 1658 937 acatalectum,
1718 927 1735 946 ,,

494 972 655 1042 immemor
678 974 772 1035 struis
795 971 901 1034 domos
924 991 1054 1035 severas.
1274 955 1275 960 ἵ
1442 1039 1446 1052 ‚
1668 986 1682 1028 ⁵
1760 979 1763 984 '

335 1085 340 1096 “
428 1073 471 1134 lle
495 1067 673 1137 tetrametro
696 1074 881 1140 catalectico.
927 1065 1150 1140 Tetrametrum
1174 1075 1383 1139 catalecticum
1407 1074 1592 1138 trochaicum
1616 1076 1656 1145 lit,

226 1184 265 1236 2-
339 1193 408 1238 cum
432 1185 548 1258 septem
574 1177 666 1259 perles
689 1177 834 1242 trochaici
857 1183 947 1242 metri
970 1189 1123 1260 ponuntur
1146 1165 1181 1241 et'
1198 1177 1322 1260 syllaba,
1426 1167 1428 1172 ’

456 1322 458 1326 -
495 1298 556 1344 non
579 1281 657 1346 ebur
680 1300 738 1346 nec
760 1301 868 1346 aureas
891 1281 993 1368 trahes
1015 1280 1179 1343 Laconicas
1203 1281 1287 1343 mibi.

426 1381 469 1445 lle
496 1393 674 1471 tetrametro
704 1385 808 1449 coluro
835 1387 1100 1465 brachycatalecto
1127 1384 1293 1448 trochaico.
1343 1385 1565 1448 'iutrametrum
1596 1393 1656 1446 tro·

141 1494 167 1522 ·'
224 1523 228 1535 ,
341 1486 479 1550 chalcum
504 1487 641 1551 colurum
666 1488 960 1572 brachycatalectum
984 1487 1098 1552 tit.hoc
1122 1487 1221 1561 modo,
1251 1505 1319 1550 cum
1346 1497 1463 1570 septem
1487 1488 1580 1568 pedes
1602 1486 1655 1550 soli
1671 1503 1696 1543 n

339 1589 485 1654 trochaici
509 1595 599 1654 metri
621 1603 786 1674 ponuntur.
811 1612 879 1655 cum
904 1593 1034 1655 debeant
1057 1595 1130 1675 poni
1153 1601 1231 1662 octo,

494 1693 543 1756 hic
565 1695 730 1776 superbum
755 1694 913 1759 Tantalum
937 1697 1091 1759 convivam
1117 1695 1196 1758 loris
1218 1695 1279 1758 alti.

425 1797 496 1860 husi
519 1805 591 1859 sunt
606 1797 727 1880 quidam
752 1799 899 1862 excedere
916 1807 1091 1863 tetrametra
1115 1788 1266 1862 tiocbaica
1283 1807 1313 1862 et
1335 1806 1522 1880 pentametro
1545 1801 1657 1868 lacere,

337 1898 374 1961 da
398 1900 507 1981 quibus
531 1919 587 1982 per
610 1901 746 1984 exempla
771 1910 943 1966 tractemus.
963 1900 974 1985 ΙΙ
1044 1891 1048 1898 ’
1201 1891 1204 1896 ’
1343 1979 1346 1985 ¹
1653 1951 1657 1958 .

293 2031 297 2040 ·
357 2071 360 2078 ,
424 2003 467 2087 lle
490 2013 679 2085 pentametro
703 2005 877 2070 catalectico
900 2005 1064 2068 trochaico.
1118 2005 1346 2069 Pentametrum
1376 2002 1582 2069 catalecticum
1610 2005 1651 2072 lit
1670 2019 1695 2060 u

228 2147 231 2154 ·
337 2123 406 2168 cum
430 2105 563 2193 uorem!
583 2100 677 2191 perles
700 2109 837 2192 disyllabi
860 2101 1007 2173 trochaici
1029 2120 1184 2191 ponuntur
1208 2118 1238 2172 et
1260 2127 1319 2172 una
1342 2107 1466 2192 syllaba,

440 2291 444 2298 .
493 2213 668 2275 continente
695 2215 759 2294 ripa
785 2211 856 2300 uniri
880 2213 960 2296 quod
984 2209 1078 2305 usque
1105 2215 1276 2292 proximum
1300 2211 1421 2276 revellis
1436 2229 1541 2293 agrum
1564 2209 1655 2274 hunc.

231 2376 237 2387 ,
305 2337 314 2372 ·.
424 2311 467 2374 ile
483 2313 673 2395 pentametro
689 2314 794 2378 coluro
811 2313 1095 2397 brachycatalecto„
1113 2317 1339 2378 pentametrum
1364 2311 1655 2396 brachycatalectum

221 2399 225 2404 ’
275 2441 278 2448 .
336 2412 475 2478 colurum
510 2419 541 2478 ht
576 2436 681 2480 uorem
710 2421 837 2499 integris
868 2419 973 2500 positis
999 2417 1130 2500 pedibus
1157 2417 1327 2481 trochaicis.
1378 2421 1409 2481 in
1438 2419 1541 2481 coluro
1574 2401 1654 2480 enim

218 2503 242 2564 ',
333 2535 456 2597 semper
480 2518 556 2581 duae
578 2519 710 2601 syllabae
734 2522 843 2584 desunt
867 2531 899 2584 ut
922 2524 961 2583 sit
984 2531 1112 2585 metrum
1136 2521 1333 2584 acatalectum
1356 2523 1519 2600 integrum,
1668 2532 1695 2573 ³⁰

487 2623 520 2684 in
544 2625 614 2686 sinu
637 2625 740 2687 loreas
763 2624 835 2687 deos
859 2633 889 2687 et
912 2641 988 2700 uror
1012 2633 1042 2687 et
1065 2626 1108 2686 ur
1129 2623 1328 2706 sordidasque
1352 2625 1452 2686 restis.

425 2723 490 2788 lloc
513 2734 615 2789 tamen
637 2715 785 2800 notemus,
809 2727 890 2810 quod
915 2745 972 2790 uua
990 2726 1051 2790 sola
1076 2729 1195 2810 species
1211 2729 1242 2789 in
1266 2725 1420 2790 trochaico
1437 2736 1534 2789 metro
1557 2736 1657 2789 acata-

1490 481 1510 522 ρ.
1524 471 1569 511 280.
1584 469 1622 510 281
1637 463 1663 510 G.

13 2846 26 2882 u
220 2817 227 2887 s
334 2824 411 2889 lecta
434 2831 598 2910 reperitur.
624 2830 749 2894 dimetro
782 2832 985 2902 anacreontia,
1016 2831 1053 2892 de
1076 2849 1134 2912 qua
1155 2831 1254 2912 prima
1277 2833 1378 2912 specie
1405 2848 1497 2914 supra
1519 2832 1654 2894 tractari.

7 2921 10 2930 ’
334 2936 453 2992 ceterae
469 3003 472 3008 ,
488 2927 540 2994 aut
570 2931 761 2998 catalecticae
793 2943 864 2996 sunt
895 2943 946 2998 aut
969 2929 1365 3028 brachycatalectaetx‘nam
1395 2931 1654 3016 hypercatalectae

332 3031 432 3095 nullae
454 3040 535 3098 sunt.
745 3061 747 3066 v
875 3074 878 3079 ι
968 3065 971 3074 ,
1667 3047 1693 3090 as

333 3171 374 3222 cd.
393 3171 509 3224 Meinel.
526 3190 553 3240 ρ,
567 3175 628 3234 131,
645 3181 716 3241 poet.
735 3177 785 3240 ipr.
804 3177 845 3230 cci.
865 3174 955 3242 Berplr
966 3193 993 3242 p.
1008 3179 1058 3227 777
1070 3177 1111 3228 eri.
1126 3173 1199 3240 tert.)
1218 3175 1369 3227 condebito
1383 3179 1471 3242 quina
1481 3175 1665 3240 pronuntiata·

277 3288 283 3294 -
329 3257 407 3320 piatur
425 3259 467 3313 rit.
502 3252 535 3310 ol
552 3252 589 3324 δὴ
608 3257 678 3313 lieni
697 3251 823 3313 τᾶποινα
845 3255 986 3328 Ταντάλῳ
1006 3255 1108 3323 δόντες
1128 3263 1318 3328 llipponactem
1336 3263 1474 3327 scripsisse
1493 3263 1602 3312 coniecit
1620 3260 1654 3311 B.

332 3347 375 3392 ten
393 3340 480 3394 Brink
500 3343 591 3400 Paitoi.
609 3362 632 3396 a.
655 3345 698 3396 VI
716 3341 896 3414 (a.1851)p.
916 3350 949 3397 76

403 3427 520 3498 laima]
545 3431 626 3496 Verp.
652 3432 720 3486 Aen.
745 3432 816 3484 1111
839 3435 891 3484 391
914 3431 978 3484 lerte
1001 3435 1044 3484 cici
1068 3435 1185 3486 llammas
1209 3434 1269 3485 date
1291 3433 1341 3484 tela
1361 3431 1476 3500 inpelllta
1499 3447 1585 3484 remos

331 3514 455 3588 troium
473 3530 521 3567 oni.
545 3519 570 3568 Α
684 3517 834 3572 acolacum
857 3519 973 3569 chorium
997 3519 1229 3587 paliutrnchoicum
1249 3522 1274 3573 Α
1305 3518 1421 3570 colurum
1445 3521 1542 3571 corium
1567 3519 1654 3586 parin-

178 3587 182 3595 “
332 3600 489 3652 trochaicum
513 3601 539 3652 B
567 3602 682 3654 colurum
710 3605 890 3656 corioralicum
920 3605 1076 3656 trochaicum
1101 3604 1123 3657 0
1234 3609 1250 3655 -l
1273 3621 1331 3656 essa
1354 3605 1390 3654 Vl
1414 3606 1436 3657 0
1464 3621 1512 3656 sea
1535 3607 1586 3659 AB

248 3722 251 3730 ,
332 3688 486 3748 trimetrum]
509 3699 617 3739 metrum
638 3691 663 3740 Α
768 3691 937 3743 blmmemor
960 3691 1077 3758 strniap
1100 3691 1226 3742 inmemor
1244 3693 1313 3742 eruis
1333 3691 1357 3741 Α
1377 3691 1513 3742 immemor
1530 3693 1584 3742 ruis
1603 3709 1654 3742 aaa

330 3776 420 3825 littera
446 3780 507 3826 ante
534 3775 587 3824 ruia
615 3775 701 3826 deleta
727 3775 747 3826 C
771 3777 799 3826 ln
822 3777 931 3828 mortuis
956 3775 997 3827 B:
1025 3777 1095 3830 Hor.
1123 3793 1201 3832 aaran.
1225 3775 1260 3828 11
1283 3778 1329 3838 18,
1359 3780 1390 3828 iu
1416 3777 1546 3828 inmemor
1574 3779 1652 3828 struis
1715 3837 1720 3844 ι

148 3874 152 3891 ¹
224 3913 226 3918 ,
331 3860 425 3912 domos
512 3859 605 3912 domos
623 3860 674 3912 BC
695 3861 789 3912 dumus
806 3863 852 3929 pA
941 3863 1054 3930 ipedes
1078 3879 1126 3917 orn.
1147 3863 1181 3926 A,
1205 3851 1303 3915 aalma
1390 3865 1480 3915 Snon
1505 3876 1534 3913 os
1557 3863 1653 3913 eburna
1750 3931 1756 3938 υ

331 3977 438 4014 caureas
458 3949 533 4013 Bri
553 3977 582 4014 as
606 3965 668 4015 ebur
692 3979 739 4014 nec
761 3979 854 4016 aureas
875 3965 909 4017 0.-
936 3967 971 4030 cf.
992 3967 1061 4018 Hor.
1086 3982 1164 4017 carm.
1185 3963 1218 4017 11
1237 3969 1283 4029 18,
1308 3970 1332 4018 1.
1354 3970 1380 4022 3,
1401 3971 1416 4016 7
1485 3965 1548 4016 milri
1567 3967 1656 4017 onaC

244 4049 252 4056 ’
327 4037 343 4108 ,“
383 4048 639 4115 abmohycauteeto
663 4053 689 4101 in
712 4047 884 4118 inscripticae
907 4069 954 4104 om.
980 4053 1004 4102 Α
1075 4051 1235 4104 Tetrametra
1256 4031 1300 4102 13⁸
1354 4053 1385 4103 12
1407 4049 1462 4119 hic]
1484 4053 1553 4108 Hor.
1576 4068 1654 4104 carra.

331 4133 420 4196 1118,
436 4137 471 4187 36
490 4135 530 4186 iric
548 4137 690 4202 superbum
709 4135 844 4188 Tantalum
863 4149 941 4202 atque
958 4137 1059 4190 Tanmli
1079 4131 1162 4204 genus
1227 4141 1354 4192 conuiuas
1373 4137 1456 4190 ABG.
1480 4140 1577 4191 rectius
1594 4143 1653 4189 erat

332 4222 419 4288 magui
438 4222 508 4273 lovis
527 4221 661 4272 convivam
719 4224 778 4287 ‘ta
797 4224 902 4287 quidam
922 4225 978 4274 ansi
999 4232 1060 4276 sunt
1078 4223 1104 4274 B
1175 4235 1199 4276 et
1217 4241 1264 4279 aaa
1284 4227 1347 4294 AB,
1367 4227 1468 4284 admi)
1539 4225 1571 4276 i'l
1589 4239 1650 4274 con·

222 4307 224 4310 ’
331 4303 438 4375 tinente]
451 4307 521 4360 Hor.
533 4323 614 4358 carm.
626 4307 663 4358 11
675 4309 717 4372 18,
733 4310 766 4358 22
780 4309 1087 4360 continente-revellis
1100 4311 1157 4376 ngrl
1171 4311 1294 4363 terminos
1348 4311 1495 4364 reuellesB
1559 4324 1650 4377 agrum

277 4408 297 4438 ·.
331 4393 399 4444 huuc
422 4393 448 4446 Β
475 4407 568 4461 agrum
591 4409 684 4460 agrum
712 4394 779 4444 iruuc
800 4411 819 4462 p
843 4393 932 4461 (Aci)
1035 4397 1066 4448 ta
1089 4389 1349 4467 brachycatalectum]
1378 4397 1552 4451 catalecticum
1579 4394 1653 4447 ΑΒΟ
1728 4397 1731 4401 ’

382 4481 415 4533 19
433 4480 544 4548 pedibus
563 4480 671 4547 integris
691 4481 826 4546 positisO
894 4483 927 4532 20
945 4478 1123 4548 acatalectum]
1142 4483 1316 4536 catalecticum
1336 4484 1412 4537 ABG
1480 4485 1511 4534 al
1532 4483 1556 4534 iu
1576 4475 1649 4550 sinat]

303 4565 399 4619 .Hor.
423 4581 503 4618 carra.
528 4565 563 4618 Il
586 4568 632 4625 18,
660 4567 696 4617 77
780 4564 907 4643 lerensp
939 4567 1002 4618 heus
1022 4569 1047 4619 Α
1081 4567 1138 4620 lens
1166 4568 1191 4620 B
1224 4570 1335 4623 lerentes
1363 4570 1383 4622 0
1478 4569 1652 4631 sordidasque
1706 4603 1709 4606 -

330 4651 410 4704 umus
430 4652 455 4704 A
475 4651 596 4704 sormidam
616 4653 697 4704 uestis
716 4659 741 4707 et
758 4651 785 4703 in
804 4669 886 4718 marp.
904 4669 930 4720 q,
951 4653 976 4704 B
1003 4654 1176 4719 sordidasque
1194 4667 1282 4708 uestes
1301 4656 1322 4707 G
1344 4655 1520 4721 sordidosque
1539 4663 1650 4720 natosp
1754 4717 1757 4721 .
1784 4657 1786 4660 ’
1807 4709 1813 4717 ,

381 4739 414 4789 27
433 4739 592 4805 speciesint
609 4738 740 4790 trochaico
760 4737 786 4790 Β
806 4786 820 4808 ‚
872 4741 906 4791 24
925 4729 1024 4792 ceierae
1042 4742 1087 4792 ᾖε
1105 4742 1140 4804 (b.
1160 4759 1182 4793 e.
1202 4741 1298 4808 nutem)
1317 4741 1344 4794 B
1413 4740 1534 4790 catalecte
1551 4737 1598 4790 BC

330 4821 582 4876 brachicataiecticae
591 4826 617 4875 Α
687 4825 721 4876 ib
736 4824 941 4891 hypercatalecta
952 4827 1021 4878 nulla
1032 4839 1092 4878 sunt
1104 4827 1141 4880 Xl
1156 4828 1188 4878 de
1204 4827 1334 4879 trochaico
1345 4825 1427 4878 ABG.
1446 4829 1510 4877 duos
1519 4827 1651 4889 trimetros

305 4907 306 4910 ’
330 4908 475 4960 trochaicae
493 4912 604 4962 restitui.
642 4927 699 4961 acm
718 4927 735 4962 a
751 4913 868 4964 trimetro
883 4911 983 4964 Plotius
1000 4915 1027 4963 in
1046 4915 1195 4979 delinitione
1214 4913 1339 4965 trochaici
1357 4913 1433 4963 metri
1448 4910 1586 4977 profectas
1610 4920 1648 4963 est
