3858 5560
802 366 817 432 ἢ
853 361 1004 436 [ιιιιιῑιιι
1025 365 1232 434 vroroamr]
1297 369 1299 374 ’

900 659 966 723 titt
988 659 1170 724 mrsvats

469 782 617 846 (laesurae
641 789 712 844 sunt
734 779 802 854 llll,
826 780 1090 864 penthemimeris.
1120 781 1406 864 beplttbemimerls.
1436 793 1502 847 cata
1525 787 1618 848 triton
1641 793 1702 874 trp-

382 886 513 956 elraeon,
538 883 676 948 bucolice
698 894 789 949 tome.
827 885 1077 967 penthemimeris
1093 893 1151 959 eat,
1176 888 1227 949 ubi
1249 897 1317 969 post
1338 887 1415 950 duos
1438 887 1530 967 pedes
1552 877 1702 952 invenitur

381 989 527 1072 semipes.
552 991 603 1078 qui
628 1008 746 1052 versum
763 988 874 1077 diridet
889 999 918 1052 et
941 997 1058 1082 partem
1082 991 1340 1061 orationisdniat.
1366 979 1538 1055 ot'‘arma
1564 995 1701 1054 rtrum·

364 1087 451 1176 'tpoe
474 1090 600 1157 cand’.
641 1091 917 1176 'bepbtbemimeris
945 1103 1004 1165 est,
1041 1092 1090 1156 ubi
1120 1104 1189 1175 post
1217 1092 1254 1157 lll
1283 1094 1377 1176 pedes
1404 1094 1555 1158 inuenitur
1578 1093 1727 1177 syllabus

382 1208 415 1258 at
437 1199 557 1259 ‘arma
588 1197 784 1278 virumque
813 1215 906 1260 cano
934 1196 1100 1260 Troiae’.
1147 1205 1209 1259 cata
1241 1197 1526 1262 tritontrochaeon
1555 1208 1615 1270 est,
1652 1196 1702 1260 ubi

381 1303 472 1362 tertio
495 1297 563 1362 loco
585 1301 737 1364 iuvenitur
759 1299 935 1371 trochaeus.
960 1319 1022 1364 non
1045 1301 1124 1383 quod
1149 1303 1180 1363 iu
1205 1301 1305 1365 medio
1323 1319 1410 1364 versu
1434 1320 1500 1365 esse
1523 1302 1618 1382 possit
1640 1312 1700 1362 tro·

381 1401 508 1476 cinaeus,
532 1405 585 1467 sed
610 1402 728 1467 sublata
752 1404 855 1467 ultima
871 1403 985 1486 syllaba
1009 1404 1046 1466 de
1070 1403 1187 1488 dactylo
1206 1414 1342 1469 remanet
1357 1406 1528 1470 trochaeus.
1568 1403 1702 1467 bucolice

381 1516 462 1571 tome
485 1519 609 1571 ornatus
633 1526 723 1571 causa
739 1507 852 1578 addita.
876 1507 927 1592 ubi
944 1508 1004 1570 duo
1021 1527 1124 1571 versus
1140 1510 1170 1570 in
1187 1528 1246 1570 uno
1267 1511 1476 1582 inveniuntur,
1494 1515 1534 1571 'ut
1550 1517 1595 1572 est
1608 1504 1700 1586 ittudt

537 1611 597 1674 dic
621 1611 713 1673 milti
737 1611 909 1673 Damoeta
933 1613 1060 1674 cuium
1083 1613 1216 1694 pecusl
1233 1630 1276 1674 au
1300 1611 1529 1697 lleliboeill
1714 1639 1739 1679 ro

925 1803 1157 1813 —-—--.—--

406 1940 605 2030 pannon.
757 1938 806 2000 oo
829 1937 1005 2002 nnsrmvu
1028 1939 1171 2003 ntrrevn
1200 1941 1325 2004 serron
1355 1907 1359 1916 “

421 2119 424 2126 .
466 2061 642 2124 Vltimarum
659 2059 841 2141 syllabarum
864 2045 1016 2134 naturam,
1041 2063 1120 2124 sicut
1137 2079 1335 2142 poposceras,
1358 2059 1491 2124 breviter
1510 2061 1700 2146 dilucideque

380 2166 501 2248 digessi.
546 2167 578 2228 in
602 2181 661 2243 qua
685 2182 717 2226 re
740 2161 864 2226 audacia
894 2183 958 2226 mea
984 2173 1035 2227 too
1056 2164 1229 2228 detenditur
1252 2165 1390 2246 imperio.
1437 2183 1506 2228 uam
1536 2163 1700 2247 hocopus
1764 2161 1769 2170 '

382 2264 552 2352 [durum],
576 2265 657 2329 velut
680 2266 767 2330 facile
791 2286 826 2329 ac
848 2284 904 2348 per
927 2285 959 2329 se
983 2275 1088 2369 patens
1111 2268 1183 2330 dum
1208 2267 1293 2332 multi
1316 2268 1521 2350 reliquerunt.
1544 2268 1697 2332 difficilius

380 2371 588 2436 reddiderunt.
842 2423 845 2434 .
1139 2395 1144 2408 ·
1712 2397 1737 2438 rs
1833 2407 1835 2412 ·

465 2473 664 2570 lnkumoibus
687 2471 826 2555 portibus
849 2476 996 2536 orationis
1011 2445 1144 2556 syllabae
1166 2477 1283 2559 primae
1307 2476 1352 2538 rel
1377 2475 1493 2538 mediae
1512 2475 1617 2559 qrnales
1640 2478 1699 2538 sint

379 2579 524 2662 exemplis
547 2577 551 2662 l
577 2577 694 2640 facilius
716 2586 764 2640 eat
786 2594 875 2658 quam
898 2586 964 2638 arte
986 2577 1139 2658 colligere.
1173 2599 1266 2662 quare
1290 2595 1344 2641 nos
1360 2579 1548 2660 disputemus
1571 2578 1608 2642 de
1630 2578 1699 2642 ulti·

380 2687 451 2756 mls,
482 2682 592 2764 quibus
620 2689 726 2764 poetae
749 2679 820 2742 licet
849 2699 939 2762 saepe
962 2681 1009 2744 rel
1037 2679 1159 2747 licentia
1184 2682 1228 2753 rel
1259 2685 1436 2746 necessitate
1466 2685 1554 2746 metri
1580 2681 1698 2744 indide-

413 2853 439 2943 F
474 2892 561 2943 cudere
578 2886 725 2952 Rodiensis,
744 2903 812 2938 nunc
832 2887 1039 2940 thdodousnnr's
1059 2893 1091 2942 16
1205 2878 1209 2887 '

413 2961 439 3012 F
471 2961 557 3012 codex
576 2958 743 3011 Monacensis
758 2959 830 3025 6281
847 2957 1024 3024 Frtstnpensr's
1040 2962 1073 3011 81

361 3093 364 3098 Ι
414 3029 436 3080 0
469 3031 555 3081 cudere
573 3027 717 3079 Bernensr's
736 3029 792 3077 338

449 3133 461 3182 1
483 3129 527 3181 DE
550 3127 714 3182 caesurus
737 3129 763 3179 B
777 3129 801 3178 F
826 3127 870 3178 DE
893 3129 1034 3182 cesttttts
1059 3131 1160 3183 RATIO
1180 3130 1348 3184 Ute'rdtttttt
1368 3131 1397 3190 G.
1424 3133 1459 3195 ct.
1479 3129 1557 3183 Beda
1574 3131 1607 3182 de
1625 3139 1698 3182 metr.

369 3203 405 3268 p.
424 3203 497 3252 2368
577 3199 593 3250 2
611 3198 810 3266 pentememeris
829 3209 854 3248 et
872 3201 1052 3266 eptememeris
1071 3200 1096 3251 B
1124 3203 1316 3268 pentimemeris
1335 3201 1510 3268 eptimenaerls
1528 3200 1553 3250 F
1577 3200 1699 3267 pentimi-

379 3265 725 3398 tzttttttltttl‘dn
754 3267 1442 3404 ttttlttttilibinotdttlttdttt⁰¹¹
1455 3261 1699 3406 mittite

380 3407 571 3476 peutimemeris
591 3405 860 3472 Fpentiminterisc
940 3410 1078 3458 doersum
1097 3407 1155 3459 ΓΟ
1170 3355 1324 3460 uergentem
1342 3407 1369 3459 B
1453 3419 1552 3475 partem
1571 3407 1698 3459 erationis

380 3479 452 3528 linior
472 3475 495 3525 B
514 3487 611 3542 partem
631 3475 749 3524 terutiuet
768 3471 903 3542 (terminat
915 3475 949 3538 F)
969 3477 1093 3528 orationis
1111 3477 1168 3528 FO
1225 3477 1493 3545 beptememerisest
1510 3475 1536 3526 B
1553 3478 1698 3543 eptimime-
1755 3522 1759 3528 .

379 3548 415 3597 ris
434 3555 474 3596 est
492 3542 748 3611 deprimendis?
821 3543 996 3597 dentolectou
1015 3545 1160 3611 troceonG
1234 3559 1274 3597 est
1291 3546 1416 3607 onero,
1433 3543 1534 3598 aare
1612 3547 1629 3612 7Ι
1646 3558 1698 3595 non

379 3632 433 3684 utre
449 3615 474 3665 F
542 3611 677 3663 trochaeus
695 3628 744 3666 cnr.
758 3611 784 3661 F
792 3611 822 3668 0,
841 3613 904 3664 add.
918 3612 944 3664 B
1031 3615 1168 3666 Ssublata
1186 3615 1275 3667 ultima
1293 3614 1425 3668 ellinhaG
1448 3613 1551 3664 sublata
1568 3613 1619 3665 lma
1639 3612 1723 3664 BF·

371 3713 373 3716 -
448 3681 669 3749 bucoliceptomen
689 3681 715 3732 B
733 3681 847 3732 bucolico
861 3693 979 3748 eptomen
992 3698 1062 3738 corr.
1082 3683 1304 3752 bucoliceptomen
1323 3685 1349 3734 F
1364 3683 1552 3751 bucoliceptom
1572 3683 1601 3735 0.
1620 3683 1699 3732 buco·

379 3753 427 3805 lice
445 3766 514 3804 tome
532 3763 573 3801 est
590 3751 632 3800 ubi
651 3761 836 3817 postquntuor
854 3749 933 3816 pedes
952 3750 1051 3818 aliquid
1070 3767 1121 3802 non
1141 3764 1264 3814 remanet,
1284 3765 1311 3805 ut
1330 3763 1370 3804 est
1387 3751 1449 3804 illud
1467 3753 1547 3804 editio
1562 3751 1700 3802 Parrhasii

448 3825 464 3874 9
487 3820 575 3872 additu
598 3823 608 3850 e
615 3819 775 3886 abrumpitur
791 3819 815 3870 d.
835 3836 857 3870 u.
877 3822 935 3871 cod.
955 3820 1118 3876 Bobienais’.
1140 3823 1229 3874 addita
1253 3823 1296 3874 ubi
1319 3821 1372 3872 duo
1394 3835 1487 3872 uersus
1509 3821 1536 3870 iu
1555 3834 1607 3871 uuo
1625 3822 1698 3870 inue-

329 3929 335 3942 ,
380 3893 484 3943 niuutur
503 3901 530 3940 ut
549 3901 589 3940 est
606 3887 669 3939 illud
688 3887 832 3948 Feddltur
849 3887 893 3938 ubi
911 3904 1003 3941 uersus
1022 3905 1068 3957 per
1087 3891 1200 3941 medium
1220 3890 1259 3942 uel
1278 3904 1341 3958 post
1357 3889 1437 3958 pedes
1456 3899 1579 3954 quattuor
1597 3901 1699 3940 secatur

379 3969 407 4012 ut
425 3971 465 4012 est
482 3957 584 4010 illudC
610 3957 700 4009 addita
717 3958 854 4021 sententia,
879 3957 923 4008 ubi
946 3959 998 4009 duo
1022 3974 1113 4011 versus
1133 3960 1159 4010 io
1178 3975 1230 4012 uno
1249 3975 1325 4011 versu
1349 3960 1514 4010 inveniuntur
1532 3968 1560 4008 ut
1577 3970 1617 4009 est
1634 3956 1698 4008 illud

379 4031 458 4108 adolio
477 4029 602 4107 Romana.
625 4027 660 4091 cs.
681 4027 753 4078 Mar.
776 4025 876 4078 Victor.
892 4043 921 4092 p.
939 4029 1029 4094 115‚2
1113 4030 1145 4080 10
1163 4027 1215 4095 dic]
1237 4029 1318 4096 Verp.
1337 4028 1419 4082 bucol.
1440 4029 1492 4106 .¹’¹
1573 4026 1698 4078 meleboei

380 4115 444 4169 riu.
464 4112 528 4166 ΗΒ.
549 4109 710 4182 ΜΕΤΒΟΒῌ
728 4111 939 4164 GRAMMATICI
962 4113 988 4164 F
1013 4113 1139 4166 Meliboei.
1161 4114 1268 4182 explicit
1289 4129 1332 4166 ars
1352 4113 1466 4166 bletrorii
1484 4113 1563 4164 editio
1581 4111 1698 4165 &nanu

400 4257 526 4339 'Priame
536 4291 639 4351 portent
651 4283 712 4335 iibri
723 4283 755 4336 de
764 4282 893 4349 finalibus.
912 4287 950 4336 sic
967 4292 995 4336 ιιι
1012 4251 1145 4339 incoctas
1163 4289 1285 4340 Pototlnc
1303 4285 1355 4354 (A)
1372 4285 1473 4352 scripta
1491 4291 1541 4349 est,
1556 4283 1661 4338 mutent

386 4455 387 4460 ἵ
450 4393 482 4443 ta
499 4355 654 4441 detenditur
671 4387 696 4437 A
785 4401 843 4437 nam
862 4387 913 4438 hoc
932 4402 999 4455 opus
1018 4388 1079 4440 dorm
1098 4389 1168 4441 velot
1185 4389 1260 4442 laeile
1277 4405 1307 4442 ac
1326 4405 1373 4458 per
1390 4380 1425 4440 s'e¹
1436 4397 1529 4455 patens
1547 4381 1620 4438 multi
1640 4385 1697 4437 reli-

380 4471 490 4524 querunt
508 4457 623 4527 Sanpail.
643 4462 668 4508 et
686 4453 792 4508 Seruius
810 4457 843 4507 de
857 4459 931 4522 final.
948 4474 974 4523 p.
993 4451 1045 4509 ⁴49
1103 4461 1136 4510 14
1154 4459 1330 4526 relinquerunt
1346 4473 1415 4512 cerr.
1435 4456 1593 4516 reliquerunt
1611 4456 1637 4508 Α

380 4528 559 4580 dllllcillimum
579 4527 745 4578 reddiderunt
763 4523 879 4592 Snnpail.
959 4527 991 4578 te
1009 4526 1036 4576 lo
1056 4528 1176 4580 omuibus
1196 4555 1228 4567 -
1246 4529 1336 4594 etna
1355 4528 1465 4578 transire
1482 4534 1542 4592 post
1560 4531 1697 4577 ιναιιαιιιιι

379 4599 541 4651 decessoris
557 4598 659 4662 scripta
675 4602 734 4646 sunt
753 4599 778 4645 tn
797 4596 886 4646 codice
905 4594 1030 4648 Bodiensi
1046 4596 1096 4662 (B)
1150 4599 1179 4649 in
1199 4599 1319 4650 omuibus
1338 4597 1463 4647 orationis
1481 4595 1600 4663 pertibus
1620 4592 1645 4644 B

379 4667 469 4730 quoles
488 4667 540 4718 siut
558 4665 583 4717 B
596 4665 713 4732 Sunpoil.
732 4663 822 4728 quales
841 4678 902 4715 sunt
919 4666 945 4716 A
1001 4667 1031 4717 l‘l
1050 4664 1125 4718 icelle
1143 4678 1183 4718 est
1200 4683 1270 4721 corn.
1288 4667 1388 4718 recenti
1403 4663 1599 4716 menml’ncllius
1618 4673 1658 4714 est
1671 4663 1696 4714 Α

379 4735 454 4788 facile
472 4745 512 4788 est
530 4734 683 4800 BSanpctt.
764 4747 843 4796 quere
862 4748 911 4784 nos
928 4735 961 4785 de
979 4733 1076 4788 ultimis
1094 4736 1259 4804 disputemus
1277 4735 1303 4786 B
1381 4735 1413 4786 18
1431 4744 1524 4800 poetae
1542 4733 1601 4784 licet
1618 4746 1697 4799 saepe

380 4805 420 4855 uel
438 4804 568 4868 licentiam
593 4803 631 4854 uel
652 4803 830 4866 necessitatem
854 4806 927 4854 metri
945 4797 1119 4856 trrdtderemer
1141 4817 1246 4857 ιιιιιιιιιι
1264 4820 1315 4856 ιιοιι
1335 4813 1419 4853 tanuen
1439 4803 1533 4853 idcireo
1552 4799 1578 4850 B
1605 4813 1697 4868 poetae

314 4889 316 4896 ·
379 4887 459 4940 saepe
478 4873 517 4924 uel
536 4872 638 4924 licentia
658 4870 698 4922 uel
723 4875 874 4923 necessitate
892 4875 965 4923 metri
984 4869 1156 4925 indifferenter
1175 4886 1281 4925 utuntur
1298 4871 1414 4938 Sonrpuli.
1438 4881 1530 4938 postne
1548 4870 1607 4921 licet
1623 4869 1697 4920 dille·

225 4993 232 5015 ¹
312 5001 314 5005 ¹
380 4956 464 4993 renter
483 4952 587 4992 utrrntur
606 4956 658 4992 non
676 4939 749 4991 aliter
766 4941 861 4992 idcirco
882 4943 907 4994 Α
1352 4963 1356 4972 ·
