3850 5560
780 373 828 424 na
850 373 1033 426 vsnsvavs
1088 429 1092 444 ,
1354 425 1356 432 s
1441 350 1442 354 ’
1502 355 1567 422 625

952 481 956 488 -
1449 461 1525 512 soso
1538 459 1569 502 v.

328 551 373 614 Ab
397 551 453 612 boc
478 555 567 614 metri
591 572 704 633 genere
727 553 818 614 distat
841 569 953 626 versus,
979 553 1029 633 qui
1053 539 1250 632 prosodiitcus
1274 551 1447 613 nominatur
1471 557 1501 611 et
1523 557 1568 612 est

247 655 356 722 varius,
381 654 461 735 quod
485 659 514 716 in
540 657 689 738 principio
714 675 772 716 non
797 665 1004 736 anapaestum,
1033 655 1085 715 sed
1110 654 1241 715 iambum
1267 649 1374 732 pedem
1399 665 1451 716 aut
1474 671 1566 732 spon·

243 757 325 819 dium
350 760 481 838 accipiat
505 769 534 820 ct
557 759 676 821 dnobus
700 757 896 838 sequentibus
919 760 1090 836 anapaestis
1114 759 1308 826 terminetur,
1342 765 1374 818 ut
1396 765 1443 818 est
1465 755 1575 816 iambo-

397 863 466 941 quis
489 863 567 923 intes·
590 879 660 923 aves
683 860 814 928 melicas,

217 979 230 1018 s
244 963 372 1045 spondio

395 1059 485 1112 cantu
508 1071 525 1110 s

593 1309 658 1384 un
687 1255 947 1384 omnumvs
977 1307 1211 1384 sunonem
1277 1274 1321 1334 ²

533 1483 540 1498 ,
761 1476 770 1485 .
1293 1456 1316 1494 p.
1331 1445 1376 1486 50³.
1390 1445 1428 1486 sot
1443 1445 1480 1487 ed.
1495 1444 1569 1487 Vino.

333 1517 439 1580 Omnis
468 1519 671 1579 nominativus
701 1515 862 1580 cuiuslibet
892 1521 1014 1598 generis
1050 1518 1159 1580 latinus
1192 1514 1321 1598 syllabas
1355 1526 1506 1580 extremas
1538 1519 1568 1578 in

246 1637 378 1687 nonvero,
398 1619 545 1699 singulari
571 1618 677 1682 breves
701 1620 804 1692 ltabet,
836 1613 970 1702 eiceptis
993 1641 1025 1684 as
1050 1640 1082 1684 es
1111 1621 1157 1692 os,
1183 1630 1216 1684 ut
1246 1629 1326 1684 aetas
1355 1621 1445 1684 laoies
1468 1628 1571 1684 custos

206 1727 233 1767 1⁰
248 1739 351 1803 nepos,
377 1731 406 1786 et
430 1727 567 1802 exceptis
590 1722 706 1785 duabus
722 1723 967 1796 consonantibus,
991 1733 1023 1786 ut
1046 1744 1128 1798 sons,
1154 1731 1182 1786 et
1198 1743 1257 1788 una
1274 1723 1386 1806 duplici
1410 1742 1438 1794 x,
1463 1733 1496 1785 ut
1512 1723 1569 1792 iax,

247 1832 280 1886 et
301 1823 368 1887 aliis
390 1827 616 1904 monosyllabis,
642 1833 676 1888 ut
700 1824 743 1888 lav
767 1836 797 1888 et
819 1827 874 1895 lac,
906 1839 935 1888 et
959 1831 1095 1910 exceptis
1123 1828 1272 1909 hisquae
1297 1845 1331 1889 us
1358 1828 1570 1896 terminantur,

247 1935 281 1988 ut
305 1926 393 1990 tellus
416 1930 556 1990 iuventus
578 1938 719 1992 senectus
734 1929 820 2010 palus
843 1931 937 1992 victus
959 1939 1009 1992 tus
1031 1950 1099 1993 mus
1114 1933 1242 1993 servitus
1266 1939 1295 1994 et
1309 1928 1470 2000 similibus,
1493 1947 1569 2009 quae

248 2028 279 2092 iu
302 2033 441 2110 genetivo
464 2031 612 2111 singulari
637 2043 780 2094 crescunt
809 2030 1002 2114 paenultimis
1031 2033 1224 2097 manentibus
1251 2032 1361 2114 longis.
1405 2033 1571 2113 genetivus,

235 2135 273 2196 ,si
298 2137 328 2196 in
352 2132 472 2198 vocales
495 2136 564 2204 exit,
584 2133 696 2215 longus
720 2145 834 2207 estut
856 2119 1066 2216 huius'rognt,
1096 2136 1186 2200 buius
1208 2117 1326 2208 illusa'e3
1356 2139 1381 2199 si
1412 2138 1442 2196 in
1465 2153 1572 2198 conso·

212 2241 237 2282 ¹⁵
253 2245 367 2308 nantes,
393 2235 503 2310 brevis,
529 2250 561 2301 ut
585 2237 677 2300 huius
696 2239 792 2302 sortis.
838 2243 963 2302 namin
993 2249 1099 2322 quarta
1122 2238 1324 2304 declinatione
1353 2257 1475 2320 sempev
1501 2256 1572 2320 pvo-

253 2340 383 2413 ducituv,
408 2350 442 2404 ut
464 2339 554 2405 huius
571 2341 689 2404 ductus.
728 2344 846 2406 dativus
869 2341 976 2428 longus
1000 2353 1054 2414 est,
1081 2353 1113 2406 ιιι
1136 2343 1224 2422 docto
1240 2343 1342 2406 blusae
1364 2341 1445 2420 agili:
1485 2360 1573 2402 accu-

250 2446 361 2506 sativus
391 2444 494 2508 brevis
523 2455 581 2516 est,
610 2455 644 2508 ut
671 2445 785 2508 Musam
820 2445 940 2534 doctum
976 2443 1092 2510 hostem
1127 2447 1239 2510 flumen
1269 2447 1370 2508 decus.
1423 2447 1574 2506 vocativus

246 2547 348 2612 brevis
371 2550 401 2610 in
426 2549 509 2612 omni
533 2560 719 2613 consonante
742 2551 860 2620 linitus;
884 2553 914 2613 in
939 2552 1034 2614 vocali
1049 2549 1157 2632 longus
1172 2549 1234 2613 sola
1259 2553 1279 2620 i,
1304 2558 1338 2613 ut
1360 2549 1513 2630 o.l'ivgili,
1542 2550 1571 2610 in

245 2654 362 2732 graecis
386 2663 555 2733 correptus,
580 2661 614 2716 ut
637 2671 654 2714 o
678 2651 773 2716 Tibri.
812 2651 957 2718 ablativus
981 2663 1012 2742 et
1036 2657 1182 2737 septimus
1206 2657 1236 2716 in
1257 2653 1396 2716 omnibus
1422 2651 1572 2714 vocalibus

206 2759 231 2800 ²⁰
246 2755 362 2836 longus,
386 2765 420 2819 ut
443 2754 480 2818 ab
497 2756 552 2818 hac
569 2755 662 2827 ilusa,
688 2755 725 2819 ab
742 2755 798 2834 boc
815 2757 911 2828 docto,
936 2757 974 2820 ab
997 2758 1054 2820 boo
1071 2756 1151 2836 aglli,
1175 2757 1212 2819 ab
1229 2757 1286 2820 boc
1307 2775 1412 2820 versu:
1437 2755 1571 2818 emedia
1669 2761 1671 2766 '

246 2868 304 2930 est,
332 2869 407 2921 tuno
431 2857 536 2938 longa,
566 2859 687 2941 quando
712 2859 823 2923 vocalis
852 2860 914 2923 sola
945 2863 975 2922 in
1006 2863 1063 2924 line
1094 2870 1152 2930 est,
1184 2868 1216 2923 ut
1245 2858 1282 2923 ab
1306 2859 1362 2922 bac
1386 2861 1478 2930 iacie,
1509 2869 1572 2922 tum

247 2961 354 3032 brevis,
380 2961 499 3041 quando
524 2980 592 3026 cum
616 2973 802 3027 consonante
831 2974 890 3035 est,
921 2975 954 3027 ut
984 2964 1021 3027 ab
1051 2965 1106 3028 lvao
1136 2961 1278 3034 muliere,
1310 2963 1443 3042 exceptis
1473 2963 1571 3025 tribus
1598 2993 1601 3000 ·

246 3063 428 3136 nominibus,
453 3085 530 3148 quae
555 3067 774 3148 producuntur,
800 3069 936 3129 lamere
960 3087 1024 3148 spa.
1071 3065 1198 3148 pluralis
1221 3067 1424 3128 nominativus
1455 3072 1514 3126 tam
1539 3069 1572 3126 in

128 3247 132 3253 Ι
246 3168 401 3231 vocalibus
425 3187 513 3250 qnam
542 3171 573 3232 in
605 3167 850 3233 consonantibus
872 3179 997 3252 excepto
1027 3181 1136 3232 neutro
1168 3187 1281 3249 genere
1311 3167 1418 3248 longus
1447 3177 1509 3238 est,
1540 3177 1570 3230 ut

206 3277 233 3316 ²⁵
248 3271 328 3334 docti
365 3271 471 3336 doctae
498 3274 603 3336 lovtes.
654 3275 811 3351 genetivus
841 3275 975 3336 eiusdem
1011 3274 1128 3336 numeri
1158 3289 1278 3353 sempev
1313 3271 1413 3334 brevis
1445 3281 1506 3342 est,
1538 3281 1571 3334 ut

247 3374 406 3437 doctorum
430 3375 586 3440 doctarum
610 3376 742 3438 lelicium
768 3378 933 3440 fructuum.
979 3376 1098 3439 dativus
1127 3386 1158 3439 et
1180 3373 1338 3446 ablativus,
1368 3378 1444 3438 siis
1468 3375 1570 3438 termi-

248 3487 367 3560 nantur,
391 3477 474 3558 longi
490 3488 577 3551 sunt;
591 3482 620 3542 'si
638 3479 703 3549 bus,
722 3478 839 3542 breves.
878 3483 1069 3543 accusativus
1086 3489 1116 3541 et
1132 3481 1284 3541 vocativus
1300 3480 1433 3541 eiusdem
1452 3480 1572 3542 numeri

247 3579 383 3664 reguiam
406 3581 583 3644 nominativi
607 3585 653 3645 sui
676 3585 880 3664 septennium!

335 3683 552 3749 Pronomlnum
581 3686 657 3748 ratio
688 3685 792 3749 eadem
826 3685 890 3748 leve
921 3696 980 3760 est,
1016 3687 1152 3768 quamvis
1187 3669 1358 3748 articularia
1389 3701 1466 3764 quas
1497 3687 1527 3745 in
1556 3703 1573 3746 c

209 3791 235 3831 ³⁰
249 3787 389 3850 desinunt
411 3787 500 3866 longa
523 3798 603 3860 sunt,
629 3799 662 3851 ut
678 3788 727 3852 hic
750 3789 825 3851 liaeo
847 3788 915 3852 hoc.
955 3799 985 3852 et
1007 3791 1037 3852 in
1062 3788 1193 3852 secunda
1216 3806 1346 3868 persona
1371 3787 1573 3849 nominativus

250 3901 280 3952 et
304 3894 454 3953 vocativus
477 3893 559 3971 longi
582 3901 662 3966 sunt,
687 3903 720 3955 ut
743 3903 785 3963 tu,
812 3901 842 3954 et
864 3892 981 3965 inillis,
1005 3912 1081 3975 quae
1105 3893 1288 3954 nominativo
1304 3913 1321 3952 a
1338 3908 1405 3952 nam
1430 3890 1493 3960 bas,
1518 3890 1573 3952 bos

321 4007 325 4012 ι
335 4007 395 4014 ---,
413 4007 454 4014 --

320 4049 333 4096 1
352 4045 526 4114 prosodiaous
544 4065 558 4098 o
577 4047 737 4114 prosodotus
755 4046 782 4096 B
852 4059 876 4097 et
894 4061 934 4097 est
951 4043 1052 4114 varius]
1073 4061 1192 4097 emanum
1207 4045 1248 4096 B:
1266 4045 1301 4108 εἴ.
1318 4060 1400 4110 supro
1418 4060 1444 4110 p.
1462 4045 1526 4108 023,
1540 4045 1574 4094 20

320 4133 505 4184 determinetur
523 4150 537 4185 o
555 4133 755 4198 terminatorB
827 4134 976 4200 dupondio
995 4131 1035 4184 B:
1053 4137 1124 4198 ‘post
1142 4131 1166 4187 lt.
1185 4150 1208 4184 o.
1227 4134 1285 4184 cod.
1303 4130 1491 4182 bobetcamur.
1528 4131 1574 4182 de·

249 4215 563 4284 sideramr'eaeempium:
586 4234 707 4284 graecum
729 4219 810 4272 nabes
831 4219 1147 4294 opudyliepboestioncm
1170 4235 1197 4284 p.
1216 4222 1250 4269 85
1274 4217 1357 4281 Gaios.
1381 4206 1457 4267 osiaci
1481 4211 1514 4266 δι’
1538 4229 1574 4266 ou

249 4293 416 4356 Kollto'ovoc’
428 4304 514 4356 editor
530 4305 745 4363 Vindoboneneio,
772 4305 885 4371 spondin
898 4315 990 4356 cautus
1003 4307 1097 4370 legitur
1109 4307 1136 4355 in
1148 4307 1268 4370 catalogo
1280 4304 1338 4355 cod.
1357 4303 1384 4354 V
1383 4301 1467 4354 indob.
1480 4318 1509 4366 p.
1522 4302 1573 4350 m

321 4388 345 4438 B
364 4389 451 4440 codex
468 4389 615 4449 Bodienais,
635 4408 702 4442 nunc
724 4392 932 4445 Vindobonensis
954 4394 985 4441 to

320 4476 433 4526 seditio
455 4475 663 4528 Vindoboncnais
725 4459 729 4466 ’
1496 4521 1499 4526 .

320 4563 334 4612 i
356 4559 399 4610 ns
428 4560 608 4616 sissinius
634 4559 799 4613 vaLsuts
823 4581 869 4616 om.
895 4563 928 4624 B,
948 4564 1063 4614 incertus
1088 4561 1120 4612 de
1143 4560 1302 4625 syllabarum
1326 4561 1468 4623 qvvnntitate
1491 4576 1505 4609 o

254 4651 286 4699 tt)
303 4642 413 4714 duplici]
425 4645 546 4714 dupliiB
618 4651 649 4698 ll
669 4647 956 4713 monosyllabum
1030 4649 1060 4697 19
1079 4643 1224 4712 correptus]
1244 4647 1304 4697 con'·
1322 4645 1347 4696 B
1417 4647 1449 4696 31
1468 4647 1575 4696 lacaenas

250 4741 311 4799 post
330 4733 490 4784 nominativo
510 4740 536 4784 et
551 4739 612 4798 post
632 4747 728 4785 noxam
747 4733 870 4786 indicavit
894 4736 981 4786 editor
1002 4731 1218 4785 Vindobonensio.
1254 4733 1367 4799 reliquo,
1390 4747 1456 4800 quoe
1479 4746 1575 4782 excer-

251 4821 333 4885 pendi
348 4820 436 4870 sludio
453 4819 569 4871 mutilato
588 4822 628 4871 uei
644 4819 798 4885 pernorbaio
817 4821 950 4872 uerborum
968 4821 1059 4872 ordine
1083 4824 1209 4885 corrupto
1231 4824 1304 4882 aunt,
1326 4819 1365 4869 cic
1387 4825 1414 4868 ut
1437 4819 1462 4868 in
1486 4818 1575 4869 codice

252 4909 353 4972 scripio
370 4912 429 4958 suni
448 4907 511 4958 dedi
606 4933 614 4944 =
