<?xml version="1.0" encoding="UTF-8"?>
<!DOCTYPE html PUBLIC "-//W3C//DTD XHTML 1.0 Transitional//EN"
    "http://www.w3.org/TR/xhtml1/DTD/xhtml1-transitional.dtd">
<html xmlns="http://www.w3.org/1999/xhtml" xml:lang="en" lang="en">
 <head>
  <title>
</title>
<meta http-equiv="Content-Type" content="text/html;charset=utf-8" />
  <meta name='ocr-system' content='tesseract 3.04.00' />
  <meta name='ocr-capabilities' content='ocr_page ocr_carea ocr_par ocr_line ocrx_word'/>
</head>
<body>
  <div class='ocr_page' id='page_1' title='image "./grammaticilatin05hagagoog_0467.png"; bbox 0 0 3888 5550; ppageno 0'>
   <div class='ocr_carea' id='block_1_1' title="bbox 693 371 1602 438">
    <p class='ocr_par' dir='ltr' id='par_1_1' title="bbox 693 371 1602 438">
     <span class='ocr_line' id='line_1_1' title="bbox 693 371 1602 438; baseline 0.001 -1"><span class='ocrx_word' id='word_1_1' title='bbox 693 387 774 437; x_wconf 63' lang='lat' dir='ltr'><strong>aar:</strong></span> <span class='ocrx_word' id='word_1_2' title='bbox 798 385 907 436; x_wconf 77' lang='lat' dir='ltr'><strong>cetu</strong></span> <span class='ocrx_word' id='word_1_3' title='bbox 931 387 1001 436; x_wconf 80' lang='lat' dir='ltr'><strong>ers.</strong></span> <span class='ocrx_word' id='word_1_4' title='bbox 1025 386 1038 434; x_wconf 93' lang='lat'>1</span> <span class='ocrx_word' id='word_1_5' title='bbox 1061 381 1172 433; x_wconf 78' lang='lat' dir='ltr'><strong>ts-ss</strong></span> <span class='ocrx_word' id='word_1_6' title='bbox 1428 375 1431 380; x_wconf 85' lang='lat'>&#39;</span> <span class='ocrx_word' id='word_1_7' title='bbox 1538 371 1602 438; x_wconf 70' lang='lat'><strong>437</strong></span> 
     </span>
    </p>
   </div>
   <div class='ocr_carea' id='block_1_2' title="bbox 248 471 1668 1060">
    <p class='ocr_par' dir='ltr' id='par_1_2' title="bbox 248 471 1668 1060">
     <span class='ocr_line' id='line_1_2' title="bbox 274 471 427 525; baseline 0.013 -11"><span class='ocrx_word' id='word_1_8' title='bbox 274 471 427 525; x_wconf 48' lang='lat' dir='ltr'><strong>emur</strong></span> 
     </span>
     <span class='ocr_line' id='line_1_3' title="bbox 275 543 1601 642; baseline 0.003 -20"><span class='ocrx_word' id='word_1_9' title='bbox 275 566 363 624; x_wconf 87' lang='lat' dir='ltr'><strong>terito</strong></span> <span class='ocrx_word' id='word_1_10' title='bbox 392 563 526 642; x_wconf 87' lang='lat' dir='ltr'><strong>perfecta</strong></span> <span class='ocrx_word' id='word_1_11' title='bbox 555 574 671 628; x_wconf 80' lang='lat' dir='ltr'><strong>sinatus</strong></span> <span class='ocrx_word' id='word_1_12' title='bbox 694 583 760 628; x_wconf 89' lang='lat' dir='ltr'><strong>sum</strong></span> <span class='ocrx_word' id='word_1_13' title='bbox 785 565 829 627; x_wconf 84' lang='lat' dir='ltr'><strong>rel</strong></span> <span class='ocrx_word' id='word_1_14' title='bbox 853 566 915 634; x_wconf 91' lang='lat' dir='ltr'><strong>fui,</strong></span> <span class='ocrx_word' id='word_1_15' title='bbox 946 573 1063 626; x_wconf 86' lang='lat' dir='ltr'><strong>amatus</strong></span> <span class='ocrx_word' id='word_1_16' title='bbox 1087 585 1120 626; x_wconf 92' lang='lat' dir='ltr'><strong>es</strong></span> <span class='ocrx_word' id='word_1_17' title='bbox 1143 563 1189 626; x_wconf 86' lang='lat' dir='ltr'><strong>vel</strong></span> <span class='ocrx_word' id='word_1_18' title='bbox 1212 565 1309 637; x_wconf 87' lang='lat' dir='ltr'><strong>fuisti,</strong></span> <span class='ocrx_word' id='word_1_19' title='bbox 1340 543 1466 628; x_wconf 29' lang='lat' dir='ltr'><strong>amatus*</strong></span> <span class='ocrx_word' id='word_1_20' title='bbox 1484 575 1529 627; x_wconf 90' lang='lat' dir='ltr'><strong>est</strong></span> <span class='ocrx_word' id='word_1_21' title='bbox 1553 566 1601 626; x_wconf 83' lang='lat' dir='ltr'><strong>rel</strong></span> 
     </span>
     <span class='ocr_line' id='line_1_4' title="bbox 274 666 1603 758; baseline 0.004 -32"><span class='ocrx_word' id='word_1_22' title='bbox 274 667 343 738; x_wconf 90' lang='lat' dir='ltr'><strong>fuit,</strong></span> <span class='ocrx_word' id='word_1_23' title='bbox 369 675 397 728; x_wconf 90' lang='lat' dir='ltr'><strong>et</strong></span> <span class='ocrx_word' id='word_1_24' title='bbox 420 666 578 748; x_wconf 77' lang='lat' dir='ltr'><strong>pluraliter</strong></span> <span class='ocrx_word' id='word_1_25' title='bbox 601 671 696 758; x_wconf 83' lang='lat' dir='ltr'><strong>aruati</strong></span> <span class='ocrx_word' id='word_1_26' title='bbox 715 687 821 732; x_wconf 88' lang='lat' dir='ltr'><strong>sumus</strong></span> <span class='ocrx_word' id='word_1_27' title='bbox 843 668 890 731; x_wconf 86' lang='lat' dir='ltr'><strong>vel</strong></span> <span class='ocrx_word' id='word_1_28' title='bbox 916 669 1042 739; x_wconf 86' lang='lat' dir='ltr'><strong>fuimus,</strong></span> <span class='ocrx_word' id='word_1_29' title='bbox 1067 670 1159 730; x_wconf 88' lang='lat' dir='ltr'><strong>amati</strong></span> <span class='ocrx_word' id='word_1_30' title='bbox 1182 671 1254 730; x_wconf 90' lang='lat' dir='ltr'><strong>estis</strong></span> <span class='ocrx_word' id='word_1_31' title='bbox 1278 669 1394 742; x_wconf 86' lang='lat' dir='ltr'><strong>fuistis,</strong></span> <span class='ocrx_word' id='word_1_32' title='bbox 1418 672 1508 732; x_wconf 88' lang='lat' dir='ltr'><strong>amati</strong></span> <span class='ocrx_word' id='word_1_33' title='bbox 1531 679 1603 732; x_wconf 89' lang='lat' dir='ltr'><strong>sunt</strong></span> 
     </span>
     <span class='ocr_line' id='line_1_5' title="bbox 272 770 1601 854; baseline 0.005 -26"><span class='ocrx_word' id='word_1_34' title='bbox 272 770 415 840; x_wconf 78' lang='lat' dir='ltr'><strong>fuerunt:</strong></span> <span class='ocrx_word' id='word_1_35' title='bbox 440 771 548 834; x_wconf 83' lang='lat' dir='ltr'><strong>eadem</strong></span> <span class='ocrx_word' id='word_1_36' title='bbox 579 771 668 834; x_wconf 85' lang='lat' dir='ltr'><strong>morlo</strong></span> <span class='ocrx_word' id='word_1_37' title='bbox 697 782 833 854; x_wconf 88' lang='lat' dir='ltr'><strong>ternpore</strong></span> <span class='ocrx_word' id='word_1_38' title='bbox 857 774 1023 854; x_wconf 89' lang='lat' dir='ltr'><strong>praeterito</strong></span> <span class='ocrx_word' id='word_1_39' title='bbox 1054 771 1353 852; x_wconf 77' lang='lat' dir='ltr'><strong>plusquamperfecto</strong></span> <span class='ocrx_word' id='word_1_40' title='bbox 1377 782 1495 834; x_wconf 86' lang='lat' dir='ltr'><strong>amatus</strong></span> <span class='ocrx_word' id='word_1_41' title='bbox 1518 791 1601 834; x_wconf 90' lang='lat' dir='ltr'><strong>eram</strong></span> 
     </span>
     <span class='ocr_line' id='line_1_6' title="bbox 275 860 1668 958; baseline 0.003 -24"><span class='ocrx_word' id='word_1_42' title='bbox 275 872 389 935; x_wconf 91' lang='lat' dir='ltr'><strong>fueram</strong></span> <span class='ocrx_word' id='word_1_43' title='bbox 426 871 530 958; x_wconf 85' lang='lat' dir='ltr'><strong>[amati</strong></span> <span class='ocrx_word' id='word_1_44' title='bbox 560 877 633 938; x_wconf 87' lang='lat' dir='ltr'><strong>estis</strong></span> <span class='ocrx_word' id='word_1_45' title='bbox 672 877 785 946; x_wconf 88' lang='lat' dir='ltr'><strong>fuistis,</strong></span> <span class='ocrx_word' id='word_1_46' title='bbox 810 879 901 939; x_wconf 90' lang='lat' dir='ltr'><strong>amati</strong></span> <span class='ocrx_word' id='word_1_47' title='bbox 930 884 1001 936; x_wconf 90' lang='lat' dir='ltr'><strong>sunt</strong></span> <span class='ocrx_word' id='word_1_48' title='bbox 1022 872 1178 956; x_wconf 90' lang='lat' dir='ltr'><strong>luerunt];</strong></span> <span class='ocrx_word' id='word_1_49' title='bbox 1209 875 1315 937; x_wconf 86' lang='lat' dir='ltr'><strong>eodem</strong></span> <span class='ocrx_word' id='word_1_50' title='bbox 1346 876 1435 938; x_wconf 79' lang='lat' dir='ltr'><strong>morlo</strong></span> <span class='ocrx_word' id='word_1_51' title='bbox 1466 885 1601 958; x_wconf 86' lang='lat' dir='ltr'><strong>tempore</strong></span> <span class='ocrx_word' id='word_1_52' title='bbox 1667 860 1668 863; x_wconf 24' lang='lat'>¹</span> 
     </span>
     <span class='ocr_line' id='line_1_7' title="bbox 248 976 1602 1060; baseline 0.005 -28"><span class='ocrx_word' id='word_1_53' title='bbox 248 976 377 1039; x_wconf 84' lang='lat' dir='ltr'><strong>afuturo</strong></span> <span class='ocrx_word' id='word_1_54' title='bbox 400 979 503 1058; x_wconf 83' lang='lat' dir='ltr'><strong>specie</strong></span> <span class='ocrx_word' id='word_1_55' title='bbox 519 981 697 1060; x_wconf 85' lang='lat' dir='ltr'><strong>promissiva</strong></span> <span class='ocrx_word' id='word_1_56' title='bbox 714 979 839 1042; x_wconf 86' lang='lat' dir='ltr'><strong>arnabor</strong></span> <span class='ocrx_word' id='word_1_57' title='bbox 855 977 1005 1041; x_wconf 87' lang='lat' dir='ltr'><strong>amaberis</strong></span> <span class='ocrx_word' id='word_1_58' title='bbox 1029 977 1180 1042; x_wconf 88' lang='lat' dir='ltr'><strong>amabitur</strong></span> <span class='ocrx_word' id='word_1_59' title='bbox 1203 987 1232 1040; x_wconf 91' lang='lat' dir='ltr'><strong>et</strong></span> <span class='ocrx_word' id='word_1_60' title='bbox 1256 978 1415 1059; x_wconf 79' lang='lat' dir='ltr'><strong>pluraliter</strong></span> <span class='ocrx_word' id='word_1_61' title='bbox 1431 980 1602 1042; x_wconf 83' lang='lat' dir='ltr'><strong>amabimur</strong></span> 
     </span>
    </p>
   </div>
   <div class='ocr_carea' id='block_1_3' title="bbox 274 1080 1896 1167">
    <p class='ocr_par' dir='ltr' id='par_1_3' title="bbox 274 1080 1896 1167">
     <span class='ocr_line' id='line_1_8' title="bbox 274 1080 1896 1167; baseline 0.004 -27"><span class='ocrx_word' id='word_1_62' title='bbox 274 1080 452 1144; x_wconf 77' lang='lat' dir='ltr'><strong>amabimini</strong></span> <span class='ocrx_word' id='word_1_63' title='bbox 481 1083 676 1147; x_wconf 85' lang='lat' dir='ltr'><strong>amabuntur:</strong></span> <span class='ocrx_word' id='word_1_64' title='bbox 707 1081 796 1156; x_wconf 14' lang='lat' dir='ltr'><strong>muodo</strong></span> <span class='ocrx_word' id='word_1_65' title='bbox 826 1085 1005 1164; x_wconf 87' lang='lat' dir='ltr'><strong>irnperatiro</strong></span> <span class='ocrx_word' id='word_1_66' title='bbox 1035 1091 1173 1162; x_wconf 88' lang='lat' dir='ltr'><strong>tempure</strong></span> <span class='ocrx_word' id='word_1_67' title='bbox 1196 1083 1348 1162; x_wconf 81' lang='lat' dir='ltr'><strong>praesenti</strong></span> <span class='ocrx_word' id='word_1_68' title='bbox 1376 1083 1414 1145; x_wconf 85' lang='lat' dir='ltr'><strong>ati</strong></span> <span class='ocrx_word' id='word_1_69' title='bbox 1437 1087 1600 1146; x_wconf 76' lang='lat' dir='ltr'><strong>secundam</strong></span> <span class='ocrx_word' id='word_1_70' title='bbox 1712 1115 1780 1167; x_wconf 74' lang='lat' dir='ltr'><strong> </strong></span> <span class='ocrx_word' id='word_1_71' title='bbox 1892 1103 1896 1114; x_wconf 63' lang='grc'><em>“</em></span> 
     </span>
    </p>
   </div>
   <div class='ocr_carea' id='block_1_4' title="bbox 212 1184 1640 4486">
    <p class='ocr_par' dir='ltr' id='par_1_4' title="bbox 212 1184 1640 4486">
     <span class='ocr_line' id='line_1_9' title="bbox 273 1184 1601 1268; baseline 0.003 -23"><span class='ocrx_word' id='word_1_72' title='bbox 273 1190 302 1245; x_wconf 90' lang='lat' dir='ltr'><strong>et</strong></span> <span class='ocrx_word' id='word_1_73' title='bbox 325 1188 445 1248; x_wconf 90' lang='lat' dir='ltr'><strong>tertiam</strong></span> <span class='ocrx_word' id='word_1_74' title='bbox 463 1205 624 1268; x_wconf 87' lang='lat' dir='ltr'><strong>personam</strong></span> <span class='ocrx_word' id='word_1_75' title='bbox 649 1205 751 1250; x_wconf 90' lang='lat' dir='ltr'><strong>amare</strong></span> <span class='ocrx_word' id='word_1_76' title='bbox 775 1196 904 1258; x_wconf 88' lang='lat' dir='ltr'><strong>ametur,</strong></span> <span class='ocrx_word' id='word_1_77' title='bbox 929 1197 959 1250; x_wconf 90' lang='lat' dir='ltr'><strong>et</strong></span> <span class='ocrx_word' id='word_1_78' title='bbox 983 1184 1141 1266; x_wconf 77' lang='lat' dir='ltr'><strong>pluraliter</strong></span> <span class='ocrx_word' id='word_1_79' title='bbox 1158 1186 1209 1246; x_wconf 79' lang='lat' dir='ltr'><strong>aa</strong></span> <span class='ocrx_word' id='word_1_80' title='bbox 1231 1203 1336 1247; x_wconf 88' lang='lat' dir='ltr'><strong>omnes</strong></span> <span class='ocrx_word' id='word_1_81' title='bbox 1359 1204 1497 1250; x_wconf 88' lang='lat' dir='ltr'><strong>amemur</strong></span> <span class='ocrx_word' id='word_1_82' title='bbox 1519 1205 1601 1249; x_wconf 89' lang='lat' dir='ltr'><strong>ame·</strong></span> 
     </span>
     <span class='ocr_line' id='line_1_10' title="bbox 273 1289 1597 1372; baseline 0.001 -20"><span class='ocrx_word' id='word_1_83' title='bbox 273 1289 347 1352; x_wconf 83' lang='lat' dir='ltr'><strong>mini</strong></span> <span class='ocrx_word' id='word_1_84' title='bbox 369 1298 523 1372; x_wconf 82' lang='lat' dir='ltr'><strong>amentur3</strong></span> <span class='ocrx_word' id='word_1_85' title='bbox 552 1292 657 1354; x_wconf 88' lang='lat' dir='ltr'><strong>eodem</strong></span> <span class='ocrx_word' id='word_1_86' title='bbox 682 1291 772 1353; x_wconf 76' lang='lat' dir='ltr'><strong>morlo</strong></span> <span class='ocrx_word' id='word_1_87' title='bbox 795 1299 933 1370; x_wconf 89' lang='lat' dir='ltr'><strong>tempore</strong></span> <span class='ocrx_word' id='word_1_88' title='bbox 957 1289 1058 1350; x_wconf 83' lang='lat' dir='ltr'><strong>futtuo</strong></span> <span class='ocrx_word' id='word_1_89' title='bbox 1081 1289 1117 1350; x_wconf 89' lang='lat' dir='ltr'><strong>ad</strong></span> <span class='ocrx_word' id='word_1_90' title='bbox 1141 1289 1307 1352; x_wconf 78' lang='lat' dir='ltr'><strong>secundam</strong></span> <span class='ocrx_word' id='word_1_91' title='bbox 1330 1297 1360 1350; x_wconf 92' lang='lat' dir='ltr'><strong>et</strong></span> <span class='ocrx_word' id='word_1_92' title='bbox 1383 1292 1504 1352; x_wconf 86' lang='lat' dir='ltr'><strong>tertiam</strong></span> <span class='ocrx_word' id='word_1_93' title='bbox 1526 1309 1597 1369; x_wconf 85' lang='lat' dir='ltr'><strong>per·</strong></span> 
     </span>
     <span class='ocr_line' id='line_1_11' title="bbox 212 1375 1596 1474; baseline 0.003 -20"><span class='ocrx_word' id='word_1_94' title='bbox 212 1375 214 1380; x_wconf 47' lang='grc'>’</span> <span class='ocrx_word' id='word_1_95' title='bbox 273 1409 379 1456; x_wconf 84' lang='lat' dir='ltr'><strong>sonam</strong></span> <span class='ocrx_word' id='word_1_96' title='bbox 409 1403 526 1458; x_wconf 88' lang='lat' dir='ltr'><strong>amatur</strong></span> <span class='ocrx_word' id='word_1_97' title='bbox 555 1405 587 1458; x_wconf 92' lang='lat' dir='ltr'><strong>tu</strong></span> <span class='ocrx_word' id='word_1_98' title='bbox 615 1404 734 1458; x_wconf 88' lang='lat' dir='ltr'><strong>ametur</strong></span> <span class='ocrx_word' id='word_1_99' title='bbox 758 1393 818 1464; x_wconf 88' lang='lat' dir='ltr'><strong>ille,</strong></span> <span class='ocrx_word' id='word_1_100' title='bbox 843 1405 873 1456; x_wconf 89' lang='lat' dir='ltr'><strong>et</strong></span> <span class='ocrx_word' id='word_1_101' title='bbox 896 1392 1053 1474; x_wconf 82' lang='lat' dir='ltr'><strong>pluraliter</strong></span> <span class='ocrx_word' id='word_1_102' title='bbox 1076 1393 1112 1454; x_wconf 77' lang='lat' dir='ltr'><strong>ael</strong></span> <span class='ocrx_word' id='word_1_103' title='bbox 1137 1411 1243 1454; x_wconf 79' lang='lat' dir='ltr'><strong>amires</strong></span> <span class='ocrx_word' id='word_1_104' title='bbox 1266 1411 1404 1456; x_wconf 85' lang='lat' dir='ltr'><strong>amemur</strong></span> <span class='ocrx_word' id='word_1_105' title='bbox 1427 1397 1596 1458; x_wconf 86' lang='lat' dir='ltr'><strong>ameminor</strong></span> 
     </span>
     <span class='ocr_line' id='line_1_12' title="bbox 239 1498 1600 1586; baseline 0.001 -28"><span class='ocrx_word' id='word_1_106' title='bbox 239 1507 429 1561; x_wconf 76' lang='lat' dir='ltr'><strong>narrentur:</strong></span> <span class='ocrx_word' id='word_1_107' title='bbox 454 1499 544 1560; x_wconf 78' lang='lat' dir='ltr'><strong>morlo</strong></span> <span class='ocrx_word' id='word_1_108' title='bbox 560 1501 693 1579; x_wconf 87' lang='lat' dir='ltr'><strong>optativo</strong></span> <span class='ocrx_word' id='word_1_109' title='bbox 710 1507 846 1580; x_wconf 90' lang='lat' dir='ltr'><strong>tempore</strong></span> <span class='ocrx_word' id='word_1_110' title='bbox 871 1500 1025 1578; x_wconf 87' lang='lat' dir='ltr'><strong>praesenti</strong></span> <span class='ocrx_word' id='word_1_111' title='bbox 1051 1507 1080 1558; x_wconf 89' lang='lat' dir='ltr'><strong>et</strong></span> <span class='ocrx_word' id='word_1_112' title='bbox 1104 1499 1269 1586; x_wconf 89' lang='lat' dir='ltr'><strong>praeterito</strong></span> <span class='ocrx_word' id='word_1_113' title='bbox 1291 1498 1460 1578; x_wconf 88' lang='lat' dir='ltr'><strong>inperfecto</strong></span> <span class='ocrx_word' id='word_1_114' title='bbox 1484 1502 1600 1560; x_wconf 85' lang='lat' dir='ltr'><strong>utinam</strong></span> 
     </span>
     <span class='ocr_line' id='line_1_13' title="bbox 274 1600 1600 1682; baseline 0.002 -20"><span class='ocrx_word' id='word_1_115' title='bbox 274 1619 393 1664; x_wconf 87' lang='lat' dir='ltr'><strong>amarer</strong></span> <span class='ocrx_word' id='word_1_116' title='bbox 415 1604 564 1664; x_wconf 85' lang='lat' dir='ltr'><strong>amareris</strong></span> <span class='ocrx_word' id='word_1_117' title='bbox 587 1611 740 1665; x_wconf 84' lang='lat' dir='ltr'><strong>amaretur</strong></span> <span class='ocrx_word' id='word_1_118' title='bbox 763 1611 793 1662; x_wconf 90' lang='lat' dir='ltr'><strong>et</strong></span> <span class='ocrx_word' id='word_1_119' title='bbox 816 1600 973 1682; x_wconf 90' lang='lat' dir='ltr'><strong>pluraliter</strong></span> <span class='ocrx_word' id='word_1_120' title='bbox 997 1603 1110 1664; x_wconf 87' lang='lat' dir='ltr'><strong>utinam</strong></span> <span class='ocrx_word' id='word_1_121' title='bbox 1127 1617 1300 1663; x_wconf 86' lang='lat' dir='ltr'><strong>amaremur</strong></span> <span class='ocrx_word' id='word_1_122' title='bbox 1317 1601 1496 1664; x_wconf 87' lang='lat' dir='ltr'><strong>amaremini</strong></span> <span class='ocrx_word' id='word_1_123' title='bbox 1519 1621 1600 1664; x_wconf 85' lang='lat' dir='ltr'><strong>arna·</strong></span> 
     </span>
     <span class='ocr_line' id='line_1_14' title="bbox 273 1702 1601 1790; baseline 0.001 -25"><span class='ocrx_word' id='word_1_124' title='bbox 273 1713 396 1776; x_wconf 89' lang='lat' dir='ltr'><strong>rentur;</strong></span> <span class='ocrx_word' id='word_1_125' title='bbox 426 1705 534 1768; x_wconf 87' lang='lat' dir='ltr'><strong>eodem</strong></span> <span class='ocrx_word' id='word_1_126' title='bbox 563 1705 652 1768; x_wconf 79' lang='lat' dir='ltr'><strong>morlo</strong></span> <span class='ocrx_word' id='word_1_127' title='bbox 683 1715 820 1790; x_wconf 86' lang='lat' dir='ltr'><strong>tempore</strong></span> <span class='ocrx_word' id='word_1_128' title='bbox 849 1707 1015 1784; x_wconf 88' lang='lat' dir='ltr'><strong>praeterito</strong></span> <span class='ocrx_word' id='word_1_129' title='bbox 1039 1705 1176 1786; x_wconf 86' lang='lat' dir='ltr'><strong>perlecto</strong></span> <span class='ocrx_word' id='word_1_130' title='bbox 1200 1707 1315 1774; x_wconf 85' lang='lat' dir='ltr'><strong>utinam</strong></span> <span class='ocrx_word' id='word_1_131' title='bbox 1339 1713 1457 1767; x_wconf 89' lang='lat' dir='ltr'><strong>amatus</strong></span> <span class='ocrx_word' id='word_1_132' title='bbox 1480 1702 1535 1766; x_wconf 75' lang='lat' dir='ltr'><strong>siin</strong></span> <span class='ocrx_word' id='word_1_133' title='bbox 1560 1707 1601 1766; x_wconf 90' lang='lat' dir='ltr'><strong>sis</strong></span> 
     </span>
     <span class='ocr_line' id='line_1_15' title="bbox 274 1797 1602 1890; baseline 0 -22"><span class='ocrx_word' id='word_1_134' title='bbox 274 1809 323 1877; x_wconf 90' lang='lat' dir='ltr'><strong>slt,</strong></span> <span class='ocrx_word' id='word_1_135' title='bbox 354 1810 463 1872; x_wconf 87' lang='lat' dir='ltr'><strong>fuerim</strong></span> <span class='ocrx_word' id='word_1_136' title='bbox 493 1808 588 1872; x_wconf 90' lang='lat' dir='ltr'><strong>fueris</strong></span> <span class='ocrx_word' id='word_1_137' title='bbox 617 1809 720 1877; x_wconf 85' lang='lat' dir='ltr'><strong>fuerit,</strong></span> <span class='ocrx_word' id='word_1_138' title='bbox 746 1797 783 1872; x_wconf 62' lang='lat' dir='ltr'><strong>‘et</strong></span> <span class='ocrx_word' id='word_1_139' title='bbox 812 1808 971 1890; x_wconf 84' lang='lat' dir='ltr'><strong>pluraliter</strong></span> <span class='ocrx_word' id='word_1_140' title='bbox 999 1811 1089 1870; x_wconf 89' lang='lat' dir='ltr'><strong>amati</strong></span> <span class='ocrx_word' id='word_1_141' title='bbox 1113 1811 1209 1870; x_wconf 89' lang='lat' dir='ltr'><strong>simus</strong></span> <span class='ocrx_word' id='word_1_142' title='bbox 1232 1810 1393 1878; x_wconf 82' lang='lat' dir='ltr'><strong>fuerimus,</strong></span> <span class='ocrx_word' id='word_1_143' title='bbox 1422 1811 1512 1871; x_wconf 87' lang='lat' dir='ltr'><strong>amati</strong></span> <span class='ocrx_word' id='word_1_144' title='bbox 1536 1811 1602 1872; x_wconf 87' lang='lat' dir='ltr'><strong>sitis</strong></span> 
     </span>
     <span class='ocr_line' id='line_1_16' title="bbox 273 1907 1596 1994; baseline 0.003 -23"><span class='ocrx_word' id='word_1_145' title='bbox 273 1911 403 1988; x_wconf 88' lang='lat' dir='ltr'><strong>fueritis,</strong></span> <span class='ocrx_word' id='word_1_146' title='bbox 428 1916 519 1976; x_wconf 89' lang='lat' dir='ltr'><strong>amati</strong></span> <span class='ocrx_word' id='word_1_147' title='bbox 542 1917 604 1976; x_wconf 87' lang='lat' dir='ltr'><strong>sint</strong></span> <span class='ocrx_word' id='word_1_148' title='bbox 627 1915 757 1982; x_wconf 82' lang='lat' dir='ltr'><strong>luerint;</strong></span> <span class='ocrx_word' id='word_1_149' title='bbox 782 1913 889 1976; x_wconf 87' lang='lat' dir='ltr'><strong>eodem</strong></span> <span class='ocrx_word' id='word_1_150' title='bbox 907 1907 1157 1994; x_wconf 73' lang='lat' dir='ltr'><strong>morlo&#39;tempore</strong></span> <span class='ocrx_word' id='word_1_151' title='bbox 1174 1915 1339 1992; x_wconf 88' lang='lat' dir='ltr'><strong>praeterito</strong></span> <span class='ocrx_word' id='word_1_152' title='bbox 1362 1911 1596 1993; x_wconf 70' lang='lat' dir='ltr'><strong>plusquamper-</strong></span> 
     </span>
     <span class='ocr_line' id='line_1_17' title="bbox 237 2014 1601 2086; baseline 0.004 -14"><span class='ocrx_word' id='word_1_153' title='bbox 237 2028 260 2070; x_wconf 86' lang='lat' dir='ltr'><strong>u</strong></span> <span class='ocrx_word' id='word_1_154' title='bbox 274 2014 353 2076; x_wconf 86' lang='lat' dir='ltr'><strong>fecto</strong></span> <span class='ocrx_word' id='word_1_155' title='bbox 375 2017 491 2080; x_wconf 87' lang='lat' dir='ltr'><strong>utinam</strong></span> <span class='ocrx_word' id='word_1_156' title='bbox 508 2026 626 2079; x_wconf 86' lang='lat' dir='ltr'><strong>auratus</strong></span> <span class='ocrx_word' id='word_1_157' title='bbox 648 2035 745 2079; x_wconf 86' lang='lat' dir='ltr'><strong>essem</strong></span> <span class='ocrx_word' id='word_1_158' title='bbox 771 2035 855 2079; x_wconf 88' lang='lat' dir='ltr'><strong>esses</strong></span> <span class='ocrx_word' id='word_1_159' title='bbox 878 2024 974 2086; x_wconf 88' lang='lat' dir='ltr'><strong>esset,</strong></span> <span class='ocrx_word' id='word_1_160' title='bbox 999 2015 1123 2078; x_wconf 90' lang='lat' dir='ltr'><strong>fuissem</strong></span> <span class='ocrx_word' id='word_1_161' title='bbox 1139 2016 1247 2078; x_wconf 85' lang='lat' dir='ltr'><strong>luisses</strong></span> <span class='ocrx_word' id='word_1_162' title='bbox 1263 2015 1388 2086; x_wconf 85' lang='lat' dir='ltr'><strong>luisset,</strong></span> <span class='ocrx_word' id='word_1_163' title='bbox 1413 2019 1504 2078; x_wconf 88' lang='lat' dir='ltr'><strong>amati</strong></span> <span class='ocrx_word' id='word_1_164' title='bbox 1521 2034 1601 2078; x_wconf 87' lang='lat' dir='ltr'><strong>esse·</strong></span> 
     </span>
     <span class='ocr_line' id='line_1_18' title="bbox 274 2118 1640 2200; baseline 0.001 -20"><span class='ocrx_word' id='word_1_165' title='bbox 274 2137 340 2181; x_wconf 80' lang='lat' dir='ltr'><strong>rutis</strong></span> <span class='ocrx_word' id='word_1_166' title='bbox 363 2122 476 2182; x_wconf 86' lang='lat' dir='ltr'><strong>essetis</strong></span> <span class='ocrx_word' id='word_1_167' title='bbox 495 2128 611 2191; x_wconf 86' lang='lat' dir='ltr'><strong>essent,</strong></span> <span class='ocrx_word' id='word_1_168' title='bbox 637 2121 799 2184; x_wconf 82' lang='lat' dir='ltr'><strong>fuissemus</strong></span> <span class='ocrx_word' id='word_1_169' title='bbox 823 2119 956 2182; x_wconf 86' lang='lat' dir='ltr'><strong>fuissetis</strong></span> <span class='ocrx_word' id='word_1_170' title='bbox 980 2121 1120 2187; x_wconf 88' lang='lat' dir='ltr'><strong>fuissent;</strong></span> <span class='ocrx_word' id='word_1_171' title='bbox 1146 2118 1254 2180; x_wconf 86' lang='lat' dir='ltr'><strong>eodem</strong></span> <span class='ocrx_word' id='word_1_172' title='bbox 1279 2119 1369 2181; x_wconf 86' lang='lat' dir='ltr'><strong>modo</strong></span> <span class='ocrx_word' id='word_1_173' title='bbox 1393 2127 1530 2200; x_wconf 90' lang='lat' dir='ltr'><strong>tempore</strong></span> <span class='ocrx_word' id='word_1_174' title='bbox 1555 2121 1600 2182; x_wconf 91' lang='lat' dir='ltr'><strong>l&#39;u·</strong></span> <span class='ocrx_word' id='word_1_175' title='bbox 1634 2141 1640 2152; x_wconf 80' lang='grc'><em>’</em></span> 
     </span>
     <span class='ocr_line' id='line_1_19' title="bbox 274 2223 1600 2302; baseline 0.002 -20"><span class='ocrx_word' id='word_1_176' title='bbox 274 2229 341 2282; x_wconf 90' lang='lat' dir='ltr'><strong>turo</strong></span> <span class='ocrx_word' id='word_1_177' title='bbox 358 2223 471 2284; x_wconf 82' lang='lat' dir='ltr'><strong>allatam</strong></span> <span class='ocrx_word' id='word_1_178' title='bbox 487 2241 572 2302; x_wconf 88' lang='lat' dir='ltr'><strong>aruer</strong></span> <span class='ocrx_word' id='word_1_179' title='bbox 589 2226 699 2286; x_wconf 89' lang='lat' dir='ltr'><strong>ameris</strong></span> <span class='ocrx_word' id='word_1_180' title='bbox 722 2233 840 2286; x_wconf 91' lang='lat' dir='ltr'><strong>ametur</strong></span> <span class='ocrx_word' id='word_1_181' title='bbox 864 2225 978 2287; x_wconf 82' lang='lat' dir='ltr'><strong>utimru</strong></span> <span class='ocrx_word' id='word_1_182' title='bbox 1002 2241 1139 2286; x_wconf 90' lang='lat' dir='ltr'><strong>amemur</strong></span> <span class='ocrx_word' id='word_1_183' title='bbox 1162 2224 1304 2286; x_wconf 89' lang='lat' dir='ltr'><strong>amemini</strong></span> <span class='ocrx_word' id='word_1_184' title='bbox 1329 2231 1484 2284; x_wconf 86' lang='lat' dir='ltr'><strong>amentur:</strong></span> <span class='ocrx_word' id='word_1_185' title='bbox 1510 2223 1600 2284; x_wconf 82' lang='lat' dir='ltr'><strong>modo</strong></span> 
     </span>
     <span class='ocr_line' id='line_1_20' title="bbox 273 2322 1601 2408; baseline 0.002 -22"><span class='ocrx_word' id='word_1_186' title='bbox 273 2323 466 2388; x_wconf 87' lang='lat' dir='ltr'><strong>subiunctirc</strong></span> <span class='ocrx_word' id='word_1_187' title='bbox 493 2327 538 2389; x_wconf 84' lang='lat' dir='ltr'><strong>rel</strong></span> <span class='ocrx_word' id='word_1_188' title='bbox 569 2330 762 2390; x_wconf 80' lang='lat' dir='ltr'><strong>coniunctim</strong></span> <span class='ocrx_word' id='word_1_189' title='bbox 791 2336 928 2408; x_wconf 86' lang='lat' dir='ltr'><strong>tempore</strong></span> <span class='ocrx_word' id='word_1_190' title='bbox 959 2322 1111 2408; x_wconf 80' lang='lat' dir='ltr'><strong>praesenti</strong></span> <span class='ocrx_word' id='word_1_191' title='bbox 1141 2345 1209 2388; x_wconf 91' lang='lat' dir='ltr'><strong>cum</strong></span> <span class='ocrx_word' id='word_1_192' title='bbox 1239 2345 1323 2388; x_wconf 88' lang='lat' dir='ltr'><strong>amer</strong></span> <span class='ocrx_word' id='word_1_193' title='bbox 1346 2327 1459 2388; x_wconf 86' lang='lat' dir='ltr'><strong>ameris</strong></span> <span class='ocrx_word' id='word_1_194' title='bbox 1481 2335 1601 2388; x_wconf 89' lang='lat' dir='ltr'><strong>ametur</strong></span> 
     </span>
     <span class='ocr_line' id='line_1_21' title="bbox 274 2427 1599 2511; baseline 0.001 -22"><span class='ocrx_word' id='word_1_195' title='bbox 274 2437 303 2490; x_wconf 90' lang='lat' dir='ltr'><strong>et</strong></span> <span class='ocrx_word' id='word_1_196' title='bbox 326 2427 484 2509; x_wconf 87' lang='lat' dir='ltr'><strong>pluraliter</strong></span> <span class='ocrx_word' id='word_1_197' title='bbox 508 2449 576 2494; x_wconf 91' lang='lat' dir='ltr'><strong>cum</strong></span> <span class='ocrx_word' id='word_1_198' title='bbox 600 2449 737 2496; x_wconf 86' lang='lat' dir='ltr'><strong>amemur</strong></span> <span class='ocrx_word' id='word_1_199' title='bbox 761 2433 902 2494; x_wconf 86' lang='lat' dir='ltr'><strong>amemini</strong></span> <span class='ocrx_word' id='word_1_200' title='bbox 927 2440 1083 2498; x_wconf 64' lang='lat' dir='ltr'><strong>amentum</strong></span> <span class='ocrx_word' id='word_1_201' title='bbox 1108 2429 1215 2493; x_wconf 84' lang='lat' dir='ltr'><strong>eotlem</strong></span> <span class='ocrx_word' id='word_1_202' title='bbox 1239 2429 1327 2492; x_wconf 76' lang='lat' dir='ltr'><strong>morlo</strong></span> <span class='ocrx_word' id='word_1_203' title='bbox 1351 2439 1487 2511; x_wconf 89' lang='lat' dir='ltr'><strong>ternpore</strong></span> <span class='ocrx_word' id='word_1_204' title='bbox 1510 2447 1599 2510; x_wconf 91' lang='lat' dir='ltr'><strong>prae·</strong></span> 
     </span>
     <span class='ocr_line' id='line_1_22' title="bbox 233 2531 1600 2614; baseline 0.005 -27"><span class='ocrx_word' id='word_1_205' title='bbox 233 2547 261 2588; x_wconf 83' lang='lat' dir='ltr'><strong>so</strong></span> <span class='ocrx_word' id='word_1_206' title='bbox 277 2532 367 2594; x_wconf 90' lang='lat' dir='ltr'><strong>terito</strong></span> <span class='ocrx_word' id='word_1_207' title='bbox 391 2533 560 2614; x_wconf 88' lang='lat' dir='ltr'><strong>inperfecto</strong></span> <span class='ocrx_word' id='word_1_208' title='bbox 590 2553 659 2598; x_wconf 88' lang='lat' dir='ltr'><strong>cum</strong></span> <span class='ocrx_word' id='word_1_209' title='bbox 689 2548 821 2597; x_wconf 87' lang='lat' dir='ltr'><strong>amarer·</strong></span> <span class='ocrx_word' id='word_1_210' title='bbox 840 2536 988 2597; x_wconf 87' lang='lat' dir='ltr'><strong>amareris</strong></span> <span class='ocrx_word' id='word_1_211' title='bbox 1011 2545 1165 2596; x_wconf 88' lang='lat' dir='ltr'><strong>amaretur</strong></span> <span class='ocrx_word' id='word_1_212' title='bbox 1195 2541 1225 2595; x_wconf 89' lang='lat' dir='ltr'><strong>et</strong></span> <span class='ocrx_word' id='word_1_213' title='bbox 1247 2531 1405 2614; x_wconf 85' lang='lat' dir='ltr'><strong>pluraliter</strong></span> <span class='ocrx_word' id='word_1_214' title='bbox 1428 2551 1496 2596; x_wconf 89' lang='lat' dir='ltr'><strong>cum</strong></span> <span class='ocrx_word' id='word_1_215' title='bbox 1519 2551 1600 2595; x_wconf 89' lang='lat' dir='ltr'><strong>arna·</strong></span> 
     </span>
     <span class='ocr_line' id='line_1_23' title="bbox 272 2637 1598 2719; baseline -0.002 -18"><span class='ocrx_word' id='word_1_216' title='bbox 272 2656 376 2701; x_wconf 87' lang='lat' dir='ltr'><strong>remur</strong></span> <span class='ocrx_word' id='word_1_217' title='bbox 392 2639 568 2702; x_wconf 86' lang='lat' dir='ltr'><strong>amaremini</strong></span> <span class='ocrx_word' id='word_1_218' title='bbox 586 2647 776 2707; x_wconf 67' lang='lat' dir='ltr'><strong>asserentum</strong></span> <span class='ocrx_word' id='word_1_219' title='bbox 797 2640 802 2717; x_wconf 93' lang='grc'>1</span> <span class='ocrx_word' id='word_1_220' title='bbox 823 2638 929 2700; x_wconf 86' lang='lat' dir='ltr'><strong>eodem</strong></span> <span class='ocrx_word' id='word_1_221' title='bbox 943 2637 1034 2698; x_wconf 81' lang='lat' dir='ltr'><strong>morlo</strong></span> <span class='ocrx_word' id='word_1_222' title='bbox 1050 2647 1187 2719; x_wconf 88' lang='lat' dir='ltr'><strong>tempore</strong></span> <span class='ocrx_word' id='word_1_223' title='bbox 1199 2639 1363 2719; x_wconf 87' lang='lat' dir='ltr'><strong>praeterito</strong></span> <span class='ocrx_word' id='word_1_224' title='bbox 1381 2637 1517 2719; x_wconf 86' lang='lat' dir='ltr'><strong>perlecto</strong></span> <span class='ocrx_word' id='word_1_225' title='bbox 1530 2655 1598 2698; x_wconf 75' lang='lat' dir='ltr'><strong>curm</strong></span> 
     </span>
     <span class='ocr_line' id='line_1_24' title="bbox 272 2741 1597 2812; baseline 0.001 -12"><span class='ocrx_word' id='word_1_226' title='bbox 272 2749 388 2805; x_wconf 89' lang='lat' dir='ltr'><strong>amatus</strong></span> <span class='ocrx_word' id='word_1_227' title='bbox 411 2743 467 2804; x_wconf 91' lang='lat' dir='ltr'><strong>sim</strong></span> <span class='ocrx_word' id='word_1_228' title='bbox 490 2742 531 2804; x_wconf 90' lang='lat' dir='ltr'><strong>sis</strong></span> <span class='ocrx_word' id='word_1_229' title='bbox 554 2745 595 2804; x_wconf 90' lang='lat' dir='ltr'><strong>sit</strong></span> <span class='ocrx_word' id='word_1_230' title='bbox 622 2759 691 2804; x_wconf 89' lang='lat' dir='ltr'><strong>cum</strong></span> <span class='ocrx_word' id='word_1_231' title='bbox 716 2743 807 2805; x_wconf 85' lang='lat' dir='ltr'><strong>amati</strong></span> <span class='ocrx_word' id='word_1_232' title='bbox 830 2744 924 2803; x_wconf 88' lang='lat' dir='ltr'><strong>simus</strong></span> <span class='ocrx_word' id='word_1_233' title='bbox 947 2741 1013 2803; x_wconf 88' lang='lat' dir='ltr'><strong>sitis</strong></span> <span class='ocrx_word' id='word_1_234' title='bbox 1035 2743 1110 2812; x_wconf 85' lang='lat' dir='ltr'><strong>sint,</strong></span> <span class='ocrx_word' id='word_1_235' title='bbox 1141 2741 1249 2803; x_wconf 88' lang='lat' dir='ltr'><strong>fuerim</strong></span> <span class='ocrx_word' id='word_1_236' title='bbox 1273 2743 1366 2803; x_wconf 88' lang='lat' dir='ltr'><strong>fueris</strong></span> <span class='ocrx_word' id='word_1_237' title='bbox 1389 2741 1480 2803; x_wconf 89' lang='lat' dir='ltr'><strong>luerit</strong></span> <span class='ocrx_word' id='word_1_238' title='bbox 1504 2742 1597 2804; x_wconf 92' lang='lat' dir='ltr'><strong>fueri-</strong></span> 
     </span>
     <span class='ocr_line' id='line_1_25' title="bbox 272 2843 1596 2926; baseline 0 -20"><span class='ocrx_word' id='word_1_239' title='bbox 272 2862 339 2914; x_wconf 84' lang='lat' dir='ltr'><strong>mus</strong></span> <span class='ocrx_word' id='word_1_240' title='bbox 369 2845 486 2914; x_wconf 88' lang='lat' dir='ltr'><strong>fueritis</strong></span> <span class='ocrx_word' id='word_1_241' title='bbox 516 2847 645 2915; x_wconf 86' lang='lat' dir='ltr'><strong>fuerint;</strong></span> <span class='ocrx_word' id='word_1_242' title='bbox 677 2845 784 2908; x_wconf 85' lang='lat' dir='ltr'><strong>eorlem</strong></span> <span class='ocrx_word' id='word_1_243' title='bbox 816 2844 906 2907; x_wconf 80' lang='lat' dir='ltr'><strong>nando</strong></span> <span class='ocrx_word' id='word_1_244' title='bbox 935 2853 1073 2926; x_wconf 89' lang='lat' dir='ltr'><strong>ternpore</strong></span> <span class='ocrx_word' id='word_1_245' title='bbox 1102 2846 1266 2923; x_wconf 87' lang='lat' dir='ltr'><strong>praeterito</strong></span> <span class='ocrx_word' id='word_1_246' title='bbox 1295 2843 1596 2926; x_wconf 84' lang='lat' dir='ltr'><strong>plusquamperfecto</strong></span> 
     </span>
     <span class='ocr_line' id='line_1_26' title="bbox 272 2949 1598 3019; baseline 0.001 -10"><span class='ocrx_word' id='word_1_247' title='bbox 272 2965 341 3010; x_wconf 90' lang='lat' dir='ltr'><strong>cum</strong></span> <span class='ocrx_word' id='word_1_248' title='bbox 365 2958 481 3011; x_wconf 87' lang='lat' dir='ltr'><strong>arnatus</strong></span> <span class='ocrx_word' id='word_1_249' title='bbox 504 2967 601 3012; x_wconf 88' lang='lat' dir='ltr'><strong>essem</strong></span> <span class='ocrx_word' id='word_1_250' title='bbox 625 2966 708 3012; x_wconf 89' lang='lat' dir='ltr'><strong>esses</strong></span> <span class='ocrx_word' id='word_1_251' title='bbox 729 2959 809 3010; x_wconf 76' lang='lat' dir='ltr'><strong>essu</strong></span> <span class='ocrx_word' id='word_1_252' title='bbox 836 2967 904 3011; x_wconf 89' lang='lat' dir='ltr'><strong>cum</strong></span> <span class='ocrx_word' id='word_1_253' title='bbox 929 2949 1019 3010; x_wconf 89' lang='lat' dir='ltr'><strong>amati</strong></span> <span class='ocrx_word' id='word_1_254' title='bbox 1043 2965 1178 3010; x_wconf 90' lang='lat' dir='ltr'><strong>essemus</strong></span> <span class='ocrx_word' id='word_1_255' title='bbox 1202 2951 1310 3010; x_wconf 88' lang='lat' dir='ltr'><strong>essetis</strong></span> <span class='ocrx_word' id='word_1_256' title='bbox 1334 2957 1449 3019; x_wconf 87' lang='lat' dir='ltr'><strong>essent,</strong></span> <span class='ocrx_word' id='word_1_257' title='bbox 1475 2949 1598 3010; x_wconf 88' lang='lat' dir='ltr'><strong>fuissem</strong></span> 
     </span>
     <span class='ocr_line' id='line_1_27' title="bbox 233 3050 1597 3142; baseline 0.001 -30"><span class='ocrx_word' id='word_1_258' title='bbox 233 3051 383 3114; x_wconf 75' lang='lat' dir='ltr'><strong>ornasses</strong></span> <span class='ocrx_word' id='word_1_259' title='bbox 412 3053 520 3116; x_wconf 82' lang='lat' dir='ltr'><strong>fuisset</strong></span> <span class='ocrx_word' id='word_1_260' title='bbox 549 3055 709 3142; x_wconf 83' lang='lat' dir='ltr'><strong>fuissemus</strong></span> <span class='ocrx_word' id='word_1_261' title='bbox 737 3051 871 3114; x_wconf 87' lang='lat' dir='ltr'><strong>fuissetis</strong></span> <span class='ocrx_word' id='word_1_262' title='bbox 900 3052 1044 3122; x_wconf 89' lang='lat' dir='ltr'><strong>fuissent;</strong></span> <span class='ocrx_word' id='word_1_263' title='bbox 1075 3051 1182 3114; x_wconf 87' lang='lat' dir='ltr'><strong>eodem</strong></span> <span class='ocrx_word' id='word_1_264' title='bbox 1212 3052 1302 3114; x_wconf 83' lang='lat' dir='ltr'><strong>modo</strong></span> <span class='ocrx_word' id='word_1_265' title='bbox 1333 3062 1469 3134; x_wconf 88' lang='lat' dir='ltr'><strong>tempore</strong></span> <span class='ocrx_word' id='word_1_266' title='bbox 1494 3050 1597 3114; x_wconf 90' lang='lat' dir='ltr'><strong>futuro</strong></span> 
     </span>
     <span class='ocr_line' id='line_1_28' title="bbox 269 3155 1596 3237; baseline 0.002 -19"><span class='ocrx_word' id='word_1_267' title='bbox 269 3157 371 3237; x_wconf 86' lang='lat' dir='ltr'><strong>specie</strong></span> <span class='ocrx_word' id='word_1_268' title='bbox 396 3155 532 3219; x_wconf 89' lang='lat' dir='ltr'><strong>ulteriori</strong></span> <span class='ocrx_word' id='word_1_269' title='bbox 558 3175 626 3220; x_wconf 89' lang='lat' dir='ltr'><strong>cum</strong></span> <span class='ocrx_word' id='word_1_270' title='bbox 650 3165 767 3219; x_wconf 84' lang='lat' dir='ltr'><strong>amatus</strong></span> <span class='ocrx_word' id='word_1_271' title='bbox 791 3174 844 3217; x_wconf 91' lang='lat' dir='ltr'><strong>ero</strong></span> <span class='ocrx_word' id='word_1_272' title='bbox 868 3155 1008 3217; x_wconf 89' lang='lat' dir='ltr'><strong>eriserit</strong></span> <span class='ocrx_word' id='word_1_273' title='bbox 1031 3173 1100 3217; x_wconf 88' lang='lat' dir='ltr'><strong>cum</strong></span> <span class='ocrx_word' id='word_1_274' title='bbox 1129 3157 1222 3218; x_wconf 88' lang='lat' dir='ltr'><strong>amati</strong></span> <span class='ocrx_word' id='word_1_275' title='bbox 1245 3157 1359 3218; x_wconf 87' lang='lat' dir='ltr'><strong>erimus</strong></span> <span class='ocrx_word' id='word_1_276' title='bbox 1383 3159 1469 3218; x_wconf 91' lang='lat' dir='ltr'><strong>eritis</strong></span> <span class='ocrx_word' id='word_1_277' title='bbox 1494 3167 1596 3228; x_wconf 86' lang='lat' dir='ltr'><strong>erunt,</strong></span> 
     </span>
     <span class='ocr_line' id='line_1_29' title="bbox 271 3259 1596 3341; baseline 0.002 -21"><span class='ocrx_word' id='word_1_278' title='bbox 271 3259 359 3322; x_wconf 85' lang='lat' dir='ltr'><strong>fuere</strong></span> <span class='ocrx_word' id='word_1_279' title='bbox 382 3261 478 3322; x_wconf 89' lang='lat' dir='ltr'><strong>fueris</strong></span> <span class='ocrx_word' id='word_1_280' title='bbox 501 3261 594 3324; x_wconf 88' lang='lat' dir='ltr'><strong>fuerit</strong></span> <span class='ocrx_word' id='word_1_281' title='bbox 621 3261 769 3324; x_wconf 84' lang='lat' dir='ltr'><strong>fuerimus</strong></span> <span class='ocrx_word' id='word_1_282' title='bbox 797 3259 918 3322; x_wconf 91' lang='lat' dir='ltr'><strong>fueritis</strong></span> <span class='ocrx_word' id='word_1_283' title='bbox 947 3260 1075 3322; x_wconf 84' lang='lat' dir='ltr'><strong>l&#39;uerint:</strong></span> <span class='ocrx_word' id='word_1_284' title='bbox 1108 3259 1197 3320; x_wconf 89' lang='lat' dir='ltr'><strong>modo</strong></span> <span class='ocrx_word' id='word_1_285' title='bbox 1227 3260 1344 3322; x_wconf 90' lang='lat' dir='ltr'><strong>infinito</strong></span> <span class='ocrx_word' id='word_1_286' title='bbox 1368 3261 1505 3322; x_wconf 90' lang='lat' dir='ltr'><strong>numeris</strong></span> <span class='ocrx_word' id='word_1_287' title='bbox 1528 3281 1596 3341; x_wconf 88' lang='lat' dir='ltr'><strong>per-</strong></span> 
     </span>
     <span class='ocr_line' id='line_1_30' title="bbox 270 3362 1599 3446; baseline 0 -22"><span class='ocrx_word' id='word_1_288' title='bbox 270 3363 352 3426; x_wconf 87' lang='lat' dir='ltr'><strong>sonis</strong></span> <span class='ocrx_word' id='word_1_289' title='bbox 374 3365 499 3427; x_wconf 87' lang='lat' dir='ltr'><strong>incertis</strong></span> <span class='ocrx_word' id='word_1_290' title='bbox 524 3373 660 3446; x_wconf 88' lang='lat' dir='ltr'><strong>tempore</strong></span> <span class='ocrx_word' id='word_1_291' title='bbox 682 3367 836 3444; x_wconf 86' lang='lat' dir='ltr'><strong>praesenti</strong></span> <span class='ocrx_word' id='word_1_292' title='bbox 861 3373 890 3425; x_wconf 90' lang='lat' dir='ltr'><strong>et</strong></span> <span class='ocrx_word' id='word_1_293' title='bbox 914 3365 1079 3444; x_wconf 88' lang='lat' dir='ltr'><strong>praeterito</strong></span> <span class='ocrx_word' id='word_1_294' title='bbox 1102 3362 1271 3443; x_wconf 85' lang='lat' dir='ltr'><strong>inperfecto</strong></span> <span class='ocrx_word' id='word_1_295' title='bbox 1294 3367 1407 3440; x_wconf 81' lang='lat' dir='ltr'><strong>amari,</strong></span> <span class='ocrx_word' id='word_1_296' title='bbox 1430 3367 1599 3442; x_wconf 81' lang='lat' dir='ltr'><strong>praeterito</strong></span> 
     </span>
     <span class='ocr_line' id='line_1_31' title="bbox 265 3465 1597 3547; baseline 0 -19"><span class='ocrx_word' id='word_1_297' title='bbox 265 3466 409 3544; x_wconf 82' lang='lat' dir='ltr'><strong>perfecto</strong></span> <span class='ocrx_word' id='word_1_298' title='bbox 430 3476 461 3531; x_wconf 82' lang='lat' dir='ltr'><strong>et</strong></span> <span class='ocrx_word' id='word_1_299' title='bbox 478 3469 785 3547; x_wconf 69' lang='lat' dir='ltr'><strong>plusquamperfecto</strong></span> <span class='ocrx_word' id='word_1_300' title='bbox 800 3476 933 3529; x_wconf 88' lang='lat' dir='ltr'><strong>amatura</strong></span> <span class='ocrx_word' id='word_1_301' title='bbox 950 3465 1133 3535; x_wconf 77' lang='lat' dir='ltr'><strong>asseruisse.</strong></span> <span class='ocrx_word' id='word_1_302' title='bbox 1159 3467 1260 3530; x_wconf 92' lang='lat' dir='ltr'><strong>futuro</strong></span> <span class='ocrx_word' id='word_1_303' title='bbox 1277 3477 1408 3530; x_wconf 86' lang='lat' dir='ltr'><strong>amatum</strong></span> <span class='ocrx_word' id='word_1_304' title='bbox 1431 3470 1469 3530; x_wconf 92' lang='lat' dir='ltr'><strong>iri</strong></span> <span class='ocrx_word' id='word_1_305' title='bbox 1494 3485 1597 3529; x_wconf 75' lang='lat' dir='ltr'><strong>aaran·</strong></span> 
     </span>
     <span class='ocr_line' id='line_1_32' title="bbox 232 3569 1597 3654; baseline 0 -24"><span class='ocrx_word' id='word_1_306' title='bbox 232 3584 259 3624; x_wconf 73' lang='lat' dir='ltr'><strong>ae</strong></span> <span class='ocrx_word' id='word_1_307' title='bbox 274 3569 345 3632; x_wconf 84' lang='lat' dir='ltr'><strong>rium</strong></span> <span class='ocrx_word' id='word_1_308' title='bbox 369 3589 444 3634; x_wconf 85' lang='lat' dir='ltr'><strong>esse.</strong></span> <span class='ocrx_word' id='word_1_309' title='bbox 491 3573 650 3654; x_wconf 86' lang='lat' dir='ltr'><strong>participia</strong></span> <span class='ocrx_word' id='word_1_310' title='bbox 676 3571 837 3634; x_wconf 83' lang='lat' dir='ltr'><strong>trabuntur</strong></span> <span class='ocrx_word' id='word_1_311' title='bbox 860 3591 877 3633; x_wconf 93' lang='lat' dir='ltr'><strong>a</strong></span> <span class='ocrx_word' id='word_1_312' title='bbox 901 3571 992 3633; x_wconf 79' lang='lat' dir='ltr'><strong>rcrlao</strong></span> <span class='ocrx_word' id='word_1_313' title='bbox 1010 3571 1127 3651; x_wconf 84' lang='lat' dir='ltr'><strong>passivo</strong></span> <span class='ocrx_word' id='word_1_314' title='bbox 1151 3573 1295 3652; x_wconf 87' lang='lat' dir='ltr'><strong>temporis</strong></span> <span class='ocrx_word' id='word_1_315' title='bbox 1318 3571 1476 3652; x_wconf 84' lang='lat' dir='ltr'><strong>praeteriti</strong></span> <span class='ocrx_word' id='word_1_316' title='bbox 1500 3579 1530 3632; x_wconf 92' lang='lat' dir='ltr'><strong>et</strong></span> <span class='ocrx_word' id='word_1_317' title='bbox 1552 3573 1597 3632; x_wconf 86' lang='lat' dir='ltr'><strong>l&#39;u-</strong></span> 
     </span>
     <span class='ocr_line' id='line_1_33' title="bbox 274 3674 1597 3756; baseline 0.002 -22"><span class='ocrx_word' id='word_1_318' title='bbox 274 3676 351 3736; x_wconf 80' lang='lat' dir='ltr'><strong>turia</strong></span> <span class='ocrx_word' id='word_1_319' title='bbox 381 3691 450 3738; x_wconf 90' lang='lat' dir='ltr'><strong>nam</strong></span> <span class='ocrx_word' id='word_1_320' title='bbox 474 3676 512 3737; x_wconf 90' lang='lat' dir='ltr'><strong>de</strong></span> <span class='ocrx_word' id='word_1_321' title='bbox 541 3678 693 3755; x_wconf 88' lang='lat' dir='ltr'><strong>praesenti</strong></span> <span class='ocrx_word' id='word_1_322' title='bbox 729 3682 866 3755; x_wconf 89' lang='lat' dir='ltr'><strong>tempore</strong></span> <span class='ocrx_word' id='word_1_323' title='bbox 893 3676 1004 3738; x_wconf 87' lang='lat' dir='ltr'><strong>locutio</strong></span> <span class='ocrx_word' id='word_1_324' title='bbox 1035 3675 1082 3745; x_wconf 88' lang='lat' dir='ltr'><strong>nt.</strong></span> <span class='ocrx_word' id='word_1_325' title='bbox 1120 3683 1152 3737; x_wconf 90' lang='lat' dir='ltr'><strong>ut</strong></span> <span class='ocrx_word' id='word_1_326' title='bbox 1175 3674 1237 3736; x_wconf 75' lang='lat' dir='ltr'><strong>‘liic</strong></span> <span class='ocrx_word' id='word_1_327' title='bbox 1266 3677 1317 3756; x_wconf 82' lang='lat' dir='ltr'><strong>qtri</strong></span> <span class='ocrx_word' id='word_1_328' title='bbox 1341 3677 1482 3738; x_wconf 89' lang='lat' dir='ltr'><strong>amatur&#39;.</strong></span> <span class='ocrx_word' id='word_1_329' title='bbox 1528 3693 1597 3755; x_wconf 83' lang='lat' dir='ltr'><strong>par·</strong></span> 
     </span>
     <span class='ocr_line' id='line_1_34' title="bbox 272 3777 1598 3859; baseline -0.001 -20"><span class='ocrx_word' id='word_1_330' title='bbox 272 3778 374 3857; x_wconf 86' lang='lat' dir='ltr'><strong>ticipie</strong></span> <span class='ocrx_word' id='word_1_331' title='bbox 400 3779 544 3858; x_wconf 85' lang='lat' dir='ltr'><strong>temporis</strong></span> <span class='ocrx_word' id='word_1_332' title='bbox 561 3781 717 3859; x_wconf 87' lang='lat' dir='ltr'><strong>praeteriti</strong></span> <span class='ocrx_word' id='word_1_333' title='bbox 734 3779 782 3842; x_wconf 83' lang='lat' dir='ltr'><strong>uic</strong></span> <span class='ocrx_word' id='word_1_334' title='bbox 800 3789 915 3840; x_wconf 89' lang='lat' dir='ltr'><strong>amatus</strong></span> <span class='ocrx_word' id='word_1_335' title='bbox 931 3778 1005 3841; x_wconf 86' lang='lat' dir='ltr'><strong>haec</strong></span> <span class='ocrx_word' id='word_1_336' title='bbox 1027 3789 1124 3841; x_wconf 90' lang='lat' dir='ltr'><strong>amata</strong></span> <span class='ocrx_word' id='word_1_337' title='bbox 1149 3777 1206 3839; x_wconf 79' lang='lat' dir='ltr'><strong>uae</strong></span> <span class='ocrx_word' id='word_1_338' title='bbox 1230 3789 1360 3840; x_wconf 82' lang='lat' dir='ltr'><strong>auratum</strong></span> <span class='ocrx_word' id='word_1_339' title='bbox 1386 3788 1416 3841; x_wconf 89' lang='lat' dir='ltr'><strong>et</strong></span> <span class='ocrx_word' id='word_1_340' title='bbox 1439 3779 1598 3858; x_wconf 90' lang='lat' dir='ltr'><strong>pluraliter</strong></span> 
     </span>
     <span class='ocr_line' id='line_1_35' title="bbox 273 3879 1596 3964; baseline 0.002 -24"><span class='ocrx_word' id='word_1_341' title='bbox 273 3880 302 3942; x_wconf 82' lang='lat' dir='ltr'><strong>lai</strong></span> <span class='ocrx_word' id='word_1_342' title='bbox 337 3884 430 3944; x_wconf 84' lang='lat' dir='ltr'><strong>atnati</strong></span> <span class='ocrx_word' id='word_1_343' title='bbox 465 3881 522 3944; x_wconf 90' lang='lat' dir='ltr'><strong>hae</strong></span> <span class='ocrx_word' id='word_1_344' title='bbox 556 3892 672 3946; x_wconf 88' lang='lat' dir='ltr'><strong>amatae</strong></span> <span class='ocrx_word' id='word_1_345' title='bbox 706 3879 784 3946; x_wconf 89' lang='lat' dir='ltr'><strong>haec</strong></span> <span class='ocrx_word' id='word_1_346' title='bbox 813 3893 926 3953; x_wconf 87' lang='lat' dir='ltr'><strong>amata,</strong></span> <span class='ocrx_word' id='word_1_347' title='bbox 959 3885 1107 3964; x_wconf 89' lang='lat' dir='ltr'><strong>temporis</strong></span> <span class='ocrx_word' id='word_1_348' title='bbox 1142 3883 1235 3943; x_wconf 88' lang='lat' dir='ltr'><strong>futuri</strong></span> <span class='ocrx_word' id='word_1_349' title='bbox 1267 3883 1316 3943; x_wconf 85' lang='lat' dir='ltr'><strong>lric</strong></span> <span class='ocrx_word' id='word_1_350' title='bbox 1347 3883 1493 3945; x_wconf 78' lang='lat' dir='ltr'><strong>amantius</strong></span> <span class='ocrx_word' id='word_1_351' title='bbox 1522 3881 1596 3943; x_wconf 75' lang='lat' dir='ltr'><strong>llaec</strong></span> 
     </span>
     <span class='ocr_line' id='line_1_36' title="bbox 273 3967 1596 4065; baseline 0.002 -20"><span class='ocrx_word' id='word_1_352' title='bbox 273 3967 399 4046; x_wconf 79' lang='lat' dir='ltr'><strong>amanda</strong></span> <span class='ocrx_word' id='word_1_353' title='bbox 424 3985 482 4048; x_wconf 87' lang='lat' dir='ltr'><strong>huc</strong></span> <span class='ocrx_word' id='word_1_354' title='bbox 505 3987 666 4048; x_wconf 83' lang='lat' dir='ltr'><strong>amantium</strong></span> <span class='ocrx_word' id='word_1_355' title='bbox 683 3987 850 4049; x_wconf 84' lang='lat' dir='ltr'><strong>hiemandi</strong></span> <span class='ocrx_word' id='word_1_356' title='bbox 871 3987 1090 4048; x_wconf 80' lang='lat' dir='ltr'><strong>haeamauclae</strong></span> <span class='ocrx_word' id='word_1_357' title='bbox 1113 3986 1188 4046; x_wconf 84' lang='lat' dir='ltr'><strong>lraec</strong></span> <span class='ocrx_word' id='word_1_358' title='bbox 1211 3986 1347 4048; x_wconf 84' lang='lat' dir='ltr'><strong>amanda.</strong></span> <span class='ocrx_word' id='word_1_359' title='bbox 1393 3985 1596 4065; x_wconf 84' lang='lat' dir='ltr'><strong>inpersunalia</strong></span> 
     </span>
     <span class='ocr_line' id='line_1_37' title="bbox 231 4085 1544 4171; baseline 0.002 -24"><span class='ocrx_word' id='word_1_360' title='bbox 231 4087 332 4150; x_wconf 84' lang='lat' dir='ltr'><strong>ssslre</strong></span> <span class='ocrx_word' id='word_1_361' title='bbox 354 4091 462 4171; x_wconf 88' lang='lat' dir='ltr'><strong>supina</strong></span> <span class='ocrx_word' id='word_1_362' title='bbox 485 4098 585 4152; x_wconf 88' lang='lat' dir='ltr'><strong>amatu</strong></span> <span class='ocrx_word' id='word_1_363' title='bbox 609 4097 749 4152; x_wconf 89' lang='lat' dir='ltr'><strong>amatum.</strong></span> <span class='ocrx_word' id='word_1_364' title='bbox 1538 4085 1544 4092; x_wconf 76' lang='grc'><strong>”</strong></span> 
     </span>
     <span class='ocr_line' id='line_1_38' title="bbox 357 4189 1595 4272; baseline 0.003 -19"><span class='ocrx_word' id='word_1_365' title='bbox 357 4189 457 4256; x_wconf 85' lang='lat' dir='ltr'><strong>lloceo</strong></span> <span class='ocrx_word' id='word_1_366' title='bbox 484 4191 610 4256; x_wconf 79' lang='lat' dir='ltr'><strong>verbum</strong></span> <span class='ocrx_word' id='word_1_367' title='bbox 641 4194 862 4272; x_wconf 77' lang='lat' dir='ltr'><strong>coniugationis</strong></span> <span class='ocrx_word' id='word_1_368' title='bbox 890 4195 1051 4256; x_wconf 84' lang='lat' dir='ltr'><strong>secundae.</strong></span> <span class='ocrx_word' id='word_1_369' title='bbox 1097 4195 1192 4257; x_wconf 82' lang='lat' dir='ltr'><strong>‹loceo</strong></span> <span class='ocrx_word' id='word_1_370' title='bbox 1220 4195 1310 4256; x_wconf 81' lang='lat' dir='ltr'><strong>(loces</strong></span> <span class='ocrx_word' id='word_1_371' title='bbox 1341 4195 1430 4258; x_wconf 89' lang='lat' dir='ltr'><strong>docet</strong></span> <span class='ocrx_word' id='word_1_372' title='bbox 1452 4195 1595 4257; x_wconf 82' lang='lat' dir='ltr'><strong>docemus</strong></span> 
     </span>
     <span class='ocr_line' id='line_1_39' title="bbox 270 4275 1593 4388; baseline 0.002 -32"><span class='ocrx_word' id='word_1_373' title='bbox 270 4295 385 4358; x_wconf 78' lang='lat' dir='ltr'><strong>elocetls</strong></span> <span class='ocrx_word' id='word_1_374' title='bbox 414 4296 540 4367; x_wconf 81' lang='lat' dir='ltr'><strong>(locem.</strong></span> <span class='ocrx_word' id='word_1_375' title='bbox 572 4305 708 4378; x_wconf 89' lang='lat' dir='ltr'><strong>tempure</strong></span> <span class='ocrx_word' id='word_1_376' title='bbox 736 4275 900 4378; x_wconf 80' lang='lat' dir='ltr'><strong>praeterito</strong></span> <span class='ocrx_word' id='word_1_377' title='bbox 930 4299 1099 4378; x_wconf 89' lang='lat' dir='ltr'><strong>inperfecto</strong></span> <span class='ocrx_word' id='word_1_378' title='bbox 1122 4305 1225 4380; x_wconf 88' lang='lat' dir='ltr'><strong>specie</strong></span> <span class='ocrx_word' id='word_1_379' title='bbox 1249 4299 1419 4388; x_wconf 75' lang='lat' dir='ltr'><strong>inchoativa</strong></span> <span class='ocrx_word' id='word_1_380' title='bbox 1448 4299 1593 4361; x_wconf 75' lang='lat' dir='ltr'><strong>(iacebam</strong></span> 
     </span>
     <span class='ocr_line' id='line_1_40' title="bbox 270 4397 1593 4486; baseline 0.002 -26"><span class='ocrx_word' id='word_1_381' title='bbox 270 4397 403 4462; x_wconf 83' lang='lat' dir='ltr'><strong>docebas</strong></span> <span class='ocrx_word' id='word_1_382' title='bbox 431 4399 559 4464; x_wconf 82' lang='lat' dir='ltr'><strong>docebat</strong></span> <span class='ocrx_word' id='word_1_383' title='bbox 588 4402 771 4464; x_wconf 88' lang='lat' dir='ltr'><strong>docebamus</strong></span> <span class='ocrx_word' id='word_1_384' title='bbox 799 4401 956 4465; x_wconf 84' lang='lat' dir='ltr'><strong>ducebatis</strong></span> <span class='ocrx_word' id='word_1_385' title='bbox 979 4401 1144 4476; x_wconf 90' lang='lat' dir='ltr'><strong>docebant,</strong></span> <span class='ocrx_word' id='word_1_386' title='bbox 1179 4413 1314 4486; x_wconf 87' lang='lat' dir='ltr'><strong>tempore</strong></span> <span class='ocrx_word' id='word_1_387' title='bbox 1338 4407 1502 4486; x_wconf 88' lang='lat' dir='ltr'><strong>praeterito</strong></span> <span class='ocrx_word' id='word_1_388' title='bbox 1525 4421 1593 4483; x_wconf 90' lang='lat' dir='ltr'><strong>per·</strong></span> 
     </span>
    </p>
   </div>
   <div class='ocr_carea' id='block_1_5' title="bbox 217 4605 1594 4764">
    <p class='ocr_par' dir='ltr' id='par_1_5' title="bbox 217 4605 1594 4764">
     <span class='ocr_line' id='line_1_41' title="bbox 332 4605 1594 4679; baseline 0.002 -21"><span class='ocrx_word' id='word_1_389' title='bbox 332 4611 353 4658; x_wconf 87' lang='lat'><strong>·1</strong></span> <span class='ocrx_word' id='word_1_390' title='bbox 373 4605 458 4676; x_wconf 86' lang='lat' dir='ltr'><strong>fuisti]</strong></span> <span class='ocrx_word' id='word_1_391' title='bbox 484 4607 536 4659; x_wconf 89' lang='lat' dir='ltr'><strong>fuis</strong></span> <span class='ocrx_word' id='word_1_392' title='bbox 557 4608 582 4659; x_wconf 89' lang='lat' dir='ltr'><em>B</em></span> <span class='ocrx_word' id='word_1_393' title='bbox 653 4609 870 4677; x_wconf 81' lang='lat' dir='ltr'><strong>ipluraliterad</strong></span> <span class='ocrx_word' id='word_1_394' title='bbox 896 4624 986 4661; x_wconf 87' lang='lat' dir='ltr'><strong>omnes</strong></span> <span class='ocrx_word' id='word_1_395' title='bbox 1015 4611 1186 4679; x_wconf 85' lang='lat' dir='ltr'><strong>upluraliter</strong></span> <span class='ocrx_word' id='word_1_396' title='bbox 1215 4612 1299 4663; x_wconf 89' lang='lat' dir='ltr'><strong>omnis</strong></span> <span class='ocrx_word' id='word_1_397' title='bbox 1323 4609 1349 4660; x_wconf 93' lang='lat' dir='ltr'><em>B</em></span> <span class='ocrx_word' id='word_1_398' title='bbox 1418 4615 1594 4678; x_wconf 80' lang='lat' dir='ltr'><strong>Spersouam</strong></span> 
     </span>
     <span class='ocr_line' id='line_1_42' title="bbox 217 4683 1542 4764; baseline 0.003 -20"><span class='ocrx_word' id='word_1_399' title='bbox 217 4683 222 4694; x_wconf 82' lang='grc'><strong>’</strong></span> <span class='ocrx_word' id='word_1_400' title='bbox 269 4691 363 4748; x_wconf 86' lang='lat' dir='ltr'><strong>orn.B</strong></span> <span class='ocrx_word' id='word_1_401' title='bbox 433 4695 598 4747; x_wconf 64' lang='lat' dir='ltr'><strong>eudomius</strong></span> <span class='ocrx_word' id='word_1_402' title='bbox 619 4697 644 4747; x_wconf 83' lang='lat' dir='ltr'><em>B</em></span> <span class='ocrx_word' id='word_1_403' title='bbox 748 4689 906 4760; x_wconf 86' lang='lat' dir='ltr'><strong>ameminor]</strong></span> <span class='ocrx_word' id='word_1_404' title='bbox 924 4697 1070 4747; x_wconf 83' lang='lat' dir='ltr'><strong>anraminor</strong></span> <span class='ocrx_word' id='word_1_405' title='bbox 1087 4701 1225 4764; x_wconf 82' lang='lat' dir='ltr'><strong>scripsisse</strong></span> <span class='ocrx_word' id='word_1_406' title='bbox 1243 4699 1346 4748; x_wconf 83' lang='lat' dir='ltr'><strong>videtur</strong></span> <span class='ocrx_word' id='word_1_407' title='bbox 1361 4701 1542 4764; x_wconf 74' lang='lat' dir='ltr'><strong>prummalicus</strong></span> 
     </span>
    </p>
   </div>
   <div class='ocr_carea' id='block_1_6' title="bbox 258 4779 1593 4852">
    <p class='ocr_par' dir='ltr' id='par_1_6' title="bbox 258 4779 1593 4852">
     <span class='ocr_line' id='line_1_43' title="bbox 258 4779 1593 4852; baseline 0.003 -20"><span class='ocrx_word' id='word_1_408' title='bbox 258 4781 302 4832; x_wconf 73' lang='lat' dir='ltr'><strong>r2⁸2</strong></span> <span class='ocrx_word' id='word_1_409' title='bbox 322 4779 426 4849; x_wconf 87' lang='lat' dir='ltr'><strong>fuerim]</strong></span> <span class='ocrx_word' id='word_1_410' title='bbox 447 4779 520 4833; x_wconf 87' lang='lat' dir='ltr'><strong>fuero</strong></span> <span class='ocrx_word' id='word_1_411' title='bbox 540 4783 566 4832; x_wconf 89' lang='lat' dir='ltr'><em>B</em></span> <span class='ocrx_word' id='word_1_412' title='bbox 636 4785 670 4835; x_wconf 76' lang='lat' dir='ltr'><strong>‘ts</strong></span> <span class='ocrx_word' id='word_1_413' title='bbox 690 4783 827 4850; x_wconf 87' lang='lat' dir='ltr'><strong>praeterito</strong></span> <span class='ocrx_word' id='word_1_414' title='bbox 853 4781 995 4848; x_wconf 87' lang='lat' dir='ltr'><strong>inperfecto</strong></span> <span class='ocrx_word' id='word_1_415' title='bbox 1014 4809 1049 4820; x_wconf 89' lang='lat'><em>-</em></span> <span class='ocrx_word' id='word_1_416' title='bbox 1066 4797 1181 4835; x_wconf 73' lang='lat' dir='ltr'><strong>amittunt</strong></span> <span class='ocrx_word' id='word_1_417' title='bbox 1204 4785 1235 4834; x_wconf 88' lang='lat' dir='ltr'><strong>iri</strong></span> <span class='ocrx_word' id='word_1_418' title='bbox 1255 4802 1268 4834; x_wconf 88' lang='lat' dir='ltr'><strong>a</strong></span> <span class='ocrx_word' id='word_1_419' title='bbox 1291 4785 1431 4851; x_wconf 83' lang='lat' dir='ltr'><strong>praeterito</strong></span> <span class='ocrx_word' id='word_1_420' title='bbox 1452 4784 1593 4852; x_wconf 85' lang='lat' dir='ltr'><strong>inperfecto</strong></span> 
     </span>
    </p>
   </div>
   <div class='ocr_carea' id='block_1_7' title="bbox 268 4881 1473 4993">
    <p class='ocr_par' dir='ltr' id='par_1_7' title="bbox 268 4881 1473 4993">
     <span class='ocr_line' id='line_1_44' title="bbox 1320 4881 1343 4910; baseline 0 -2"><span class='ocrx_word' id='word_1_421' title='bbox 1320 4881 1343 4910; x_wconf 78' lang='lat' dir='ltr'><strong>m</strong></span> 
     </span>
     <span class='ocr_line' id='line_1_45' title="bbox 268 4920 1473 4993; baseline 0.01 -27"><span class='ocrx_word' id='word_1_422' title='bbox 268 4929 385 4968; x_wconf 72' lang='lat' dir='ltr'><strong>amatium</strong></span> <span class='ocrx_word' id='word_1_423' title='bbox 405 4933 464 4970; x_wconf 88' lang='lat' dir='ltr'><strong>esse</strong></span> <span class='ocrx_word' id='word_1_424' title='bbox 484 4920 567 4970; x_wconf 84' lang='lat' dir='ltr'><strong>fuisse</strong></span> <span class='ocrx_word' id='word_1_425' title='bbox 586 4921 664 4971; x_wconf 85' lang='lat' dir='ltr'><strong>futuri</strong></span> <span class='ocrx_word' id='word_1_426' title='bbox 684 4923 794 4972; x_wconf 82' lang='lat' dir='ltr'><strong>amaturi</strong></span> <span class='ocrx_word' id='word_1_427' title='bbox 814 4921 836 4970; x_wconf 86' lang='lat' dir='ltr'><em>B</em></span> <span class='ocrx_word' id='word_1_428' title='bbox 916 4925 949 4974; x_wconf 73' lang='lat'><strong>29</strong></span> <span class='ocrx_word' id='word_1_429' title='bbox 968 4924 1095 4974; x_wconf 81' lang='lat' dir='ltr'><strong>trnraudm·</strong></span> <span class='ocrx_word' id='word_1_430' title='bbox 1114 4921 1196 4983; x_wconf 73' lang='lat' dir='ltr'><strong>(corr.</strong></span> <span class='ocrx_word' id='word_1_431' title='bbox 1216 4924 1356 4993; x_wconf 79' lang='lat' dir='ltr'><strong>unrarrrlus)</strong></span> <span class='ocrx_word' id='word_1_432' title='bbox 1376 4928 1428 4977; x_wconf 83' lang='lat' dir='ltr'><strong>isse</strong></span> <span class='ocrx_word' id='word_1_433' title='bbox 1450 4927 1473 4978; x_wconf 86' lang='lat' dir='ltr'><em>B</em></span> 
     </span>
    </p>
   </div>
   <div class='ocr_carea' id='block_1_8' title="bbox 0 0 1948 5550">
    <p class='ocr_par' dir='ltr' id='par_1_8' title="bbox 0 0 1948 5550">
     <span class='ocr_line' id='line_1_46' title="bbox 0 0 1948 5550; baseline 0 4"><span class='ocrx_word' id='word_1_434' title='bbox 0 0 1948 5550; x_wconf 95' lang='lat' dir='ltr'><strong> </strong></span> 
     </span>
    </p>
   </div>
  </div>
 </body>
</html>
