3850 5560
584 357 590 364 ’
674 385 724 436 nn
746 385 901 464 rnnravs
924 385 1006 439 aar.
1167 400 1171 408 ·
1206 388 1218 434 ς
1441 370 1506 438 645

1328 453 1352 526 'a
1366 474 1412 518 sm
1425 473 1465 517 ara
1479 472 1507 517 o.
1630 519 1634 525 ,

178 562 325 626 dividitur
348 565 388 624 ita
410 603 432 616 -
449 595 468 616 ν
483 559 489 630 Ι
505 559 510 630 Ι
527 561 532 630 Ι
548 594 567 614 ν
582 559 624 630 -Ι
641 557 668 628 ΙΙ
685 606 693 624 .
738 564 937 644 antispastus,
967 563 1018 641 qui
1048 549 1166 626 constat
1194 580 1230 624 ex
1259 561 1358 632 hrerl,
1387 563 1506 627 duabus

178 664 280 747 longis
302 673 333 727 et
356 665 452 738 hreri,
476 664 568 729 hahet
591 673 727 748 tempora
752 685 804 728 sex
829 675 859 728 ει
882 665 1027 729 dividitur
1050 667 1091 728 ita
1114 659 1235 732 ν-ΙΙΙ
1266 661 1412 730 alil.

266 768 340 831 item
364 771 496 833 secunda
520 770 628 834 divisio
656 777 702 832 est
724 768 831 848 dupla,
862 787 938 858 quae
968 772 1060 833 etiam
1090 768 1220 832 iambica
1250 769 1505 850 nuncupauerint

181 879 227 934 est
249 873 421 946 trochaeus,
451 873 503 956 qui
531 880 649 936 constat
672 891 708 936 ex
730 871 820 952 longa
844 881 875 933 ει
903 871 996 945 brevi,
1028 882 1198 953 temporum
1228 875 1330 941 trium,
1359 871 1506 936 dividitur

152 977 222 1038 sita
244 971 305 1042 -tl
325 973 389 1042 νΙ.
434 975 568 1047 iambus,
596 978 648 1055 qui
671 983 795 1038 constat
823 991 859 1038 ex
891 971 975 1036 brevi
1004 983 1034 1037 et
1064 974 1167 1056 loilga,
1199 984 1369 1058 temporum
1400 979 1504 1046 trium.

179 1078 325 1142 dividitur
346 1080 388 1142 ita
410 1111 429 1131 ν
444 1078 449 1144 Ι
463 1121 485 1132 -
504 1075 555 1148 lt.
602 1076 760 1148 molossus.
790 1079 842 1160 qui
865 1086 983 1142 constat
1005 1095 1041 1140 ex
1070 1077 1170 1142 trihus
1193 1078 1302 1159 longis,
1333 1087 1506 1161 temporum

179 1199 242 1253 sex,
267 1181 410 1244 dividitur
425 1183 467 1244 ita
481 1181 522 1247 -Ι
539 1179 545 1248 Ι
563 1169 623 1236 -’-
641 1179 646 1247 Ι
662 1191 667 1247 Ι
685 1179 689 1248 Ι
706 1178 735 1247 Ι.
775 1179 955 1262 tribrachys,
978 1181 1029 1264 qui
1045 1189 1162 1244 constat
1178 1199 1214 1245 ex
1230 1180 1330 1245 tribus
1352 1182 1505 1254 brevibus,

179 1291 353 1365 temporum
377 1285 481 1357 trium,
504 1283 648 1356 dividitur
670 1285 711 1346 ita
733 1314 752 1334 ν
768 1281 772 1351 Ι
786 1315 807 1336 ν
823 1317 843 1338 ν
862 1281 867 1352 Ι
884 1285 888 1344 l
906 1330 914 1346 .
959 1285 1081 1348 ionicus
1110 1287 1223 1356 maior,
1253 1286 1306 1366 qui
1328 1293 1446 1348 constat
1470 1304 1506 1347 ex

180 1387 298 1450 duabus
320 1387 419 1468 longis
442 1397 472 1450 et
494 1386 612 1450 duabus
640 1384 793 1458 brevibus,
824 1397 995 1470 temporum
1024 1405 1093 1460 sex,
1123 1387 1265 1451 dividitur
1294 1390 1334 1450 ita
1358 1427 1378 1440 -
1394 1385 1504 1456 -illl

140 1513 167 1554 m
181 1523 200 1542 ν
219 1523 238 1544 υ
257 1491 262 1556 Ι
284 1489 313 1557 Ι.
361 1491 480 1555 ionicus
503 1495 611 1562 minor,
636 1494 689 1573 qui
712 1499 829 1554 constat
851 1493 1025 1554 exducem
1046 1488 1189 1554 brevibus
1213 1501 1244 1554 et
1258 1491 1376 1555 duabus
1398 1491 1505 1572 longis,

180 1591 211 1654 id
233 1605 279 1658 εει
301 1604 476 1678 temporum
500 1613 564 1667 sex,
588 1594 733 1658 dividitur
755 1597 797 1658 ita
819 1590 1106 1662 ννΙΙ--ΙΙΙΙ,

272 1696 375 1762 'l'ertis
398 1699 504 1762 divisio
527 1709 589 1770 est,
619 1717 695 1778 quac
721 1696 864 1761 hemiolia
892 1699 955 1760 sive
978 1701 1338 1778 paeonicanominatur,
1368 1701 1508 1779 quotiens

182 1818 331 1864 numerus
366 1803 403 1865 ad
439 1819 598 1865 numerum
633 1809 815 1882 conparatus
851 1799 942 1865 hahet
975 1806 1073 1864 maior
1106 1803 1257 1865 minorem
1286 1821 1446 1867 numerum
1476 1811 1507 1864 et

182 1903 376 1968 medietatem
406 1906 487 1974 eins,
515 1900 548 1966 id
578 1911 625 1966 est
660 1902 899 1983 amphimacrus,
935 1905 987 1986 qni
1016 1913 1134 1968 coristat
1163 1923 1199 1967 ex
1227 1903 1333 1986 longo,
1361 1906 1447 1970 brevi
1476 1915 1507 1967 et

142 2006 281 2089 asionga,
306 2018 477 2090 temporum
501 1992 645 2090 quinque,
669 2005 812 2070 dividitur
835 2010 876 2070 ita
895 2004 1019 2074 -utll
1050 2047 1072 2060 -
1091 2003 1141 2072 ll.
1188 2007 1332 2072 bacchius
1362 2027 1398 2072 ex
1422 2009 1507 2072 brevi

185 2121 216 2174 et
238 2111 356 2174 duabus
379 2111 484 2190 longis,
516 2118 687 2191 temporum
718 2113 869 2192 quinque,
897 2110 1041 2174 dividitur
1069 2111 1108 2172 ita
1136 2107 1256 2178 ν-ΙΙΙ
1289 2149 1308 2176 -.
1328 2108 1377 2179 ΙΙ.
1430 2115 1506 2174 anti·

184 2211 319 2278 bacchus
352 2233 389 2278 ex
424 2213 543 2277 duabus
576 2209 675 2294 longis
709 2222 739 2276 et
770 2214 870 2284 brevi,
904 2198 1075 2295 temporum
1108 2215 1255 2296 quinque.
1290 2215 1433 2277 dividitur
1466 2219 1507 2276 ita

182 2360 204 2372 -
235 2316 302 2384 ΙΙ·-
319 2314 425 2384 νΙΙΙ.
470 2333 567 2397 paeon
596 2320 713 2397 primus
742 2337 779 2380 ex
807 2317 896 2398 longa
926 2320 1023 2400 prima
1054 2326 1084 2378 ει
1111 2316 1210 2380 trihus
1239 2315 1400 2387 hreeihus,
1428 2324 1505 2380 teln-

184 2439 292 2502 pcrum
316 2423 459 2503 quinque,
484 2418 628 2482 dividitur
651 2421 691 2484 ita
714 2460 733 2471 -
751 2419 790 2484 νΙ
808 2418 811 2486 Ι
829 2418 834 2486 Ι
849 2451 868 2470 ν
885 2452 904 2472 ν
923 2419 927 2488 Ι
944 2419 975 2484 Ι.
1020 2438 1115 2501 paeon
1139 2419 1291 2506 secundus
1315 2440 1351 2483 ex
1375 2421 1507 2484 secunda

144 2544 172 2585 ac
186 2524 277 2605 longa
300 2535 332 2588 et
355 2524 451 2587 tribus
474 2521 628 2593 brevibus,
652 2531 823 2604 temporum
846 2525 993 2605 quinque,
1017 2520 1160 2585 dividitur
1182 2525 1225 2586 ita
1246 2553 1265 2574 ν
1282 2519 1323 2588 -Ι
1341 2519 1344 2588 Ι
1362 2522 1366 2588 Ι
1381 2555 1400 2574 ν
1417 2554 1437 2574 ν
1455 2521 1459 2588 Ι
1477 2524 1505 2589 Ι.

184 2645 283 2709 paeon
308 2627 416 2690 tertius
439 2645 475 2690 ex
497 2629 587 2690 tertia
611 2625 699 2706 ionga
723 2634 753 2687 et
776 2626 875 2689 tribus
899 2624 1050 2697 brevibus,
1074 2632 1248 2708 temporum
1264 2627 1408 2708 quinque,
1433 2628 1506 2689 divi·

186 2730 270 2794 ditur
292 2732 334 2794 ita
357 2724 619 2798 υνΙΙ-νΙΙΙ.
663 2746 760 2811 paeon
783 2739 910 2811 quartus
938 2747 975 2790 ex
999 2737 1105 2810 quarta
1135 2727 1224 2810 longa
1254 2741 1284 2791 et
1312 2729 1409 2792 trihus
1438 2729 1507 2792 hre-

61 2907 65 2913 .
165 2832 285 2906 ribus,
310 2841 481 2914 temporum
505 2834 650 2914 quinque,
675 2832 818 2894 dividitor
841 2834 881 2894 ita
903 2827 1164 2900 υννΙΙΙ-ΙΙ.
1549 2819 1552 2826 ’

123 2921 142 2930 ”
273 2934 418 3017 conpleta
441 2945 496 3008 est,
520 2938 599 2999 sicut
621 2945 770 3016 putamus,
795 2935 873 2998 trina
896 2934 1006 3015 pedum
1029 2935 1145 2998 divisio.

147 3283 174 3325 ss
276 3263 425 3327 Caesarne
447 3278 590 3324 versuum
613 3269 685 3324 sunt
711 3269 862 3343 quattuor,
892 3260 993 3324 idest
1020 3261 1291 3341 penthemimeres,
1316 3191 1509 3344 ΙεερΙΙΙΙεῗῐοιιΙῗ

188 3385 303 3440 meres,
333 3367 422 3428 tritos
449 3365 624 3435 trochaeos,
661 3371 773 3427 tetarte
802 3363 971 3427 bucolicon.
1023 3365 1282 3444 penthemimeres
1309 3382 1434 3428 caesura
1467 3368 1508 3438 iit.

187 3473 331 3551 quotiens
360 3477 429 3548 post
456 3467 533 3531 duos
559 3467 654 3551 pedes
681 3466 795 3549 syllaba
829 3485 996 3552 remanens,
1026 3477 1142 3549 partem
1173 3471 1317 3532 terminat
1352 3471 1507 3533 orationis.

188 3570 468 3654 hephtbemimeres
498 3589 623 3634 caesura
654 3572 700 3644 iit,
730 3572 870 3653 quotiens
893 3580 962 3652 post
990 3580 1053 3670 tres
1083 3573 1177 3653 pedes
1206 3589 1369 3635 remanens
1396 3571 1509 3653 syllaba

188 3677 334 3739 orationis
349 3683 465 3756 partem
480 3671 705 3759 [de]terminat.
736 3676 822 3737 tritos
838 3674 997 3737 trochaeos
1013 3675 1055 3744 tit,
1073 3675 1211 3755 quotiens
1233 3676 1263 3737 in
1280 3675 1368 3738 tertia
1384 3677 1510 3754 regione

147 3797 174 3840 so
187 3796 260 3862 pars
283 3779 431 3840 orationis
452 3779 558 3841 linitur
581 3796 649 3841 curu
673 3778 801 3860 dactylo.
852 3785 962 3840 letaris
991 3775 1150 3841 bucolicon
1179 3779 1225 3850 iit,
1256 3796 1325 3841 cum
1347 3780 1379 3840 in
1402 3789 1509 3860 quarta

189 3885 315 3963 regione
338 3899 410 3963 pars
433 3881 579 3943 orationis
601 3899 669 3944 cum
692 3881 754 3943 line
775 3898 883 3944 sensus
905 3879 1022 3964 dactylo
1045 3883 1235 3954 terminatur,
1259 3881 1307 3943 his
1330 3883 1485 3964 exemplis,

344 3982 558 4064 degeneres
581 3985 722 4047 animos
745 3989 858 4048 timor
881 3985 1019 4064 arguit,
1044 3984 1112 4046 heu
1136 3984 1271 4064 quibus
1293 3981 1376 4057 iile,

344 4095 445 4157 nate,
470 4104 576 4150 meae
600 4089 715 4160 vires,
740 4106 817 4150 mea
841 4106 971 4168 magna
994 4088 1165 4168 potentia
1189 4086 1307 4150 solus.

188 4192 243 4256 sed
268 4208 304 4255 ex
328 4188 374 4252 his
396 4198 538 4271 quattuor
553 4192 688 4253 caesuris
711 4190 787 4254 duae
803 4193 919 4272 primae
942 4189 1093 4270 adlegatu
1109 4191 1351 4254 scandendorum
1367 4210 1507 4256 versuum

147 4314 175 4356 ss
189 4305 261 4360 sunt
277 4295 403 4366 dicatae,
420 4303 541 4357 ceterae
559 4312 629 4356 vero
641 4294 718 4358 duae
734 4305 924 4376 posterorum
942 4293 1150 4357 technicorum
1162 4295 1274 4358 iudicio
1286 4304 1358 4369 sunt
1370 4297 1507 4360 omissae.

262 4469 295 4519 10
311 4466 414 4518 duobus
431 4468 524 4532 priore
541 4469 599 4518 ιοοο
617 4481 665 4518 orn.
684 4447 713 4519 A'
777 4467 810 4536 12
828 4465 944 4516 emiolica
964 4467 1021 4518 sina
1039 4467 1144 4532 pionica
1162 4468 1187 4518 A

259 4553 294 4604 26
316 4552 378 4604 ιίιοε
402 4551 521 4603 trocheus
545 4553 585 4615 A,
612 4553 672 4604 dem
694 4553 728 4604 28
833 4555 864 4604 31
889 4552 998 4619 degeres
1027 4555 1067 4606 A:
1099 4554 1179 4618 Verp.
1203 4555 1271 4606 Aea.
1295 4553 1365 4606 1111
1389 4557 1433 4607 13.
1474 4571 1510 4607 ea:

190 4647 315 4709 quattuor
331 4653 499 4691 coenosorum
518 4641 653 4704 exemplis,
672 4653 738 4706 puae
755 4645 935 4703 grmnmcttcue
953 4641 1146 4706 adres-ipsimet,
1166 4641 1217 4693 duo
1236 4642 1328 4691 relicta
1346 4655 1415 4706 esee,
1433 4643 1511 4708 prius

190 4725 322 4778 hucolleae
339 4739 480 4787 coemeras,
499 4727 621 4783 alienam,
645 4739 695 4792 quo
713 4726 923 4791 penthemimeres
939 4727 1112 4792 probaretur,
1135 4728 1245 4778 coniecit
1262 4727 1441 4793 Heusinger-ars

190 4813 224 4865 82
243 4809 314 4880 uste]
339 4811 419 4878 Verp.
437 4812 505 4863 Aere.
519 4809 600 4860 1084
668 4812 703 4862 84
721 4809 897 4878 posterorum]
916 4823 1064 4864 nostrorum
1083 4813 1225 4866 Muellerus
1243 4813 1275 4864 de
1294 4829 1323 4864 re
1336 4819 1408 4864 metr.
1419 4831 1447 4881 p.
1461 4815 1511 4865 190

261 4909 426 4964 tegnecomm
446 4898 471 4948 A
1101 4894 1105 4902 '

745 4961 951 4973 m
