3888 5550
831 409 878 458 DE
902 411 1032 462 iterius

459 602 512 646 aaea
527 604 562 648 ex
587 604 645 666 quo
669 587 831 651 trochacus
856 591 973 651 tertiani
998 591 1070 672 quin
1090 600 1219 672 separat.

524 690 599 756 haec
622 691 659 754 cle
683 696 822 774 sequenti
847 692 970 773 copulat
993 693 1112 774 longana
1137 693 1272 763 alteram,

524 795 679 874 spondeon
705 814 769 858 esse
793 806 861 878 post
884 796 1061 860 trochaeum
1086 797 1240 880 propalam
1265 810 1324 866 cst:

524 899 575 980 qui
599 899 641 960 sic
663 899 815 962 secundus
837 908 866 960 et
889 900 1051 962 trochaicis
1075 900 1172 972 (latur,

523 1002 660 1066 iambicis
685 1013 718 1066 ut
741 1005 849 1086 irnpari
874 1002 950 1065 solet
974 1001 1050 1065 loco.

457 1121 581 1169 nuncu
604 1105 690 1189 culpa
715 1108 804 1171 metri
828 1115 888 1178 est,
912 1109 936 1168 si
962 1106 1007 1168 rel
1032 1107 1088 1168 hoc
1114 1107 1157 1170 rel
1183 1108 1292 1172 talihus
1392 1180 1396 1188 ,

521 1228 577 1292 pes
600 1212 766 1282 inseratur,
792 1221 962 1294 temporum
986 1219 1032 1272 cst
1055 1213 1106 1292 qui
1129 1220 1282 1293 quattuor,

524 1315 595 1378 lum
619 1316 734 1396 primus
758 1317 839 1396 ipse,
865 1317 916 1397 qui
940 1315 1125 1376 trochaicum
1152 1316 1233 1386 lacn,

523 1427 552 1481 et
574 1421 666 1482 tertio
690 1418 806 1483 locetur
829 1429 858 1481 ct
880 1420 985 1500 quinto
1009 1417 1094 1500 pede.

523 1541 591 1586 narn
615 1543 670 1605 pes
694 1533 837 1604 uterquc,
862 1526 932 1604 quia
956 1522 1014 1586 sibi
1039 1531 1083 1584 est
1107 1526 1287 1596 contrarius,

457 1627 635 1708 congaudet
658 1626 795 1691 locorum
818 1628 930 1709 dispari
956 1625 1103 1692 custodia.

522 1731 682 1795 trochaeus
706 1751 778 1813 ergo
802 1751 924 1814 semper
946 1733 1056 1812 impari
1080 1729 1145 1792 loco

520 1836 646 1919 parique
670 1835 787 1900 iarnhus
810 1839 867 1900 rite
891 1834 1102 1898 collocabitur:

521 1939 596 2003 nihll
621 1941 756 2012 nocebit,
781 1943 909 2023 cauisque
934 1952 1037 2004 curret
1060 1943 1180 2015 ceteris,

522 2052 555 2106 ut
577 2045 718 2126 quothue
743 2053 873 2107 metrum
897 2043 963 2132 lege
986 2045 1134 2109 condetur
1158 2065 1220 2109 sua.

455 2155 508 2204 tau
523 2165 595 2229 ergo
618 2149 670 2231 qui
695 2166 800 2211 versus
822 2157 946 2230 paratur
968 2150 1086 2227 integer
1110 2148 1291 2218 trochaicus,

521 2253 634 2313 cretico
659 2251 709 2314 liet
733 2259 850 2315 remoto
875 2260 977 2313 rectus
998 2252 1078 2315 idern
1102 2252 1259 2316 iambicus.

519 2373 612 2437 porro
635 2359 662 2418 si
685 2355 752 2418 talis
775 2354 905 2426 locetur,
930 2354 1027 2437 alualis
1049 2355 1099 2418 hic
1123 2366 1226 2419 noster
1250 2357 1339 2418 thodo
1363 2371 1418 2429 est,

520 2468 568 2522 ter
591 2459 644 2521 tihi
667 2459 824 2540 spondeun
848 2460 897 2521 hic
921 2479 1042 2540 sornpar
1064 2460 1231 2524 secundum
1255 2471 1415 2540 suggeret:

520 2565 633 2625 cretico
656 2561 741 2626 ‹tahtt
765 2573 881 2626 remoto
905 2572 951 2625 ter
974 2563 1029 2626 tibi
1052 2565 1149 2634 hunc.
1174 2565 1227 2628 sed
1252 2566 1408 2648 imparem,

454 2664 611 2730 aautalis
634 2667 799 2735 locetur.
824 2667 948 2748 qualis
972 2667 1031 2730 hic
1056 2677 1187 2730 noster
1210 2669 1317 2731 modo
1342 2679 1413 2738 ost.

519 2769 669 2852 simulque
692 2771 810 2834 iarnbos
834 2788 913 2833 nunc
937 2773 1001 2833 suis
1024 2771 1129 2833 redolet
1152 2769 1235 2843 locis,

519 2893 594 2956 quos
619 2877 648 2936 in
674 2873 833 2936 trochaeos
855 2883 938 2936 retro
965 2877 1053 2937 vertit
1077 2877 1214 2938 creticus.

517 2995 619 3040 rerurn
644 2997 660 3040 a
684 2979 837 3059 magistris
859 2997 964 3040 versus
986 2981 1044 3040 istc
1068 2977 1178 3041 dicitur

519 3080 694 3163 acephalus,
718 3083 799 3145 iden]
823 3083 874 3164 qui
900 3082 1072 3145 trochaicus
1095 3101 1225 3165 quoqne.

454 3185 715 3272 marchilochus
739 3195 845 3249 auctor
869 3185 998 3277 traditur
1022 3184 1087 3248 talis
1111 3189 1211 3248 rnctri.

518 3289 571 3352 sed
594 3287 655 3352 iarn
680 3289 790 3372 pedum
815 3308 884 3352 cuna
908 3289 1045 3368 regulam
1070 3288 1296 3370 rttsttngncron,

518 3391 637 3474 longana
663 3393 771 3456 resolvi
794 3412 849 3476 per
872 3395 946 3456 duas
970 3395 1030 3455 dini
1055 3395 1170 3465 breves,

515 3497 675 3578 ipsumque
700 3515 787 3576 posse
814 3499 948 3579 quinque
972 3507 1049 3560 totas
1072 3499 1217 3560 creticum

515 3598 625 3662 breves
647 3599 774 3670 habere,
800 3602 920 3682 quando
944 3601 1047 3682 longas
1069 3600 1204 3665 solveris.

453 3719 505 3762 aaa
520 3713 565 3767 est
587 3722 659 3784 ergo
684 3712 714 3765 et
736 3703 786 3766 ille
811 3723 914 3767 vorsus
938 3709 1057 3784 integer
1081 3724 1174 3776 nactas,

517 3827 577 3888 quo
600 3810 732 3890 quinque
756 3809 814 3870 leci
836 3807 1017 3890 syllabarum
1042 3812 1198 3880 creticum,

518 3917 550 3976 is
573 3915 646 3975 erit
670 3921 920 3992 anapaestus,
945 3915 1093 3994 quinque,
1119 3923 1186 3992 post
1208 3914 1361 3997 spontlous
1384 3923 1441 3976 est.

517 4014 651 4097 exempla
676 4034 802 4097 ponant,
827 4034 903 4097 quae
926 4014 1039 4080 locasse
1063 4018 1198 4080 Caesiurn

517 4121 596 4184 libro
619 4121 732 4189 notari,
758 4137 846 4201 quern
871 4120 953 4181 derlit
978 4121 1082 4184 metris
1105 4140 1205 4200 super,

451 4225 671 4287 nao‘beatus
693 4221 759 4285 ille
783 4225 850 4306 qui
872 4223 1007 4303 procul
1030 4225 1235 4304 negotils':

519 4339 564 4391 cst
589 4329 720 4390 creticus
743 4346 796 4408 pes
820 4327 1011 4400 Socrates,
1036 4339 1067 4390 et
1090 4347 1193 4390 versus
1217 4327 1277 4400 hic,

326 4519 515 4572 saeuientem
533 4519 714 4570 karlmannus
733 4519 834 4567 tertium
854 4517 885 4569 M
955 4519 1022 4570 ²327
1042 4531 1104 4585 post
1121 4518 1267 4568 troclraennr
1287 4531 1304 4576 ς
1323 4531 1409 4585 potest
1428 4519 1577 4570 trochaeum

257 4605 288 4656 M
359 4607 427 4658 28¹2ss
449 4604 579 4656 secundus
603 4617 628 4656 ct
651 4603 787 4655 trochaicis
808 4603 987 4656 Lachmannur
1005 4601 1139 4654 Secundus
1164 4604 1301 4655 trochaicis
1325 4605 1357 4654 all
1374 4607 1504 4657 secundus
1530 4623 1576 4674 pes

257 4691 397 4743 trochaicis
421 4693 542 4758 illicyllua
572 4692 701 4742 sacrandus
729 4691 753 4740 in
779 4689 916 4742 trochaicis
943 4689 1109 4742 Hctehlrlriru
1179 4691 1247 4740 3333
1276 4691 1374 4756 primus
1399 4691 1578 4743 Lachmannns

257 4779 332 4844 prius
350 4777 384 4829 M
450 4780 518 4830 3339
537 4777 663 4828 condatur
681 4777 822 4829 Briasueua
891 4776 1355 4843 ‘2341recrusntoyuasrecrmsll
1423 4779 1490 4828 3363
1509 4776 1577 4845 dixi]

256 4881 280 4918 a.
300 4867 369 4914 ttae
385 4881 443 4932 sqq.
512 4860 886 4929 hibbillerersus]a.140.i
957 4865 1028 4914 2358
1044 4860 1226 4928 Caesiumlrf.
1246 4879 1367 4928 nrprap.
1389 4866 1440 4913 250
1510 4866 1578 4916 ‘2:360

259 4951 327 5006 Hor.
346 4952 423 5017 epod.
443 4953 467 5011 2,
489 4953 503 4999 t

1317 5054 1367 5104 33*
