3906 5564
599 315 681 378 'altu
700 323 812 378 GRAM.
832 322 903 376 Lm.
922 323 964 376 111
982 325 1007 386 a,
1029 325 1058 374 tt
1078 323 1189 387 -s‚a
1496 315 1557 382 105

264 423 435 480 paeonesr.
1365 433 1386 476 p.
1402 418 1530 465 rte-rec.

239 513 379 596 deinceps
409 517 535 586 ceteris,
557 511 570 598 ll
590 514 621 577 id
650 525 696 578 cst
725 512 871 596 dactylico
900 514 1092 596 anapaestico
1128 510 1333 575 choriambico
1363 511 1556 592 antispastico

238 625 268 681 et
288 619 398 681 ionicis
419 616 555 690 duobus,
585 619 659 682 dent
687 619 795 682 barum
819 617 1053 698 permixtionum
1084 617 1272 680 ‹lilierentiae
1295 625 1374 678 octo.
1420 616 1485 696 pari
1509 632 1555 676 ra·

238 724 319 784 tione
342 722 369 784 ei
390 722 429 784 sit
450 721 639 787 trochaicum
662 722 773 786 ceteris
794 721 914 790 metris,
938 729 1084 804 utsupra
1107 721 1144 784 de
1167 719 1298 784 iambico
1321 718 1460 789 diximus,
1485 737 1556 781 con·

238 827 388 905 iugatum,
417 826 491 889 dent
513 826 588 890 nliaa
611 825 799 890 differentiae
823 835 902 888 octo.
948 843 983 890 ac
1005 825 1150 908 deinceps
1178 826 1203 886 si
1231 841 1286 907 per
1316 823 1416 886 omnia
1443 822 1555 904 pedum

215 945 349 1009 agenera
362 928 514 993 similiter
536 931 587 993 liat
609 932 666 993 ista
689 929 912 1010 coniunctionis
927 925 1145 1010 multiplicatio,
1169 947 1230 992 non
1246 926 1339 992 dubie
1361 925 1478 990 clarum
1500 928 1558 989 erit

238 1031 314 1095 ellici
342 1031 529 1096 differentias
557 1046 661 1096 cxttn
695 1034 725 1095 in
754 1033 836 1096 omni
876 1043 945 1095 octo
979 1039 1146 1096 metrorum
1180 1029 1392 1114 principalium
1427 1047 1554 1094 sumnia.

237 1135 323 1199 cuius
344 1139 391 1200 rei
414 1135 586 1200 edocendae
607 1139 705 1218 gratia
728 1137 823 1200 etiam·
840 1134 988 1219 quaedam
1010 1137 1058 1199 sul
1079 1139 1202 1217 generis
1225 1132 1360 1214 exempla
1378 1151 1555 1217 proponam.

238 1257 304 1302 nem
330 1241 357 1302 si
385 1259 421 1304 ex
449 1238 567 1304 duobus
597 1239 752 1313 iambicis,
782 1257 860 1322 quas
887 1239 1130 1323 penthemimere
1153 1247 1314 1310 vocantur,
1343 1255 1448 1302 versus
1478 1255 1557 1300 uuus

238 1344 401 1426 formetur,
424 1345 475 1408 llet
496 1345 674 1427 sapphicum
698 1344 785 1408 huius
808 1343 905 1416 modi,

202 1463 226 1504 ro
639 1457 720 1511 meat
742 1467 797 1530 per
820 1467 934 1532 aequor
956 1449 1028 1511 luoa
1051 1446 1160 1529 proles.

238 1553 307 1614 item
330 1553 356 1614 si
379 1569 416 1614 ex
440 1551 557 1615 duobus
579 1550 718 1614 iambicis
741 1552 878 1616 dimetris
900 1551 1082 1616 catalecticis
1105 1552 1156 1614 liat
1175 1549 1346 1631 permixtio,
1370 1549 1402 1610 tlt
1425 1555 1556 1610 metrum

237 1655 315 1735 quod
338 1654 550 1718 aeschrionion
574 1654 698 1728 dicitur,
724 1664 757 1718 ut
779 1664 825 1720 eet
1387 1672 1390 1679 “

594 1775 698 1822 amore
721 1779 770 1822 ure
793 1759 913 1841 subegit
935 1769 965 1824 et
987 1763 1076 1840 igneo
1100 1760 1213 1823 lucore.

236 1859 370 1924 similiter
394 1862 453 1924 cluo
476 1861 624 1942 dactylica
647 1863 673 1925 si
695 1866 861 1944 coniungas
885 1864 1140 1946 penthemimere,
1164 1861 1197 1925 lit
1220 1859 1349 1942 elegiam
1374 1860 1447 1929 tale,

200 1989 223 2028 aa
595 1963 687 2030 lactea
712 1967 885 2047 sanguineis
908 1965 968 2028 lilia
992 1969 1084 2030 mixta
1108 1967 1194 2030 rosis.

236 2067 279 2131 rel
308 2071 334 2152 si
361 2071 549 2152 anapaestica
579 2068 842 2152 bepbtbemimore
870 2070 1066 2152 copulentur,
1097 2068 1101 2148 !
1131 2071 1183 2134 liet
1207 2077 1336 2132 metrum
1361 2069 1442 2152 quod
1465 2085 1556 2150 nup-

236 2169 393 2256 otptouro'v
415 2171 599 2255 appellatur,
624 2172 713 2238 veluti

466 2277 519 2340 sed
542 2276 655 2360 Iapygii
679 2277 751 2340 rada
775 2279 859 2361 ponti
883 2281 965 2342 taciti
988 2297 1085 2361 prope
1109 2278 1206 2342 litoris
1230 2287 1320 2340 actas.

236 2383 306 2442 item
330 2401 365 2444 ex
389 2380 508 2445 duobus
531 2380 708 2458 trochaicis,
733 2401 811 2464 [puae
834 2381 1096 2464 bepbtbemimore
1120 2397 1346 2463 nuncupamus,
1370 2383 1402 2444 tit
1426 2387 1556 2443 metrum

200 2483 422 2565 meuripidion,
446 2483 527 2567 quod
551 2493 596 2547 est
618 2483 694 2556 tale,

462 2586 583 2651 l'hoehe
605 2590 773 2652 carminum
796 2597 918 2670 potens,
942 2608 1010 2652 cum
1033 2607 1141 2652 sorore
1162 2590 1204 2652 sis
1227 2588 1337 2651 lavans.

237 2691 288 2755 sed
322 2701 353 2755 et
386 2691 479 2755 ntulta
516 2691 573 2756 alia
605 2711 662 2775 pec
695 2691 813 2774 singula
843 2703 1008 2756 memorum
1039 2710 1166 2774 genera,
1202 2711 1278 2774 quae
1312 2693 1453 2774 persequi
1487 2693 1558 2754 satis

237 2797 386 2877 prolixum
410 2804 466 2866 est,
489 2794 547 2858 sub
570 2795 659 2859 buius
682 2796 763 2859 modi
786 2799 954 2860 conexione
979 2798 1152 2860 miscentur.
1393 2809 1395 2812 ·

321 2899 433 2962 Verum
465 2898 539 2964 baec
561 2901 738 2972 coniuncta,
774 2919 852 2983 quae
881 2920 990 2982 graece
1018 2895 1239 2983 ἀσυνάρτητα
1268 2899 1344 2984 [non
1368 2898 1556 2983 ¹composita]

201 3005 446 3072 renominantur,
475 3004 515 3066 ita
538 3002 671 3085 perlecta
700 3014 785 3075 sunt,
815 3015 848 3067 ut
877 3003 963 3068 lacile
992 3007 1032 3067 sit
1061 3023 1151 3068 unam
1181 3022 1333 3088 quamque
1360 3014 1475 3088 partem
1499 3005 1556 3067 coli

236 3106 489 3170 determinatione
512 3107 649 3189 adsequi,
674 3107 760 3170 cuius
783 3109 822 3170 sit
844 3117 896 3171 aut
917 3111 1108 3191 proceritatis
1131 3119 1182 3172 aut
1205 3110 1336 3189 generis.
1382 3107 1431 3170 illa
1456 3101 1556 3171 autem

236 3227 312 3289 uuae
334 3209 443 3274 Graeci
473 3207 712 3292 συγκεχυμένα
742 3219 772 3273 et
795 3204 1071 3294 ἄπεμφαίνουτα,
1100 3229 1178 3292 qrraa
1206 3231 1262 3276 nos
1290 3213 1414 3276 contusa
1443 3221 1474 3275 et
1500 3213 1556 3274 inr-

237 3314 392 3378 mauilesta
416 3315 560 3386 dicineus,
584 3331 643 3378 non
665 3311 680 3400 ss
702 3323 762 3378 tam
786 3317 947 3397 perspicua
971 3325 1002 3378 ct
1023 3325 1126 3397 aperta
1149 3327 1235 3389 sunt,
1257 3315 1371 3380 idcirco
1394 3315 1474 3399 quod
1499 3333 1557 3378 non

237 3425 349 3482 tantum
380 3436 415 3480 ex
451 3417 622 3483 differentia
650 3417 837 3482 diversorum
869 3429 1036 3484 metrorum
1065 3423 1284 3499 coniugentur,
1321 3439 1425 3484 rerum
1449 3439 1485 3482 ex
1509 3439 1555 3490 eo,

200 3521 314 3602 eoquod
343 3521 446 3585 brevia
475 3532 506 3584 ct
533 3539 592 3584 non
622 3520 774 3604 perlectae
803 3525 994 3605 proceritatis
1023 3527 1053 3587 iu
1081 3524 1139 3586 hoc
1166 3543 1279 3604 genere
1307 3542 1448 3587 versuum
1480 3521 1554 3592 cola,

237 3645 311 3707 quae
334 3643 390 3688 nos
413 3623 550 3688 mambra
574 3625 719 3696 dicimus,
752 3629 915 3690 sociantur.
962 3645 1029 3688 nam
1054 3629 1150 3690 terme
1173 3647 1189 3689 a
1214 3639 1404 3691 monomctro
1428 3625 1555 3708 brachy-

237 3727 379 3792 catalecto
402 3730 521 3792 initium
544 3737 668 3791 sumunt
691 3739 722 3792 et
745 3748 804 3793 non
827 3730 904 3794 ultra
928 3731 1090 3794 dimetrum
1108 3731 1383 3814 hypercatalectum
1408 3738 1556 3792 crescunt.

237 3831 314 3896 uude
337 3831 472 3912 intellegi
494 3831 582 3894 datur
605 3851 662 3914 per
683 3833 803 3913 singula
826 3844 936 3906 metra,
968 3853 1046 3917 quaa
1069 3843 1138 3897 octo
1162 3845 1234 3898 sunt
1257 3853 1400 3906 numero,
1431 3833 1554 3896 totidem

236 3937 421 3999 incrementa
450 3934 688 3999 differentiarum
717 3939 862 4017 reperiri,
898 3938 927 4000 id
956 3945 1003 4000 est
1031 3949 1139 4002 octona
1168 3941 1199 4000 in
1228 3937 1392 4018 generibus
1420 3936 1555 4017 singulis,

124 4079 126 4084 -
203 4041 293 4102 uita:
316 4048 368 4104 aut
389 4039 471 4104 enim
493 4049 716 4103 monomctrum
740 4050 784 4102 est
806 4039 1099 4123 brachycatalectum
1124 4053 1174 4104 aut
1190 4051 1411 4105 monomctrum
1428 4039 1554 4104 catalec-

238 4145 326 4206 ticum
356 4151 409 4206 aut
443 4153 665 4207 monomctrum
700 4147 904 4208 acatalectum
932 4155 986 4206 out
1013 4153 1229 4208 monomctrum
1263 4142 1554 4228 hypercatalectum;

237 4263 340 4308 rursus
362 4253 414 4307 aut
436 4244 597 4309 dimetrum
622 4257 667 4310 est
690 4245 982 4328 brachycatalectum
1005 4258 1058 4312 aut
1079 4251 1241 4312 dimetrum
1265 4248 1472 4312 catalecticum
1503 4256 1554 4310 aut

238 4346 397 4412 dimetrum
421 4349 620 4413 acatalectum
644 4359 696 4414 ant
717 4350 878 4415 dimetrum
902 4350 1187 4434 hypercatalectum.
1217 4371 1346 4434 qtcornm
1363 4349 1499 4433 exempla
1522 4353 1554 4412 in

303 4552 417 4622 aquae]
437 4558 480 4619 qui
500 4555 526 4608 B
597 4560 629 4610 10
648 4552 722 4624 loon]
743 4557 813 4607 iouia
833 4556 894 4609 AB
906 4570 924 4615 ς
1000 4561 1031 4611 ta
1050 4559 1153 4625 subegit
1170 4556 1225 4614 Βς
1244 4558 1342 4624 subigit
1362 4560 1384 4608 A
1458 4557 1489 4608 18
1508 4557 1553 4607 scd

238 4625 341 4692 iapygia
360 4625 428 4676 cene
448 4629 471 4676 A
483 4623 537 4683 nc
618 4621 701 4694 uniti]
721 4627 781 4676 uicti
801 4627 889 4684 Atta
972 4629 1004 4680 19
1023 4628 1150 4680 trochaeis
1170 4627 1195 4678 A
1208 4629 1258 4684 Βς
1339 4621 1419 4693 arurae]
1439 4627 1510 4690 qrrod
1531 4627 1554 4678 B

293 4699 326 4747 23
345 4693 474 4760 prolixum
494 4708 533 4745 est
551 4697 577 4748 A
597 4695 726 4763 prolixum
746 4698 788 4746 eit
807 4695 831 4746 B
851 4695 979 4762 prolixum
999 4711 1067 4747 esset
1084 4711 1101 4754 ς
1153 4700 1187 4750 at
1205 4711 1296 4762 graece
1316 4712 1386 4749 corr.
1407 4711 1447 4744 -ce
1468 4697 1490 4746 A

240 4763 270 4814 tt
282 4754 568 4819 ἄΠΕΜΦὸΙΝΟΝΤὸ
580 4779 597 4821 ς
609 4765 635 4814 B
652 4754 914 4821 hriEMdhlbtoth
928 4767 952 4817 A
1010 4769 1044 4817 29
1061 4768 1235 4833 contingentur
1253 4763 1305 4822 §B
1323 4766 1516 4830 corriungantur
1531 4766 1554 4816 A

288 4835 320 4884 36
337 4847 525 4884 monomctrum
538 4847 578 4886 est
597 4835 842 4898 bmchycntnlectum
861 4847 879 4892 ς
897 4845 1086 4886 monomctrum
1101 4847 1141 4888 ast
1153 4834 1399 4899 brachycatalectico
1420 4832 1444 4882 B
1463 4849 1553 4884 mono-

239 4913 346 4952 mctrum
364 4901 624 4969 ebrachycntnlecticn
644 4905 669 4956 A
739 4905 958 4958 manumiserunt
978 4916 1021 4955 nant
1041 4919 1227 4958 monomctrum
1247 4920 1294 4956 orn.
1310 4905 1334 4956 A
1350 4903 1404 4960 Ba
1499 4965 1503 4973 ,
