3904 5556
231 377 235 384 -
326 346 375 396 xx
530 338 534 343 ·
787 311 789 316 ’
864 341 1067 392 celerimo

326 523 362 584 de
387 522 493 584 metris
517 521 715 586 Parisinus
738 519 842 596 codex,
868 538 957 602 quem
981 518 1299 600 ipsedesoripsetam,
1322 507 1418 598 parati
1442 505 1575 580 luerunt.
1615 515 1652 580 ad

327 623 435 686 borum
471 627 563 706 igitur
600 625 688 686 iidem
721 623 877 712 utriusque
910 621 979 684 libri
1016 624 1226 686 recensionem
1260 624 1299 682 ito
1330 623 1431 700 exegi,
1466 630 1498 683 nt
1532 639 1652 682 omnem

325 731 495 810 scripturae
519 728 749 806 discrepantiam
774 725 806 800 in
829 725 1020 788 adnotatione
1045 725 1236 788 exhiberem:
1261 742 1444 806 quamquam
1468 725 1498 785 in
1516 725 1653 787 Parisino

327 831 431 894 codice
460 832 575 894 inlinita
604 828 848 891 foedissimorum
877 831 1019 892 vitiorum
1050 828 1210 891 multitudo
1241 847 1295 910 por
1319 837 1413 888 totum
1438 826 1550 890 librum
1574 827 1653 889 indi·

326 935 421 998 canda
445 942 518 997 erat.
560 933 612 996 sed
638 952 672 994 ex
697 935 772 1014 ipsis
794 933 873 995 vitiis
895 931 1086 995 memorabili
1109 931 1248 1013 exemplo
1271 932 1465 1010 cognoscitur
1491 949 1526 992 cx
1551 939 1653 994 vetere
1738 941 1745 1000 ζ

328 1050 358 1100 et
387 1037 466 1099 loono
496 1035 599 1097 codice
629 1055 697 1098 cum
728 1035 913 1116 descriptum
939 1053 1018 1104 esse.
1048 1035 1196 1116 siquidem
1227 1037 1356 1098 maxima
1388 1051 1494 1095 eorum
1519 1053 1590 1115 pars
1612 1036 1652 1096 ita

328 1150 502 1222 comparata
532 1147 591 1210 cst,
628 1148 660 1200 ut
689 1139 847 1202 librarium
882 1156 941 1200 iton
970 1137 1124 1202 intellecta
1153 1146 1255 1199 retcre
1288 1141 1442 1218 scriptura
1477 1145 1506 1198 et
1536 1139 1654 1199 ratione

327 1241 575 1324 compendiorum
610 1243 645 1303 ad
682 1242 757 1306 baec
792 1239 861 1304 rltia
896 1242 1050 1323 tlelapsum
1086 1259 1166 1312 esse,
1209 1239 1360 1302 interdum
1402 1241 1491 1301 ctiam
1530 1248 1654 1321 propior
1713 1246 1718 1252 ’

327 1345 453 1409 eandem
477 1345 710 1426 imprudentiam
736 1346 826 1407 rerba
850 1345 1072 1426 transposuisse
1096 1353 1248 1424 appareat.
1294 1344 1324 1403 iu
1349 1345 1501 1422 excerptis
1525 1343 1655 1404 illidaris

327 1450 555 1512 beroensem
590 1459 620 1509 et
655 1449 918 1510 llouacensern
953 1447 1089 1508 codicem
1124 1446 1256 1510 adbilnri.
1305 1447 1509 1508 Bobiensis
1543 1445 1655 1507 codicis

329 1555 508 1632 scripturam
527 1550 777 1612 vindobonenses
801 1551 933 1612 editores
956 1550 1174 1630 praebuerunt.
1216 1551 1427 1612 Gotltannm
1452 1570 1467 1610 a
1492 1549 1654 1612 lluebncro

329 1674 397 1718 curn
427 1654 561 1717 l'utscbii
593 1655 723 1716 editione
752 1653 894 1715 collatum
924 1656 955 1714 in
985 1652 1104 1715 sclredis
1133 1653 1332 1715 Limlemauui
1363 1653 1471 1723 ltobui;
1505 1656 1654 1732 integram

284 1829 287 1834 ,
328 1769 430 1821 tamen
460 1759 642 1836 scripturam
672 1755 785 1818 codicis
808 1756 1009 1818 recentissimi
1034 1765 1063 1816 et
1090 1775 1150 1818 non
1174 1755 1271 1817 solnm
1301 1755 1458 1816 erroribus
1481 1755 1653 1826 scribentis,

328 1859 382 1924 sed
407 1862 498 1922 ctiam
523 1858 740 1942 mutationibus
763 1860 931 1922 recentium
956 1861 1221 1938 grarrunaticorum
1251 1859 1386 1939 corrupti
1409 1877 1477 1920 curu
1503 1859 1656 1922 veteribus

242 1983 243 1989 ¹
329 1961 484 2025 codicibus
513 1953 688 2024 adscribere
720 1962 824 2033 noluit
846 1963 899 2025 sed
929 1980 1039 2043 pauca,
1069 1981 1147 2044 qttae
1177 1964 1307 2024 inarime
1337 1960 1545 2049 memorabilia
1570 1963 1653 2022 ride·

332 2067 457 2134 bantiu,
490 2065 636 2128 adnotari.
682 2066 828 2146 principis
858 2066 999 2127 editionis
1027 2063 1187 2127 lectionem
1215 2066 1245 2128 iu
1269 2067 1305 2128 iis
1328 2064 1467 2136 indicari,
1492 2066 1521 2126 in
1546 2065 1656 2146 quilius

330 2171 374 2232 rel
399 2178 481 2230 recte
504 2168 616 2250 aliquid
641 2169 678 2229 ab
703 2167 819 2229 editore
843 2167 1035 2230 emctnlatum
1060 2177 1127 2230 crat
1150 2167 1193 2230 vel
1218 2167 1291 2232 utile
1310 2187 1376 2230 esse
1393 2167 1550 2231 ridebatur
1565 2171 1653 2239 scire,

329 2273 401 2354 cptid
426 2291 461 2332 ex
486 2269 533 2332 illa
557 2270 627 2332 olim
652 2271 803 2350 vulgatum
828 2273 945 2334 luisset.

272 2376 276 2381 ’
416 2374 633 2437 commentarii
655 2374 692 2436 de
715 2377 831 2437 ratione
856 2387 1022 2436 metrorum
1047 2383 1076 2436 et
1100 2375 1137 2435 de
1160 2373 1300 2437 stttalibns
1324 2383 1491 2437 metrorum
1523 2376 1593 2438 inde
1617 2375 1655 2438 ab

302 2487 434 2542 octavo
468 2476 590 2538 saeculo
624 2479 656 2538 iu
691 2476 792 2539 multis
822 2477 980 2540 codicibus
1009 2479 1115 2559 scripti
1144 2489 1228 2546 smn.
1258 2496 1274 2538 c
1305 2477 1414 2556 qulbus
1443 2480 1573 2560 prinuun
1605 2499 1656 2539 eos

331 2599 459 2660 quorum
493 2579 583 2641 iidem
619 2583 648 2641 in
683 2581 742 2642 illis
776 2581 974 2643 recensendis
1008 2590 1129 2643 secutus
1163 2598 1230 2642 snm
1265 2599 1390 2662 ponam.
1427 2581 1536 2642 deinde
1573 2580 1656 2649 alios,

331 2701 458 2766 quorum
483 2685 598 2748 mentio
622 2684 779 2766 interdum¹
796 2687 825 2746 in
851 2683 1043 2746 adnotatione
1068 2686 1144 2746 lacta
1169 2693 1230 2755 est,
1255 2683 1396 2746 indicabo
1421 2683 1530 2746 additis
1554 2685 1656 2754 titulis,

240 2771 258 2778 ”
326 2789 381 2868 ¹rpti
410 2782 498 2848 libris
526 2787 704 2868 praescripti
733 2796 764 2848 et
791 2787 954 2868 subscripti
982 2795 1061 2848 sttnt.
1107 2787 1201 2850 codex
1228 2785 1473 2850 vindobonensis
1507 2785 1556 2858 16,
1585 2788 1657 2850 olim

333 2881 548 2959 llobiettsis,
579 2907 658 2950 saec.
686 2888 746 2951 titt
771 2888 815 2952 rel
837 2890 878 2952 tx
901 2891 922 2952 l.
947 2887 1111 2952 44*-4ῖ*
1133 2893 1248 2968 Incipit
1270 2901 1469 2952 coutinentem
1498 2895 1660 2954 rrtnaimirti

332 2991 480 3054 nictarini
508 2993 546 3053 alc
575 2995 693 3054 ratione
715 3003 889 3055 metrorum.
932 2995 1093 3070 liquentes
1116 3027 1156 3038 -
1180 3003 1334 3055 exerceat.
1362 2997 1442 3065 finit.
1471 2997 1586 3072 Incipit
1620 2997 1659 3056 tle

328 3096 471 3170 finalibus
493 3097 641 3157 ntctrorii.
682 3095 869 3174 Quamquam
895 3131 933 3142 -
953 3105 1071 3176 pateret.
1100 3099 1226 3174 explicit
1246 3096 1391 3170 feliciter.
1443 3098 1488 3158 Dc
1510 3102 1656 3161 cccsnric.

282 3275 284 3280 Ι
333 3199 487 3259 caesurae
521 3207 592 3260 sant
619 3231 661 3244 -
692 3201 802 3261 addita
831 3201 870 3278 (p.
901 3196 981 3270 240,
1013 3195 1053 3278 9).
1106 3200 1200 3261 codex
1235 3199 1422 3261 blnnacensis
1456 3197 1550 3270 6281,
1586 3201 1657 3262 olitu

334 3301 596 3380 l'risingensis
619 3298 675 3370 et,
699 3320 778 3362 saec.
805 3301 866 3363 itt.
885 3299 1046 3364 atr-91*
1069 3305 1183 3380 Incipit
1206 3307 1454 3366 commentorium
1477 3306 1660 3366 anaximitmi

332 3407 477 3466 nictorini
504 3407 542 3466 cie
564 3407 686 3465 ratione
708 3415 879 3494 metrorum
893 3409 995 3482 primo
1017 3409 1055 3466 de
1077 3408 1187 3468 litteris
1209 3415 1238 3468 ct
1261 3407 1394 3483 usllnbis.
1433 3408 1595 3483 liquentes
1616 3441 1659 3454 --

333 3515 480 3570 exterreat
503 3509 557 3581 fin.
587 3509 642 3568 tio.
667 3509 853 3570 nrcxr'ma'ani
876 3511 1052 3583 pramniici.
1101 3510 1182 3581 (inm
1204 3513 1265 3571 sint
1292 3519 1433 3587 preterea
1457 3522 1518 3572 trcs
1539 3514 1659 3588 primae

331 3613 462 3672 maximi
492 3609 632 3686 supinae
666 3611 797 3672 dicendi.
852 3612 966 3688 tilaptao
999 3621 1168 3693 temperato
1201 3614 1313 3676 srrbtili.
1360 3615 1476 3690 cllrrpno
1507 3615 1540 3673 ici
1563 3618 1661 3689 praui

332 3721 470 3778 occentu.
520 3711 703 3790 Temperare
732 3716 767 3775 icl
796 3717 995 3790 circumflexo
1023 3725 1162 3778 accentu.
1213 3716 1325 3778 Sabelli
1350 3717 1384 3777 iti
1411 3725 1509 3778 acuto.
1562 3719 1659 3776 Aliter

332 3819 465 3880 isidorus
494 3818 568 3878 tiicit
591 3817 730 3878 Dicenda
753 3830 823 3878 sttrtt
845 3850 888 3862 -
912 3819 1100 3880 ueltcmentict
1130 3818 1212 3894 tlsitl.
1236 3821 1311 3898 orig.
1337 3818 1361 3880 ll
1390 3817 1448 3898 lt).
1490 3820 1660 3882 illclrorsus

335 3925 425 4002 (corr.
457 3919 633 3998 lien-orias)
664 3921 701 3982 tle
728 3924 833 3982 laetitiis
860 3929 890 3982 et
918 3925 949 3982 in
978 3939 1066 3984 roma
1089 3922 1155 3996 satit
1175 3933 1204 3982 et
1232 3925 1415 3984 trobiiissimo
1435 3941 1548 4000 peracre
1572 3927 1659 4000 (corr.

333 4025 509 4085 nobilissimi
527 4025 659 4104 ceneris)
681 4031 772 4100 patre
794 4027 911 4085 solonio
932 4031 962 4084 et
980 4034 1079 4086 matre
1090 4029 1300 4102 prissioaatia.
1339 4029 1452 4101 incipit
1465 4027 1504 4087 de
1514 4027 1660 4099 filialibus
1716 4053 1725 4064 -

316 4129 441 4188 vlitteris
464 4128 515 4186 nel
536 4127 661 4204 syllabis
684 4130 829 4188 nteirorii.
867 4127 1055 4202 Qaramponm
1079 4163 1120 4174 —
1143 4147 1184 4188 nn
1207 4130 1350 4190 meleboei
1373 4133 1427 4200 tin.
1452 4130 1503 4193 lib.
1525 4133 1662 4191 metrorii

331 4233 547 4306 prnmmatici:
577 4227 617 4290 cl.
648 4245 772 4308 gramm.
803 4229 853 4290 lat.
882 4248 908 4290 v.
939 4229 974 4291 lV
1003 4249 1032 4310 p.
1063 4231 1161 4293 xliv,
1207 4231 1301 4292 codex
1325 4232 1513 4294 Monacensis
1545 4228 1658 4303 19484,

335 4331 406 4395 olim
429 4332 737 4410 Tegernseensis
762 4329 854 4400 1484,
880 4351 958 4395 saec.
983 4332 1006 4396 X
1032 4337 1053 4396 l.
1080 4332 1225 4397 14-22*
1250 4337 1504 4396 Commentariun
1532 4339 1662 4396 anaximi

252 4419 255 4424 ¹
334 4439 479 4498 victorini
501 4437 539 4496 ric
561 4439 681 4497 ratione
704 4445 870 4496 metrorum
888 4441 993 4514 primo
1016 4439 1053 4498 tte
1076 4442 1186 4500 litteris
1208 4440 1331 4514 syllabis
1354 4440 1468 4516 incipit.
1500 4439 1660 4514 liquentes

335 4551 377 4582 ὲ
398 4541 560 4614 penetrans
584 4537 624 4621 (p.
649 4535 721 4606 224,
749 4536 808 4612 15).
851 4539 892 4600 Dc
914 4543 1015 4602 uerbis
1039 4543 1077 4623 (p.
1102 4538 1175 4610 225,
1203 4541 1229 4618 1)
1250 4549 1447 4602 -earerccnt
1470 4537 1657 4620 (1122115).
1694 4587 1698 4594 .

335 4641 381 4702 De
400 4645 577 4721 participiis
598 4677 641 4688 -
664 4645 747 4704 atltra
770 4659 834 4703 ttrtn
857 4647 897 4721 (p.
923 4639 995 4712 224,
1024 4640 1168 4722 tta-titi).
1218 4646 1405 4720 Quamquam
1428 4647 1467 4705 cle
1488 4648 1597 4706 litteris
1617 4677 1660 4690 --

337 4753 370 4806 nt
397 4748 449 4807 aio
477 4749 521 4826 (p.
545 4741 618 4815 230,
643 4741 690 4824 6).
736 4743 832 4805 codex
863 4745 1059 4807 l'arisinus
1089 4744 1174 4809 7530
1201 4765 1280 4809 saec.
1305 4746 1368 4807 Vlll
1396 4747 1416 4806 l.
1441 4743 1590 4808 ati-31*
1616 4747 1660 4808 lle

337 4849 550 4909 obseruatione
574 4851 697 4909 ultimae
719 4849 855 4928 syllabae
878 4865 952 4910 casn
975 4852 1128 4924 circulari
1149 4853 1280 4912 omnium
1298 4853 1436 4928 partitam
1459 4854 1606 4912 orationis
1622 4869 1660 4913 ac
