3906 5564
355 348 396 412 70
842 349 949 402 amun
974 349 1164 402 murorum

375 463 396 506 p.
411 451 469 492 esta.
486 452 510 492 rs
524 449 547 491 r.
1489 467 1509 508 p.
1524 455 1557 494 oa.
1572 455 1597 494 or
1612 452 1637 496 o.

348 561 432 614 erana,
457 543 590 604 ionicum
613 535 680 602 ἀπὸ
695 538 856 622 μείζονος,
880 543 1012 604 ionicum
1036 535 1104 603 dard
1129 536 1315 616 ἐλάσσονος
1331 551 1361 604 et
1375 543 1563 624 paeonicum.
1594 562 1664 604 nam

348 645 634 730 proceleumaticum
668 647 800 728 speciem
835 662 942 708 novem
977 647 1144 728 prototypis
1173 644 1318 708 decimam
1354 646 1563 710 adsociandam
1598 666 1665 710 esse

349 749 471 835 quidam
494 757 615 833 putant,
640 747 676 812 de
700 767 761 831 quo
783 766 838 810 suo
861 749 927 812 loco
943 752 1088 814 dicemus.
1135 748 1247 832 placuit
1264 749 1364 830 itaque
1389 749 1445 812 hoc
1467 751 1524 812 situ
1549 749 1665 812 ordinis

349 853 386 917 ad
407 851 620 917 illuminandas
644 870 750 914 eorum
772 851 851 915 inter
873 872 905 916 se
929 853 1144 918 alternationes
1166 872 1202 915 ac
1224 862 1342 916 mutuas
1364 854 1599 917 aemulationum
1624 855 1664 916 vi·

349 958 556 1031 cissitudines,
586 977 661 1040 quas
690 977 746 1041 per
774 959 955 1022 contrariam
984 967 1109 1019 naturae
1136 957 1316 1039 positionem
1349 955 1460 1020 habere
1490 965 1693 1028 noscerimus

349 1060 454 1124 eadem
477 1064 520 1126 sic
544 1061 697 1144 digerere,
722 1072 755 1126 ut
777 1060 931 1144 dactylicis
954 1062 1155 1140 anapaestico,
1180 1059 1315 1123 iambicis
1330 1060 1481 1123 trochaica
1506 1069 1536 1122 et
1553 1071 1665 1132 cetera,

349 1173 381 1227 ut
402 1165 492 1248 paulo
515 1177 584 1230 ante
606 1165 793 1240 induximus,
823 1185 840 1228 e
863 1164 981 1227 diverso
1012 1165 1123 1244 posita,
1155 1181 1212 1243 quo
1242 1163 1410 1226 distentae
1433 1163 1572 1226 dillerant
1601 1168 1665 1227 sire

350 1267 580 1350 copulenturet
604 1279 772 1351 congruant
793 1271 856 1352 ipsa
881 1273 961 1332 inter
985 1289 1017 1332 se
1041 1270 1265 1350 comparatione
1289 1270 1458 1352 proposita,
1485 1288 1544 1330 uon
1568 1267 1665 1331 solum

349 1372 460 1452 ingenii
489 1373 542 1436 sed
571 1383 601 1438 et
629 1373 787 1437 oculorum
818 1373 908 1435 veluti
943 1371 1198 1454 contemplatione
1227 1380 1369 1454 percepta
1399 1375 1429 1434 iu
1459 1383 1601 1453 promptu
1630 1392 1664 1434 ar

349 1477 509 1558 propatulo
532 1479 710 1541 habeantur.
1682 1499 1707 1536 ιο

791 1665 839 1730 DE
864 1665 1073 1730 DACTYLICO
1096 1665 1229 1730 otssrtto

437 1789 531 1871 lgitur
555 1788 737 1872 dactylicum
760 1788 967 1851 hexametrum
992 1792 1110 1850 constat
1132 1807 1148 1850 e
1171 1787 1315 1867 spondeo,
1341 1789 1483 1851 trochaeo
1508 1801 1537 1851 et
1560 1790 1667 1853 eorlem

352 1891 478 1974 dactylo.
524 1893 737 1957 hebetantem
761 1891 849 1954 sedes
872 1911 940 1966 sax,
965 1908 1038 1971 quas
1061 1893 1257 1955 Aristoxenus
1281 1893 1414 1955 musicus
1436 1888 1549 1974 χώρας
1572 1905 1666 1957 vocat.

352 1997 461 2077 recipit
490 1999 579 2060 etiarn
608 1995 731 2080 pedales
759 1997 869 2076 ligures
898 2005 976 2057 tres:
1005 1994 1059 2056 has
1089 1993 1195 2057 Graeci
1223 1994 1329 2058 dicunt
1356 1990 1481 2058 ruodrud
1503 1989 1666 2078 σχήματα.

352 2117 421 2162 nam
445 2108 497 2162 aut
519 2103 549 2163 in
572 2120 624 2163 sex
647 2108 748 2183 partes
765 2097 908 2161 dividitur
924 2115 978 2179 per·
994 2097 1205 2178 monopodian,
1230 2106 1280 2161 aut
1296 2097 1308 2183 ll
1325 2101 1355 2162 in
1371 2109 1433 2162 tros
1457 2119 1510 2180 per
1525 2101 1665 2184 dipodian
1683 2125 1708 2163 ra

353 2213 382 2265 et
404 2203 437 2265 ttt
459 2207 632 2274 trimetros,
656 2205 759 2266 autin
783 2202 935 2292 duaslper
957 2201 1051 2263 coito
1075 2199 1149 2272 duo,
1174 2202 1283 2284 quibus
1298 2205 1397 2266 omnis
1412 2221 1517 2266 versus
1540 2214 1666 2274 constat,

292 2307 295 2314 '
352 2305 514 2370 dirimitur.
562 2325 578 2369 o
607 2307 691 2370 ouius
720 2324 833 2387 genere
862 2304 917 2368 hae
949 2313 1115 2368 metrorum
1143 2305 1260 2386 speeies
1293 2309 1472 2387 gignuntur,
1508 2307 1666 2389 diphilium

352 2427 405 2473 seu
429 2409 622 2482 choerilium,
652 2409 860 2492 logaoedicum
889 2427 941 2472 seu
965 2407 1188 2480 archebulium,
1219 2407 1367 2473 aeolicum
1397 2413 1461 2473 sivo
1489 2411 1666 2493 sapphicum

353 2523 383 2576 et
405 2524 520 2588 cetera,
545 2513 582 2578 de
605 2533 734 2597 quorum
757 2521 835 2576 statu
858 2532 894 2576 ac
916 2515 1034 2576 ratione
1056 2531 1112 2574 suo
1135 2511 1200 2575 loco
1225 2513 1369 2576 dicemus.

438 2615 582 2701 dactylici
609 2619 701 2699 igitur
730 2619 818 2680 metri
846 2617 874 2679 id
906 2619 1103 2699 praecipuum
1133 2625 1194 2688 est,
1223 2617 1302 2698 quod
1332 2617 1459 2681 heroum
1489 2619 1665 2701 appellatur.
1682 2651 1709 2689 20

354 2718 456 2792 differt
478 2723 557 2784 enim
583 2717 588 2806 l
612 2740 628 2783 a
652 2720 797 2803 dactylico
820 2719 947 2782 heroum
971 2739 1022 2792 eo,
1054 2719 1133 2802 quod
1163 2729 1192 2783 et
1215 2717 1394 2802 dactylicum
1418 2729 1447 2784 et
1467 2727 1668 2801 apenditiorum

354 2832 400 2886 est
423 2826 506 2886 etin
529 2825 604 2889 daras
627 2824 762 2888 caeditur
785 2834 903 2906 partes,
928 2821 965 2884 de
989 2821 1098 2903 quibus
1121 2841 1212 2904 supra
1236 2825 1381 2895 diximus,
1407 2826 1666 2905 penthemimeren

354 2933 386 2990 et
408 2926 701 3010 bephihemimeren.
746 2926 922 3010 dactylicum
948 2928 1044 3000 enirn,
1070 2925 1139 2990 licet
1161 2927 1256 2990 isdem
1279 2926 1420 2992 subsistat
1442 2929 1580 3012 pedibus,
1605 2949 1667 2993 non

354 3041 453 3094 tamen
482 3031 580 3095 isdem
610 3032 810 3094 divisionibus
844 3037 878 3092 ut
909 3029 1021 3092 herous
1056 3029 1191 3093 caeditur
1226 3049 1341 3094 versus.
1387 3035 1466 3096 inter
1500 3035 1666 3116 spondeum

353 3145 452 3198 autem
476 3145 506 3198 et
534 3133 683 3216 dactylum
708 3153 849 3198 mensura
873 3141 1043 3216 temporum
1068 3141 1257 3215 congruente
1287 3137 1375 3199 etiam
1398 3139 1430 3198 in
1453 3139 1513 3200 arsi
1537 3149 1567 3200 et
1590 3137 1667 3202 thesi
1682 3167 1708 3206 as

352 3238 458 3302 eadem
488 3237 651 3320 aequalitas
681 3238 788 3310 stabit.
822 3257 912 3320 quam
942 3239 1050 3301 Graeci
1079 3238 1182 3301 dicum
1211 3239 1288 3302 icoo
1317 3235 1431 3320 λόγον.
1476 3241 1585 3323 quihus
1613 3261 1668 3323 per

353 3344 598 3406 coniunctionem
629 3351 659 3406 et
688 3342 878 3410 divisionem.
908 3353 941 3404 ut
968 3360 1058 3424 supra
1086 3340 1259 3413 docuimus,
1291 3352 1392 3406 mutua
1417 3347 1587 3426 procreatio
1611 3357 1666 3416 ost,

354 3447 522 3527 meritoque
544 3446 751 3509 indifferenter
773 3449 804 3508 in
828 3464 1017 3527 quacumque
1042 3463 1145 3509 versus
1167 3443 1253 3516 sede,
1277 3456 1310 3509 ut
1325 3465 1393 3508 sors
1416 3447 1582 3511 scandendi
1598 3469 1667 3532 pro·

354 3551 496 3619 cesserit,
520 3551 730 3633 reperiuntur,
761 3549 915 3612 dumtaxat
937 3569 1032 3632 usque
1056 3550 1092 3611 ad
1123 3547 1230 3630 pedem
1256 3559 1411 3629 quartum:
1442 3553 1563 3634 qrrirrtus
1586 3557 1667 3615 enim

353 3655 542 3736 frequenter,
579 3665 611 3717 ut
640 3653 766 3716 heroum
797 3653 897 3724 decet,
932 3650 1068 3736 dactylus
1102 3671 1170 3726 ‚esse
1204 3653 1304 3716 debet.
1352 3655 1462 3717 eadem·
1491 3659 1709 3737 cognationem

354 3759 444 3820 etiam
472 3765 667 3840 anapaestus,
697 3759 747 3840 qul
771 3755 817 3840 [e]
841 3755 967 3840 spondei
991 3759 1087 3839 prima
1111 3756 1241 3820 induas
1271 3757 1378 3820 breves
1408 3759 1498 3822 divisa
1529 3761 1667 3832 eflicitur,

424 3971 455 4023 te
473 3987 520 4039 per
538 3966 616 4024 scole
633 3971 685 4021 duo
702 3987 730 4037 p.
750 3975 793 4038 54,
807 3976 832 4026 4.
851 3976 894 4038 od,
908 3975 942 4026 32
1018 3975 1051 4025 20
1071 3971 1193 4038 Dactylici
1211 4000 1246 4012 -
1264 3975 1306 4039 71,
1323 3977 1357 4028 23
1376 3975 1525 4027 indifferens
1545 3975 1669 4028 habeatnr

357 4041 381 4094 T
379 4049 461 4094 meat.
483 4041 570 4092 Μαιιν.
590 4043 769 4093 iudo-1641

421 4233 437 4283 2
461 4231 703 4298 proceleumaticum
723 4232 748 4282 A
760 4230 817 4288 Bc
902 4231 1084 4283 adsociendam
1104 4249 1174 4286 corr.
1195 4233 1381 4284 adsociandam
1400 4235 1424 4284 A
1513 4239 1529 4288 3
1551 4233 1667 4287 dicemus

353 4319 400 4355 om.
415 4303 439 4352 Α
454 4299 523 4358 Be:
546 4300 580 4364 cf.
599 4317 626 4367 p.
646 4303 689 4364 98,
703 4304 736 4351 1⁶
805 4305 822 4354 4
844 4303 1027 4354 alternationes
1046 4302 1185 4354 Sustentata
1207 4306 1234 4354 iu
1261 4303 1365 4354 Terent.
1384 4302 1473 4356 alioue.
1493 4321 1520 4370 p.
1540 4307 1591 4355 152
1609 4309 1667 4358 coll.

357 4371 461 4423 Terent.
481 4373 547 4421 1601
565 4370 744 4422 altercationes
763 4371 826 4422 AB
849 4373 1013 4422 alterationes
1037 4387 1062 4429 ς.
1087 4373 1121 4436 cs.
1139 4391 1166 4438 p.
1183 4376 1273 4436 107‚2
1292 4385 1380 4422 ιιιιιιιιιι
1399 4374 1536 4422 sarrrndom
1557 4373 1668 4424 attenua-

353 4439 588 4491 tioneelfloiuntur
658 4439 827 4491 *ledluerso
846 4442 982 4509 proposita
1002 4441 1065 4492 AB
1083 4457 1098 4492 a
1116 4443 1221 4492 diuerso
1240 4443 1411 4509 propositae
1478 4443 1610 4507 bingenii
1629 4457 1669 4495 set

354 4510 412 4570 ised
430 4508 458 4575 ς)
478 4509 609 4560 ceorlorum
629 4507 683 4563 Bc
705 4509 816 4572 ingeniis
835 4509 858 4561 δι
876 4510 1008 4560 oculorum
1027 4511 1052 4561 A
1142 4513 1174 4563 14
1196 4505 1284 4578 etlam]
1310 4521 1394 4561 autem
1418 4524 1435 4567 ς
1524 4513 1556 4562 ts
1573 4525 1666 4564 naono·

353 4579 451 4645 podien
469 4577 523 4634 §B
546 4569 791 4633 ΜΟΝΟΠΟΔΙὸΝ
812 4581 835 4630 Α
909 4579 939 4629 18
963 4580 1124 4644 logoedicnm
1144 4583 1169 4632 A
1183 4580 1208 4630 B
1276 4579 1451 4630 arehebulium
1469 4579 1595 4632 aeolicum
1619 4597 1667 4633 om.

354 4649 388 4710 Α,
408 4649 470 4698 add.
490 4651 551 4699 aiu
570 4646 763 4713 scarpetVat.
837 4651 868 4700 19
887 4644 1016 4712 suoloco]
1035 4667 1062 4715 p.
1083 4653 1188 4708 iimo
1256 4651 1288 4699 21
1309 4649 1522 4714 etspondiacum
1541 4651 1668 4702 om.AB

355 4729 382 4771 3:
403 4717 466 4768 Atii.
484 4717 592 4768 Fortun.
610 4733 637 4783 p.
657 4719 725 4766 eodo
748 4715 837 4768 volunt
854 4719 921 4769 enim
942 4717 1048 4769 heroum
1068 4719 1110 4769 illo
1129 4721 1225 4769 tlistare
1244 4734 1258 4768 a
1276 4717 1411 4782 dactylico,
1436 4717 1507 4782 quod
1524 4718 1667 4784 dactylicus

354 4801 387 4835 ox
405 4784 508 4850 dactylo
526 4786 582 4836 solo
602 4790 645 4850 sit,
666 4785 762 4835 herous
782 4797 856 4838 etex
875 4787 993 4853 spondeo
1050 4791 1083 4839 22
1102 4785 1192 4856 supra]
1212 4807 1238 4854 p.
1257 4791 1298 4847 64,
1313 4791 1346 4838 34
1406 4788 1624 4854 penthemimeren
1644 4803 1668 4842 et

354 4853 573 4920 hepthemimeren
594 4855 618 4906 B
637 4855 864 4921 penthemimerem
883 4865 907 4906 et
925 4855 1177 4922 epthemimerenrA
1248 4859 1281 4908 25
1299 4855 1453 4922 dactylicum
1473 4856 1498 4907 B
1557 4861 1589 4910 ut
1609 4863 1667 4926 qui-

354 4919 415 4991 bus]
435 4939 501 4987 quae
520 4939 544 4974 et
562 4937 578 4980 ς
647 4927 680 4975 ‘dl
699 4919 791 4992 supra]
810 4943 838 4991 p.
858 4927 929 4988 46,6
999 4928 1032 4977 uu
1051 4929 1156 4990 quintus
1176 4929 1242 4976 enim
1262 4927 1316 4982 ςΒ
1336 4927 1380 4990 qni
1399 4939 1439 4979 rus
1459 4929 1526 4978 euim
1546 4929 1570 4979 A
