3858 5560
385 346 447 413 176
784 382 789 401 .
885 349 992 402 mann
1010 345 1200 402 vroromm

889 541 1033 603 terruit
1057 537 1198 602 urbem.

383 644 465 708 vides
480 662 601 708 sensum
618 661 678 706 non
701 661 777 715 esse,
802 644 860 707 nisi
876 641 974 723 epodo
998 641 1171 707 claudatur:
1196 642 1355 707 ‘iaculatus
1378 653 1485 717 eroes,
1511 647 1580 727 quid
1598 648 1703 710 iecerit

384 750 518 832 luppiter
540 746 723 812 audiendum
751 755 805 820 est,
841 747 963 810 ‘terruit
998 743 1126 823 orbern',
1158 746 1292 829 implevit
1315 753 1556 830 expectationem
1585 769 1702 814 sensus.

383 855 481 936 primo
504 851 583 915 libro
607 852 723 934 epodoe
746 850 890 934 sappbico
914 857 1011 912 metro
1035 851 1178 923 sabboti,
1208 849 1265 914 ode
1296 853 1428 915 secamda
1459 857 1568 918 terruit
1598 855 1702 917 orbem

385 955 552 1040 [spondeus
580 965 611 1018 et
640 953 803 1039 dactylus}
834 954 891 1017 ode
922 952 1054 1017 Xmore
1085 955 1269 1037 palaestrae,
1299 955 1356 1019 ode
1385 955 1438 1020 Xll
1461 977 1571 1020 nomen
1593 959 1729 1038 imago,s

383 1059 440 1122 ocle
463 1058 516 1122 XX
539 1078 608 1122 com
633 1059 687 1122 tibi
710 1059 843 1142 plausus,
868 1059 924 1122 ode
947 1057 1026 1121 XXll
1043 1057 1139 1122 Fusco
1155 1060 1306 1142 pbaretra,
1331 1058 1388 1122 ode
1404 1059 1481 1124 XXV
1496 1063 1584 1123 ianua
1602 1061 1702 1131 limen.

384 1163 441 1226 odo
465 1161 545 1227 XXX
569 1163 699 1226 transler
722 1165 751 1225 in
776 1162 898 1232 aedem,
934 1161 991 1226 ode
1025 1160 1131 1225 XXXll
1156 1161 1273 1226 barbito
1307 1181 1444 1235 carmen,
1481 1164 1538 1228 ode
1571 1163 1704 1226 XXXl'll

385 1286 451 1330 sere
477 1273 622 1329 moretur.
662 1265 740 1328 libro
768 1265 901 1328 seeundo
925 1266 1014 1337 baec,
1047 1265 1103 1329 ode
1127 1265 1152 1328 ll
1182 1265 1338 1349 splendeat
1360 1286 1427 1338 usu,
1457 1268 1514 1329 ode
1539 1267 1591 1330 llll
1614 1269 1705 1330 morit
1739 1341 1743 1350 ι

297 1407 298 1410 =
385 1369 542 1439 Achillem,
567 1369 623 1434 ode
648 1370 684 1432 lll
707 1378 823 1432 aestuat
845 1369 933 1440 unda,
959 1369 1015 1432 ode
1040 1369 1104 1432 Vlll
1127 1373 1243 1451 turpior
1271 1388 1387 1452 ungue,
1419 1371 1476 1434 ode
1504 1370 1529 1432 X
1554 1371 1624 1434 litus
1648 1373 1703 1433 iui-

385 1493 494 1557 qunm,
525 1473 581 1535 ode
609 1473 660 1534 Xll
683 1472 782 1536 sidera
818 1473 925 1537 nautis.
971 1472 1050 1535 libro
1085 1471 1124 1535 lll
1158 1473 1245 1548 liaeo,
1279 1473 1336 1536 ode
1371 1474 1435 1537 l'lll
1465 1477 1597 1556 caespite
1629 1477 1742 1544 virum

303 1636 307 1644 ,
384 1577 441 1640 ode
464 1577 505 1639 Xl
529 1575 633 1640 callida
658 1577 767 1647 nervis,
792 1577 848 1639 ode
872 1574 953 1640 Xllll
975 1578 1072 1640 victor
1095 1575 1131 1638 ab
1147 1597 1210 1647 ura,
1235 1577 1291 1640 ode
1316 1577 1408 1639 XVlll
1432 1598 1545 1660 aequus
1568 1579 1704 1648 alumnis,

385 1680 442 1742 ode
465 1679 517 1750 XX
541 1677 654 1761 proelia
680 1689 792 1762 raptor,
817 1679 874 1742 ode
898 1679 978 1742 XXll
1002 1679 1067 1741 diva
1084 1680 1240 1752 triformis,
1266 1680 1322 1742 ode
1338 1681 1443 1744 XXllll
1458 1681 1580 1764 lotaque
1596 1683 1703 1764 vulpis,

384 1783 465 1846 libro
498 1782 551 1845 llll
585 1782 642 1844 ode
676 1782 701 1844 ll
735 1785 856 1846 nomina
889 1792 996 1865 pomo,
1030 1783 1087 1846 ode
1122 1783 1159 1844 vt
1192 1781 1318 1846 Pbtblus
1351 1783 1494 1856 Achilles,
1530 1784 1586 1847 ode
1610 1785 1636 1848 X
1659 1795 1706 1848 est

385 1887 517 1950 hederae
542 1887 594 1948 vis.
1138 1921 1142 1928 -

470 1989 556 2054 Libri
581 1991 671 2072 primi
695 1991 751 2053 ode
774 1989 813 2052 lll
1402 1991 1403 1996 ’
1718 2019 1742 2061 15

778 2096 832 2156 sic
854 2103 891 2156 te
915 2094 997 2158 diva
1021 2103 1162 2176 potens
1185 2097 1313 2179 Cypri.

274 2259 275 2262 ,
385 2197 443 2261 boo
467 2206 596 2261 metrum
621 2198 710 2261 inodo
733 2201 763 2260 in
788 2199 924 2280 epodicis
946 2199 1034 2262 modo
1056 2202 1088 2262 ia
1110 2202 1266 2278 prandiolo
1288 2201 1419 2282 ponitur,
1444 2199 1474 2261 id
1498 2209 1544 2262 est
1567 2203 1733 2280 quotiens,
1756 2253 1759 2259 ,

386 2301 551 2366 maioribus
576 2305 682 2364 metris
705 2303 806 2364 minus
828 2300 944 2384 aliquid
967 2302 1172 2382 subiungitur,
1197 2301 1311 2384 epodos
1327 2303 1455 2373 dicitur;
1479 2305 1620 2384 quotiens
1636 2321 1707 2365 vero

385 2425 501 2470 comma
526 2403 570 2468 vel
595 2404 681 2469 colon
705 2406 823 2486 integro
847 2413 944 2467 metro
967 2408 1174 2490 praeponitur,
1199 2407 1366 2488 proodicon
1383 2406 1505 2470 dieitur.
1530 2425 1598 2468 narn
1616 2425 1704 2488 quern

385 2509 421 2573 ad
446 2509 567 2572 modum
592 2511 621 2572 ln
647 2508 901 2592 praecedentibus
923 2509 1111 2572 ostendimus
1134 2509 1231 2590 epodo
1255 2513 1437 2574 sententiam
1461 2511 1577 2580 claudi,
1610 2511 1651 2571 ita
1675 2512 1704 2571 in
1719 2537 1743 2578 ,υ

385 2613 433 2676 bis
456 2613 647 2677 manifestum
672 2622 719 2676 est
741 2631 919 2694 suspensam
944 2615 1050 2684 teneri,
1075 2611 1104 2674 id
1129 2621 1185 2685 est,
1210 2617 1242 2677 ni
1264 2612 1453 2694 subsequens
1477 2623 1575 2676 metro
1599 2614 1704 2676 adiun-

384 2726 480 2797 gatnr,
505 2735 625 2790 sensum
649 2715 828 2806 plandicare.
868 2717 960 2796 igitur·
984 2717 1040 2778 ‘sie
1063 2724 1092 2778 te
1115 2715 1181 2778 diva
1206 2729 1313 2798 potens
1329 2717 1432 2800 Cypri’
1458 2727 1503 2780 est
1526 2719 1706 2798 glyconium,

384 2819 464 2900 quod
482 2819 604 2901 quidam
621 2821 837 2883 anacreontion
854 2821 1004 2883 eliserunt.
1029 2819 1100 2881 libri
1116 2819 1209 2901 primi
1225 2819 1361 2902 glyconio
1379 2830 1473 2883 metra
1492 2822 1575 2892 baec,
1593 2822 1650 2882 odo
1668 2818 1706 2883 lll

386 2926 428 2986 sic
453 2931 481 2985 te
505 2923 570 2986 cliro
594 2933 702 3004 potens
726 2923 831 3006 Cypri,
856 2923 913 2985 ode
936 2925 959 2982 V
982 2923 1031 2985 cui
1054 2923 1159 2985 ssavam
1184 2924 1295 3004 religas
1319 2943 1452 2995 comata,
1477 2923 1534 2986 ode
1558 2924 1595 2986 lll
1620 2924 1705 2986 utiles

387 3038 415 3091 te
439 3029 516 3090 dirce
539 3029 683 3106 gesserit,
718 3025 774 3088 ode
798 3024 863 3087 Xlll
886 3044 956 3088 cum
986 3035 1017 3089 tu
1041 3026 1132 3106 Lydia
1156 3025 1298 3108 Telopbi,
1334 3028 1391 3090 ade
1420 3025 1501 3089 Xllll
1526 3027 1638 3090 nullum
1656 3047 1743 3098 roa-25

386 3133 479 3211 migio
503 3130 595 3202 latus,
619 3130 675 3193 ode
699 3129 748 3191 XV
779 3138 882 3192 ventos
905 3139 939 3204 ut
961 3139 1084 3192 caneret
1106 3130 1185 3200 lero,
1210 3131 1266 3192 ode
1290 3129 1395 3193 XVllll
1418 3140 1513 3193 mater
1537 3149 1622 3192 saeva
1646 3131 1704 3194 Cu·

388 3235 533 3316 pldinurn,
568 3233 624 3296 ode
647 3232 713 3295 XXl
747 3232 886 3295 dilectam
916 3235 1037 3315 penitus
1071 3232 1147 3304 lovi,
1181 3233 1239 3296 ode
1268 3232 1361 3296 XXlll
1392 3251 1533 3296 aurarum
1557 3245 1587 3297 et
1610 3233 1705 3296 siluae

386 3349 483 3409 tractu,
515 3338 570 3400 ode
593 3336 700 3400 XXllll
724 3355 826 3399 voeern
850 3355 918 3399 cum
943 3335 1056 3398 citbara
1080 3336 1179 3406 dedit,
1209 3336 1266 3398 ode
1293 3335 1416 3399 XXXlll
1444 3336 1523 3400 laesa
1555 3339 1708 3418 paerritoat

386 3443 454 3510 ilde,
479 3442 536 3504 ode
559 3439 674 3502 xxxvi
699 3449 727 3502 et
750 3451 817 3503 ture
841 3448 871 3502 et
893 3439 1002 3502 indibus
1025 3441 1114 3502 iuvat.
1160 3442 1191 3501 in
1208 3437 1286 3502 libro
1302 3439 1435 3504 secundo
1451 3441 1508 3502 ode
1534 3439 1586 3503 Xll
1602 3452 1705 3521 aptare

386 3543 501 3607 cithara
526 3544 640 3606 modos.
688 3542 766 3606 libro
790 3543 830 3605 lll
852 3543 908 3606 ode
933 3541 982 3604 Vll
998 3546 1164 3604 corastantis
1178 3545 1318 3606 iuvenem
1335 3545 1415 3615 fidei,
1440 3545 1496 3606 ode
1516 3543 1588 3607 Vllll
1607 3543 1703 3604 douae
1718 3573 1743 3612 ω

386 3659 489 3730 gratus
513 3666 595 3712 eram
620 3645 682 3719 tibi,
706 3647 762 3710 ode
786 3645 811 3708 X
836 3645 973 3728 plorares
1000 3643 1206 3728 aqrrilouibus,
1237 3645 1294 3709 ode
1316 3646 1383 3710 Xlll
1406 3650 1453 3709 cui
1480 3649 1562 3710 irons
1586 3647 1702 3727 turgida

455 3847 486 3898 17
505 3845 555 3896 boo
574 3859 681 3896 metrum
701 3871 732 3881 -
751 3847 785 3896 23
803 3845 985 3894 atraereontion
1005 3843 1127 3894 dixerunt
1144 3861 1170 3910 p.
1191 3847 1280 3904 toas

479 3967 589 3975 *-

453 4015 752 4084 4epodoesnpplrlco
773 4019 797 4067 A
854 4012 980 4082 bFusce]
1001 4015 1102 4068 luseA
1160 4014 1394 4084 leedemlnedeu
1415 4018 1440 4069 A
1499 4019 1529 4068 11
1550 4012 1699 4082 odeXllll]

385 4087 435 4138 ode
454 4086 513 4138 Xlll
534 4090 573 4138 A:
591 4089 617 4136 in
635 4087 769 4152 sapphicis
786 4103 812 4150 p.
826 4089 885 4148 175,
900 4087 934 4135 at
952 4087 1002 4134 ode
1021 4083 1091 4134 Xllll
1107 4084 1221 4136 Herculis
1236 4088 1284 4136 ritu
1299 4087 1376 4136 ruodo
1389 4087 1473 4136 dictus
1492 4101 1507 4136 o
1528 4085 1600 4151 plebs
1655 4087 1703 4134 ode

386 4153 484 4222 XVlll]
498 4158 525 4206 ia
537 4156 670 4222 sapphicis
682 4172 708 4220 p.
723 4158 780 4216 175,
796 4157 830 4204 at
849 4155 897 4204 ode
909 4152 1007 4203 XVllll
1027 4153 1112 4204 Faunae
1126 4155 1298 4220 nympharum
1313 4155 1467 4221 largientium
1481 4169 1504 4204 a.
1517 4156 1552 4217 os.
1572 4171 1598 4219 p.
1615 4158 1671 4216 175,
1686 4157 1702 4203 2

439 4228 471 4278 13
490 4225 578 4292 ptltiue
597 4225 622 4275 A
679 4225 708 4274 17
728 4223 776 4273 boc
795 4234 903 4273 metrum
923 4223 999 4272 modo
1020 4238 1067 4288 pro
1086 4224 1203 4289 apootcis
1218 4227 1322 4290 ponitur
1341 4227 1374 4276 A.
1394 4241 1427 4275 aa
1441 4223 1487 4274 boc
1500 4237 1610 4274 taretrnrn
1624 4224 1701 4272 ruodo

386 4295 529 4362 proodicon
543 4295 665 4361 ponitur?
680 4295 773 4344 deinde
785 4309 835 4356 pro
848 4293 872 4341 id
887 4304 934 4350 est,
952 4293 1022 4359 quod
1033 4309 1068 4343 ex
1079 4294 1163 4343 latiae
1175 4295 1399 4358 interpretatione,
1413 4294 1440 4343 id
1452 4305 1492 4343 est
1504 4293 1702 4360 postcommunio

385 4378 409 4414 er
418 4365 624 4426 uiateceutetiris,
640 4365 754 4413 relietum
764 4377 822 4413 esce
831 4364 941 4426 uidetur,
952 4379 1033 4427 supra
1043 4379 1069 4426 p,
1081 4365 1142 4419 163,
1157 4365 1188 4412 11
1200 4365 1296 4413 rectius
1304 4365 1428 4428 scriptura
1437 4371 1477 4412 est
1487 4377 1545 4411 riam
1595 4361 1626 4412 18
1639 4375 1702 4426 epo-

316 4489 320 4494 ·
378 4465 446 4534 dos]
466 4467 559 4534 epodls
580 4468 604 4517 A
659 4467 691 4517 19
710 4461 866 4532 proodioou]
887 4440 921 4531 δῖ)
940 4465 1066 4532 epodioon
1087 4469 1111 4516 A
1131 4467 1307 4532 praepudieon
1331 4467 1389 4516 Vol.
1447 4467 1478 4516 21
1499 4480 1655 4532 sarspeusum
1677 4466 1701 4514 A

465 4539 499 4588 25
518 4537 627 4602 remigio
647 4553 663 4585 a
686 4534 743 4585 Vol.
764 4537 842 4584 remio
863 4537 887 4585 A
968 4537 1002 4586 26
1022 4548 1049 4584 ut
1067 4550 1096 4584 oa
1115 4535 1169 4585 sera
1188 4537 1212 4586 A
1296 4535 1345 4584 ode
1363 4531 1473 4599 Xb'llll]
1493 4535 1541 4584 ode
1560 4531 1646 4583 XVlll
1668 4537 1701 4583 A.

384 4607 419 4668 rs.
439 4622 466 4671 p.
489 4609 547 4670 171,
563 4609 595 4654 12
652 4607 684 4654 27
706 4603 824 4670 pueritiis
845 4605 869 4652 A
927 4605 960 4654 28
979 4605 1028 4654 ode
1046 4600 1170 4670 xxxiii]
1192 4604 1241 4654 ode
1260 4601 1362 4653 XXXV
1383 4606 1420 4654 A:
1440 4606 1465 4652 in
1485 4603 1658 4668 (asclepiadem
1675 4620 1701 4666 p.

284 4695 285 4698 ¹
385 4678 445 4734 171,
460 4679 492 4726 11
511 4675 560 4725 nde
579 4671 692 4722 xxxiii
712 4671 770 4722 Albi
784 4687 814 4721 ue
827 4671 915 4722 dolens
936 4673 993 4738 plus
1013 4675 1092 4722 nlntio
1111 4687 1210 4722 memor·
1262 4675 1296 4723 29
1315 4673 1363 4721 ude
1381 4668 1509 4737 XXXVl]
1530 4677 1555 4722 iu
1574 4673 1702 4736 asclepio·

385 4745 441 4794 dela
459 4746 605 4810 ρ.171,15
625 4743 674 4792 ode
692 4739 796 4792 XXXV
815 4741 919 4806 placare
933 4753 956 4790 et
971 4742 1041 4791 rituali
1054 4745 1181 4807 sataguiue
1194 4742 1281 4792 debito
1333 4743 1367 4790 30
1385 4741 1434 4790 ode
1449 4739 1528 4806 lillll}
1542 4741 1591 4790 orla
1607 4741 1661 4789 l'lll
1677 4745 1701 4792 A

384 4815 410 4862 ia
428 4815 602 4879 ‹asclepiadeis
623 4829 650 4876 p.
672 4815 731 4866 171,
747 4813 779 4860 17
797 4813 846 4859 ode
865 4810 934 4860 Vllll
955 4827 1000 4860 uer.
1018 4813 1156 4875 pruisquam
1177 4813 1262 4878 potior
1281 4810 1383 4860 braebin
1402 4809 1527 4860 candidae
1601 4813 1631 4862 :tt
1653 4814 1701 4860 ode

386 4912 458 4984 xm]
479 4917 528 4966 aaa
547 4877 638 4965 xu¹a
660 4915 708 4964 oue
727 4912 787 4964 xm
810 4915 868 4966 rut
