3874 5556
382 320 447 386 ‘270
745 319 867 374 cassu
887 319 989 374 aassl
1009 317 1117 388 [arm.
1136 317 1356 388 rouavrmr]

410 423 543 476 pudebat
559 423 582 464 i'.

811 511 933 573 durnina
957 513 1150 573 constiterint
1172 521 1271 573 acuto.

383 617 440 678 boc
464 635 583 698 tyrioque
607 615 749 676 carminis
772 633 868 694 genus
892 615 928 677 ab
952 614 1061 676 alcaeo
1085 614 1197 696 iyricus
1222 624 1324 677 muster
1348 616 1473 694 accepit.

469 720 613 792 Quartum
638 728 755 780 metron
779 728 825 779 est
849 717 974 788 Horatii,
1000 719 1037 779 de
1061 737 1120 800 quo
1144 718 1219 781 nibil
1242 718 1339 780 adbuc
1362 717 1502 786 diximus.

537 823 666 904 Lydia,
691 821 764 893 dic,
789 841 856 902 per
879 839 1006 884 omnes

535 935 571 987 te
595 911 686 987 deos
708 944 787 992 oro,
815 924 987 1006 Sybarim
1011 944 1078 987 cur
1102 944 1287 1008 properas
1311 924 1473 988 amandu.
1714 953 1727 990 s

382 1030 461 1112 qood
486 1041 604 1091 metron
629 1041 658 1091 et
682 1031 746 1108 ipse
763 1028 901 1090 Horatius
925 1029 1092 1108 ignorando
1115 1031 1203 1113 quale
1227 1039 1306 1091 esset
1329 1029 1477 1091 laboriosa
1495 1027 1700 1092 obseruatione
1803 1011 1806 1016 ¹

382 1135 474 1196 sontel
498 1133 620 1195 omniuo
644 1133 745 1204 iacere
767 1141 891 1194 conatus
915 1141 969 1202 est,
994 1143 1024 1194 et
1046 1135 1076 1194 in
1101 1153 1137 1195 eo
1160 1142 1259 1194 tameo
1284 1151 1391 1215 parum
1416 1132 1559 1195 decenter
1583 1136 1699 1196 errarit.

383 1256 451 1300 narn
476 1238 547 1298 iecit
569 1235 641 1299 tttuo
667 1238 802 1316 asperius
825 1255 884 1298 unu
901 1237 1059 1297 immutato
1076 1236 1161 1316 pede.
1197 1237 1276 1318 quod
1300 1239 1324 1298 si
1349 1239 1454 1298 scisset
1477 1236 1701 1299 ciroriambicoo

382 1359 450 1402 esse
479 1349 509 1401 et
538 1338 650 1401 babere
674 1339 821 1401 ciausuias
844 1349 952 1410 certas,
986 1359 1046 1402 nou
1075 1343 1105 1400 iu
1135 1338 1214 1401 iiiam
1244 1339 1393 1401 salebram
1421 1339 1586 1402 incidisset.
1633 1359 1700 1402 uam

382 1447 513 1525 primum
537 1462 654 1507 contora
679 1461 714 1504 ex
738 1443 913 1506 choriambo
936 1452 966 1505 et
993 1442 1181 1505 antibaccbio
1204 1445 1406 1524 compositum
1430 1453 1490 1512 est,
1522 1442 1629 1523 ‘Lydia
1653 1443 1740 1504 diem

381 1567 436 1629 per
458 1549 594 1609 omnes'.
639 1546 805 1608 secundum
836 1545 933 1617 coion,
953 1543 1043 1626 ¹quod
1073 1555 1118 1607 est
1141 1545 1270 1626 lougius,
1301 1555 1361 1608 tres
1389 1545 1480 1608 babet
1509 1545 1702 1608 cboriambos

382 1663 411 1712 et
435 1669 527 1714 onum
552 1650 783 1720 antibacchium,
813 1650 930 1711 scilicet
953 1649 1104 1713 ciausuiae
1126 1651 1229 1730 gratia,
1261 1649 1339 1730 quod
1370 1658 1487 1711 metron
1512 1649 1636 1713 dicaeus
1659 1651 1700 1711 sic

381 1755 538 1825 ordinavit,
563 1753 652 1816 bomo
676 1756 705 1815 in
731 1755 854 1816 musicis
876 1755 1153 1817 exercitatissimus.
1188 1762 1217 1815 at
1241 1754 1381 1816 Horatius
1403 1755 1534 1834 primum
1551 1754 1699 1815 oboriam·

382 1859 451 1920 bum
469 1858 663 1920 durissimum
681 1858 751 1920 iecit
775 1876 830 1938 pro
853 1856 954 1918 iambo
977 1857 1144 1936 spondeum
1168 1856 1355 1919 iniuiciendo
1378 1858 1434 1933 sic,
1458 1857 1527 1919 ‘boc
1544 1857 1616 1918 deos
1632 1876 1700 1918 rere

381 1962 547 2046 Sybarim'.
596 1979 663 2022 uam
687 1963 712 2023 si
735 1970 857 2023 secutus
880 1969 960 2022 esset
982 1960 1133 2032 nicaeum,
1157 1961 1207 2045 sic
1231 1959 1407 2030 ordinasset,
1436 1959 1505 2022 ‘boc
1528 1960 1582 2022 dea
1608 1962 1739 2022 rere'.1s

381 2084 467 2128 error
490 2076 591 2128 tamen
608 2063 687 2126 iiiios
703 2063 795 2126 babet
811 2063 1041 2135 excusationem,
1067 2063 1147 2144 quod
1170 2065 1201 2125 in
1226 2083 1258 2125 ca
1283 2065 1486 2146 perseverarit
1508 2061 1586 2143 iege,
1610 2083 1698 2145 quam

381 2171 445 2250 ipse
469 2170 526 2230 sibi
548 2167 650 2250 aiiquc
675 2187 745 2230 casu
770 2168 891 2237 iecerat,
915 2185 1011 2247 usque
1035 2166 1071 2230 ad
1095 2168 1230 2230 ultimam
1254 2175 1371 2248 partem
1396 2186 1456 2229 oon
1479 2164 1663 2249 mutandoss

468 2271 571 2335 Restat
593 2291 685 2335 unum
709 2289 803 2352 genus
826 2273 977 2342 carminis,
1002 2271 1038 2331 de
1061 2289 1122 2352 quo
1145 2269 1219 2333 nihii
1242 2269 1340 2333 adbuc
1363 2269 1504 2341 diximus,

690 2393 761 2436 non
786 2373 878 2436 ebur
902 2393 1026 2457 neque
1050 2392 1204 2437 aureum

691 2497 766 2540 mea
791 2477 942 2539 renidet
963 2480 1000 2540 in
1024 2477 1130 2539 domo
1153 2475 1317 2539 lacunar.
1713 2497 1738 2536 eo

381 2593 411 2645 et
433 2583 490 2645 boc
513 2591 664 2664 sumptum
690 2580 727 2644 ab
751 2579 859 2644 Alcaeo
882 2588 912 2641 et
934 2579 972 2642 ab
995 2579 1045 2642 iilo
1072 2589 1232 2642 tractatum
1257 2578 1433 2658 frequenter
1462 2589 1491 2640 et
1514 2579 1552 2641 ab
1575 2562 1700 2642 lioratio

380 2687 473 2753 semei
505 2687 629 2748 omuino
661 2687 871 2766 corapositum.
901 2681 905 2766 Ι
939 2691 985 2745 est
1014 2695 1114 2744 autem
1145 2682 1320 2758 iambicum,
1358 2692 1388 2745 et
1418 2684 1549 2764 primum
1579 2684 1698 2766 quidem

381 2809 497 2852 coroma
522 2807 590 2852 cum
615 2790 750 2850 trimetro
776 2805 863 2849 uersu
887 2789 1022 2867 iungitur
1045 2788 1098 2856 sic,
1685 2772 1691 2783 ’

718 2888 824 2952 bratus
847 2889 897 2952 iiic
921 2909 980 2952 uon
1004 2889 1080 2952 ebur
1104 2907 1201 2969 nequo
1225 2908 1359 2951 aureum.

380 2987 543 3078 insequens
577 3005 675 3057 autem
711 3005 839 3056 metrum
875 2992 1094 3057 arcbiiocbium
1129 2993 1279 3054 iambicon
1314 3003 1434 3055 curtum
1471 2991 1577 3064 babet,
1614 2998 1737 3056 cuiusce

381 3100 550 3183 exemplum

643 3199 877 3282 trahuntque
901 3201 1024 3262 siccas
1049 3199 1245 3262 macbinae
1269 3201 1434 3266 carinas.

379 3307 426 3370 sic
450 3317 479 3368 et
502 3307 572 3376 icoc,

773 3427 838 3470 mea
863 3407 981 3469 renidet
1003 3409 1034 3468 in
1059 3407 1147 3468 domo
1171 3404 1305 3474 lacunar.

467 3513 574 3575 Omnia
592 3531 638 3575 me
661 3521 758 3575 rnetra
775 3511 935 3573 Horatiana
960 3519 1151 3592 persecutum
1175 3513 1322 3571 existimo.
1357 3508 1588 3573 iliudiotctum
1612 3522 1738 3575 tantu-m
1772 3535 1775 3542 ·
1819 3527 1824 3538 ¹

380 3637 443 3680 ram
469 3627 633 3680 metrorum
658 3634 843 3696 cognoscere
868 3613 999 3677 voicntcs
1022 3632 1145 3695 possum
1170 3612 1343 3682 admonere,
1374 3614 1573 3676 etiamsinon
1598 3619 1698 3678 omnia

380 3720 613 3804 cumprehendi,
644 3713 852 3800 rytraccumryu'e
881 3717 958 3798 apud
989 3737 1114 3798 graecos
1143 3700 1247 3800 poetas
1277 3726 1403 3797 possunt
1433 3719 1563 3780 inueniri
1591 3727 1697 3789 metra,

448 3949 464 3996 3
484 3943 606 4003 Quartum
626 3955 725 3993 metron
746 3946 809 3994 Atii.
832 3943 937 3995 Fortun.
958 3944 1019 4001 300,
1033 3943 1065 3990 21
1086 3940 1156 3992 orror.
1181 3941 1280 3992 Victor.
1299 3943 1399 4004 17,12.
1422 3943 1480 4004 165,
1495 3943 1530 3991 23
1597 3943 1628 3992 18
1647 3903 1698 3990 Re·

379 4028 430 4066 stat
449 4029 528 4064 nomn
546 4029 630 4078 genus
649 4014 771 4062 carminis
791 4014 855 4063 Atii.
876 4013 984 4063 Fortun.
1006 4013 1067 4074 302,
1083 4013 1115 4060 Id
1135 4009 1205 4062 Μαν.
1224 4009 1323 4060 Victor.
1340 4014 1396 4066 111,
1409 4013 1441 4060 19
1507 4013 1540 4060 30
1559 4008 1650 4060 Omnia
1663 4037 1695 4047 -

379 4087 468 4148 aunt
489 4084 612 4134 reierntnr
631 4082 700 4133 Mor.
724 4083 824 4132 Victor.
845 4083 905 4140 173,
920 4083 951 4130 19
1661 4081 1662 4086 ’

447 4271 626 4326 :imenutms
713 4267 1139 4339 4LydiaJHur.carm.18,1
1227 4270 1290 4319 dte
1313 4271 1376 4319 deos
1401 4283 1446 4318 oro
1469 4267 1583 4333 sybarim
1602 4267 1697 4323 §AB

379 4344 427 4394 boc
445 4343 509 4393 deos
530 4357 588 4390 vere
607 4335 717 4406 Sybarin
738 4341 839 4391 Marius
861 4339 1010 4390 Victorinus
1074 4339 1253 4393 timetrnm5
1320 4338 1425 4400 iiqund
1443 4339 1465 4386 si
1484 4350 1501 4393 ς
1519 4351 1571 4400 quc
1591 4339 1613 4386 si
1633 4337 1697 4387 AB

464 4411 655 4461 ciroriambieou
677 4409 701 4458 B
723 4411 896 4459 coriambicon
919 4411 941 4459 A
966 4407 1203 4463 choriambicumss
1290 4408 1349 4457 ‘iio
1369 4423 1415 4458 om.
1431 4405 1498 4468 AB,
1518 4407 1609 4461 miris

381 4484 409 4531 ll
429 4481 504 4530 colon
525 4481 549 4530 A
572 4478 731 4534 columsB
820 4481 850 4529 ta
870 4489 1014 4533 metrums
1102 4478 1133 4526 1³
1153 4477 1355 4525 excitatissimus
1375 4473 1400 4524 B
1486 4469 1524 4542 ut]
1544 4489 1610 4531 ηας

380 4553 412 4600 11
430 4545 627 4603 inim-ciendo}
696 4547 746 4597 boc
763 4547 827 4597 deos
846 4563 905 4596 nere
923 4547 1038 4611 sybarim
1058 4547 1082 4594 A
1108 4545 1155 4594 boc
1178 4546 1241 4594 deos
1267 4559 1312 4593 oro
1335 4541 1371 4608 (i)
1396 4543 1509 4608 sybarim
1530 4543 1554 4594 B
1578 4543 1614 4594 Te
1632 4544 1695 4594 deris

284 4633 289 4645 ¹
380 4635 424 4669 oro
444 4619 594 4684 syburirn3
665 4617 696 4666 16
717 4613 813 4682 tantun]
835 4617 897 4671 tt'ts
968 4617 1145 4681 perseuerauit
1165 4616 1189 4664 A
1214 4613 1491 4679 perseueraueritsB
1563 4615 1593 4664 li
1615 4628 1697 4677 usque

378 4689 409 4737 ud
430 4689 544 4738 ultimam
564 4688 671 4736 nsmntis
692 4699 789 4752 partem
809 4685 913 4736 Marius
935 4685 1084 4736 Victorinus
1101 4701 1128 4749 p.
1149 4685 1236 4744 low
1316 4685 1346 4732 te
1365 4695 1416 4730 uon
1436 4676 1510 4747 ebur]
1532 4681 1599 4732 Hor.
1617 4699 1697 4734 curm.

381 4757 412 4806 I!
434 4759 505 4814 int
594 4767 725 4810 aaronis
812 4757 845 4806 at
869 4765 1017 4808 tructums
1104 4755 1138 4802 23
1162 4753 1276 4816 iungitur
1294 4752 1374 4800 sicA
1399 4751 1478 4814 iunge
1496 4749 1610 4806 sich

378 4828 556 4878 ‘idern-mus
613 4826 646 4874 25
665 4823 848 4872 urrbiinebiom
870 4821 1042 4872 I'uisrlu'nsld
1061 4821 1231 4870 arciriiocrmn
1253 4821 1276 4869 A
1296 4818 1536 4873 mrbiiorbarnm3
1593 4821 1625 4870 27
1645 4831 1697 4872 tra.
1763 4833 1768 4842 ·

381 4889 506 4959 itumque]
529 4893 596 4944 ΙΙυν.
616 4909 694 4943 rurru.
716 4893 732 4942 l
749 4896 804 4956 1,2
874 4893 907 4942 ‘28
926 4893 963 4940 sic
982 4908 1029 4942 orn.
1045 4892 1068 4939 A
1083 4891 1137 4944 Βς
1180 4930 1183 4936 ,
1207 4889 1239 4937 32
1260 4901 1349 4952 portas
1369 4901 1446 4942 orm
