3888 5550
617 377 637 426 7
685 413 765 464 aar.
791 385 908 464 nesii,
928 415 998 470 uin.
1025 417 1034 464 1
1060 413 1171 499 ees—jn
1529 405 1590 471 431

262 497 387 551 μὰῦῐ

262 597 292 650 ιι
308 597 455 670 tempore,
473 597 505 651 ιιι
521 590 570 652 edi
587 594 656 655 nori
673 594 798 655 memini
815 589 929 674 pepigi.
961 593 1035 656 liaee
1052 594 1143 658 verba
1157 596 1269 657 nuliam
1287 595 1400 660 italient
1417 597 1592 660 declinatio·

263 709 332 754 nem
359 701 481 774 praeter
509 693 577 764 iras,
609 695 658 756 odi
688 699 754 757 nori
786 698 909 759 tuemini
933 701 1051 779 pepigi,
1078 699 1202 760 oderam
1227 719 1369 762 noveram
1396 702 1592 764 memineram

262 798 454 877 pepigeram,
478 799 578 860 odisse
603 801 720 862 renuisse
745 800 919 862 meminisse
943 802 1109 881 pepigisse,
1134 811 1162 862 et
1187 805 1344 884 partieipia
1364 805 1438 867 ilaec
1462 804 1522 866 duo
1547 805 1591 866 lu·

263 901 323 962 turi
346 902 509 980 temporis,
538 901 587 964 hic
617 920 726 965 osrrrns
756 901 805 964 irie
829 902 979 974 edendus,
1005 914 1034 966 et
1062 907 1217 986 praeteriti
1241 906 1289 970 iiie
1313 927 1399 970 usus:
1431 927 1499 971 nem
1524 911 1592 970 nuri

236 1014 294 1065 set
326 1005 450 1066 memini
483 1005 598 1069 rudium
628 1004 740 1068 habent
773 1007 978 1088 participium.
1025 1008 1146 1088 quddam
1178 1017 1283 1089 putant
1314 1029 1379 1073 esse
1410 1012 1590 1074 defectivam

262 1109 396 1188 speeiem
421 1116 451 1170 et
467 1127 613 1190 persona,
639 1111 724 1170 utin
749 1109 838 1171 niodo
855 1111 1034 1192 imperativo
1050 1112 1147 1192 prima
1165 1131 1294 1192 persona
1318 1115 1419 1177 delicit
1442 1117 1590 1196 temperis

262 1213 432 1292 praesentis
460 1211 506 1276 rel
529 1213 624 1275 laturi
655 1217 773 1276 numeri
803 1213 976 1295 singularis.
1021 1215 1074 1276 sed
1098 1225 1217 1278 errant:
1242 1216 1324 1280 aliud
1349 1227 1394 1280 est
1417 1220 1496 1280 enim
1521 1236 1590 1299 spe·

262 1315 341 1385 eies,
366 1313 447 1378 eliud
465 1315 581 1378 modus.
628 1335 697 1379 uam
723 1317 855 1380 delectio
871 1335 1018 1397 personae
1036 1321 1154 1398 primae
1179 1321 1259 1382 mndi
1283 1323 1454 1401 imperativi
1478 1322 1509 1382 in
1525 1339 1589 1384 om·

263 1417 352 1480 nibus
381 1420 548 1499 generibus
572 1419 732 1482 verborum
757 1423 923 1492 imeuitur,
955 1421 1101 1484 defectiva
1126 1439 1196 1484 uero
1219 1427 1337 1502 speeies
1367 1432 1504 1504 tempure
1528 1423 1591 1486 elo·

223 1523 384 1588 secretione
407 1541 521 1603 genere
545 1526 667 1604 propria
692 1532 807 1588 tautum
832 1525 922 1587 niodo
945 1525 1080 1588 spertinet
1104 1525 1203 1588 verita.

349 1625 583 1708 Frequentariva
612 1629 729 1706 speeies
761 1638 806 1692 est
833 1647 911 1710 quae
940 1647 999 1692 mm
1028 1629 1121 1692 semel
1151 1630 1203 1691 sed
1231 1630 1412 1712 aliquotiens
1442 1631 1512 1710 quid
1544 1633 1591 1710 agi

263 1727 413 1806 declarat,
443 1747 521 1828 puae
549 1740 579 1792 tu
609 1731 652 1792 rei
681 1751 714 1793 su
738 1730 851 1814 syllaba
882 1735 1075 1802 terminatur,
1108 1742 1139 1795 ut
1169 1742 1256 1794 arieto
1284 1751 1381 1800 curso.
1428 1733 1503 1796 haec
1531 1734 1591 1796 dere

261 1831 375 1910 gradus
403 1836 530 1916 recipit,
562 1844 593 1898 ut
624 1847 713 1898 auem
741 1844 770 1896 et
797 1837 927 1906 auctito,
958 1855 1047 1898 curso
1078 1846 1107 1898 et
1130 1839 1256 1898 cursito.
1305 1837 1361 1901 hoe
1386 1847 1486 1900 tamen
1511 1840 1590 1900 seire

263 1935 427 2008 debemus,
453 1939 594 2018 quoniam
621 1938 709 2001 verta
735 1941 954 2020 frequentativa
978 1959 993 1998 a
1018 1941 1232 2020 cuiuscumque
1255 1941 1476 2021 coniugationis
1500 1940 1592 2004 verbo

224 2065 248 2104 ιι
265 2043 415 2104 uenientia
440 2043 555 2122 primae
580 2052 650 2104 sunt
671 2043 908 2122 coniugatiouis,
934 2054 965 2104 ut
989 2043 1026 2103 de
1049 2045 1148 2123 prima
1172 2043 1384 2124 coniugatione
1408 2052 1496 2106 caute
1521 2061 1590 2106 can·

263 2152 309 2208 tas
331 2145 443 2207 eautito
467 2148 609 2216 cantitas,
641 2146 678 2206 ile
701 2145 834 2209 secnmla
859 2164 955 2225 angen
979 2163 1071 2226 ariges
1094 2155 1182 2208 aucto
1206 2157 1324 2216 arucias,
1350 2147 1386 2208 de
1411 2149 1499 2210 tertia
1524 2165 1590 2208 eor·

262 2256 347 2327 repta
376 2247 477 2311 scribo
511 2250 618 2310 scribis
650 2235 762 2312 serilito
792 2249 936 2320 scribtae,
968 2249 1005 2310 de
1037 2250 1122 2310 tertia
1153 2251 1315 2330 producta,
1346 2268 1436 2331 ‹puam
1467 2249 1589 2331 quidam

261 2359 399 2432 quartam
423 2351 544 2421 dictent,
569 2357 674 2415 munio
692 2355 792 2415 ieiunis
814 2353 930 2415 munito
955 2353 1095 2414 munitas.
1141 2353 1287 2432 quaedam
1314 2362 1413 2414 tamen
1444 2371 1536 2416 unum
1558 2353 1589 2414 in
1673 2387 1676 2392 ·

262 2456 491 2545 frequentatiris
518 2458 644 2536 gradum
675 2459 845 2538 accipiunt,
871 2467 902 2518 ut
926 2456 992 2518 volu
1017 2456 1117 2526 volito,
1143 2472 1218 2535 rogo
1243 2459 1350 2534 rogito,
1382 2459 1447 2519 rivo
1472 2458 1589 2518 vietito:
1689 2457 1694 2464 '

221 2581 247 2622 au
262 2553 294 2622 in
308 2559 355 2622 his
371 2561 451 2622 enim
469 2561 553 2640 prior
568 2559 679 2641 gradus
698 2555 704 2646 Ι
725 2579 784 2622 mm
801 2561 961 2623 inuenitur.
1008 2559 1153 2639 quaedam
1174 2569 1287 2623 tantum
1310 2561 1444 2640 priorem
1466 2559 1588 2630 liabent,

262 2663 400 2726 utiniclu
417 2664 546 2734 iniectu,
572 2665 676 2727 iniiciu
693 2665 820 2736 inlecto,
845 2663 975 2726 delendo
993 2663 1133 2736 deiense,
1158 2673 1244 2727 tueor
1268 2673 1358 2725 tutor.
1403 2673 1474 2725 sunt
1497 2661 1587 2726 verba

261 2784 339 2848 quae
364 2765 477 2828 nulium
495 2767 621 2846 gradum
638 2769 893 2848 frequentativum
911 2769 1077 2848 recipiunt,
1103 2775 1135 2828 ut
1158 2785 1225 2828 amo
1240 2767 1364 2838 studeo:
1389 2775 1460 2828 sunt
1484 2785 1499 2827 e
1516 2784 1589 2828 eon·

260 2871 355 2933 trarlu
363 2869 582 2952 frequentativa
594 2880 709 2934 tantum
721 2875 787 2934 sine
797 2869 1064 2941 rerbisubstantia,
1077 2879 1109 2932 ut
1118 2871 1271 2950 graecisso
1280 2871 1419 2952 patrisso.
1440 2869 1589 2950 quaedam

261 2983 422 3055 utrumque
434 2974 562 3055 graiinm
575 2978 828 3056 frequentativum
841 2975 952 3038 liabent
968 2977 1033 3036 sine
1047 2975 1130 3036 verbi
1143 2975 1318 3042 substantia,
1336 2983 1368 3036 ut
1381 2974 1494 3055 perisso
1507 2981 1604 3054 poto:

220 3103 248 3144 es
348 3077 551 3160 inpersonalis
580 3082 700 3161 species
732 3087 795 3150 est,
819 3098 909 3163 quam
939 3078 1202 3160 supradiximus,
1233 3087 1265 3138 ιιι
1287 3080 1349 3139 ἱιιιι·
1371 3076 1494 3139 sedetur
1525 3095 1588 3138 am·

248 3181 384 3244 'bellatur
406 3191 517 3252 statur,
543 3183 642 3245 taedet
666 3184 758 3265 pudet
783 3185 922 3265 paenitet.
970 3183 1044 3244 haee
1067 3185 1186 3260 species
1210 3180 1371 3243 uerborum
1397 3181 1455 3242 duo
1478 3181 1590 3262 recipit

262 3288 437 3367 partieipia,
467 3289 635 3369 praesentis
660 3289 826 3367 temporis,
860 3287 983 3349 laedens
1014 3285 1131 3368 pudens
1155 3287 1328 3366 paenitens,
1358 3295 1389 3346 et
1412 3285 1506 3346 luituri
1530 3283 1586 3344 dus

263 3389 374 3472 syllaba
404 3394 616 3466 terminatum,
645 3390 810 3453 laedendus
843 3389 1002 3471 pudendus
1033 3388 1243 3471 paenitendus.
1291 3387 1348 3450 ime
1378 3397 1477 3449 tamen
1507 3389 1586 3448 seire

263 3494 425 3564 dehemus,
455 3494 534 3576 quud
566 3493 765 3575 impersonalis
784 3485 911 3574 'species
942 3503 990 3555 tur
1017 3493 1141 3575 quidem
1171 3493 1330 3555 terminata
1360 3493 1404 3552 sic
1432 3493 1587 3571 figuratim,

223 3623 250 3660 ιι
264 3599 348 3678 rprasi
372 3619 387 3660 a
414 3600 500 3660 tertia
518 3617 647 3679 persona
665 3597 784 3660 riermeri
807 3592 969 3676 singularis
994 3595 1076 3658 seriei
1100 3597 1209 3678 passivi
1232 3593 1339 3657 additis
1363 3595 1501 3676 personis
1525 3615 1588 3654 ιιιι-

265 3701 354 3764 nilms
373 3703 532 3781 utriusque
565 3703 683 3764 nuumri
710 3703 815 3770 veniat,
841 3711 873 3762 ιιι
896 3702 955 3764 itur
979 3719 993 3762 a
1020 3719 1066 3761 me
1090 3721 1105 3762 n
1129 3680 1158 3760 le
1182 3699 1219 3761 ab
1243 3697 1293 3761 ilio
1316 3718 1331 3760 a
1356 3697 1444 3761 nubis
1467 3719 1481 3761 a
1506 3697 1588 3759 vobis

263 3805 300 3866 ab
325 3804 399 3874 iliis,
429 3807 649 3886 speraindeum
674 3807 790 3866 ilie-atur
814 3824 867 3867 em·
891 3807 960 3866 iris:
990 3805 1079 3865 etiem
1105 3802 1265 3865 verborum
1290 3804 1425 3865 omnium
1451 3821 1465 3862 r
1490 3801 1588 3864 littera

263 3909 434 3978 linituram,
459 3919 492 3970 ut
515 3917 633 3971 amatur
656 3927 672 3969 a
696 3929 752 3977 me,
779 3909 807 3970 id
833 3921 878 3970 est
901 3925 987 3978 anio,
1013 3907 1138 3968 (locetur
1162 3927 1177 3967 a
1202 3925 1260 3976 me,
1285 3905 1314 3967 id
1339 3915 1385 3966 est
1401 3905 1504 3971 doceo,
1529 3904 1588 3964 eri·

264 4015 397 4076 rninatm·
420 4034 436 4074 a
461 4033 518 4084 me,
543 4012 571 4074 id
596 4022 642 4075 est
665 4015 826 4087 criminor,
851 4011 1013 4074 instatura
1031 4011 1100 4078 mes
1118 4009 1147 4070 id
1165 4019 1210 4071 est
1228 4009 1335 4080 letetur,
1359 4009 1481 4069 sedetur
1497 4025 1511 4068 a
1530 4025 1587 4075 ιιιι,

224 4117 294 4178 aeid
318 4125 365 4180 est
387 4116 487 4180 sedeo.
534 4127 566 4178 et
589 4134 658 4179 veru
681 4113 794 4197 syllaba
819 4117 900 4177 linita
925 4115 1012 4196 quasi
1036 4131 1056 4174 a
1080 4115 1166 4174 tertia
1192 4131 1320 4194 persona
1344 4113 1466 4174 nrrmrri
1484 4112 1588 4186 stirme·

263 4224 340 4284 teris
368 4223 595 4299 coniupntionr's
626 4223 779 4281 secundae
804 4219 992 4280 declinantur
1015 4219 1156 4299 personis
1179 4215 1287 4278 additis
1312 4213 1453 4276 uirirrilms
1478 4214 1587 4274 tetrius·

264 4345 322 4408 «pue
346 4327 465 4389 numeri
496 4324 533 4387 de
562 4323 655 4385 verbo
679 4321 810 4386 oiittera
835 4321 933 4392 lieritu,
958 4329 991 4384 ut
1012 4320 1111 4383 taedet
1127 4340 1175 4383 me
1199 4330 1226 4382 te
1251 4319 1333 4381 ilium
1359 4335 1413 4378 irus
1437 4335 1488 4377 rus
1511 4314 1587 4395 illus,

333 4519 349 4568 6
369 4531 482 4584 pei-sonu
502 4529 529 4566 ιιι
545 4515 570 4566 in
591 4515 668 4566 nrudu
687 4531 700 4565 ι
719 4527 858 4579 persenam
884 4513 919 4561 mi
941 4525 999 4561 ιιιιιιι
1020 4510 1070 4560 ndo
1090 4510 1114 4561 B
1185 4511 1201 4560 8
1219 4507 1329 4558 deiectio
1348 4523 1361 4558 ι
1380 4505 1508 4556 tiele-cuiun
1529 4505 1553 4554 B

266 4605 298 4656 18
315 4602 444 4667 «prunedum
465 4597 564 4652 merium
583 4602 691 4653 coniecit
709 4601 795 4651 editor
812 4597 1020 4650 Vindudnnernie
1072 4599 1104 4647 *26
1124 4593 1299 4662 iupersoualis
1320 4593 1421 4658 speeies
1435 4617 1466 4628 -
1481 4592 1514 4642 28
1527 4606 1589 4656 pae-

266 4689 387 4740 nitendus
409 4697 470 4754 pust
482 4690 542 4750 iae,
555 4689 571 4738 2
585 4687 645 4738 iruee
666 4701 725 4736 reru
740 4699 763 4735 et
777 4685 925 4736 accusativo
943 4685 1046 4748 arrepta
1064 4690 1122 4734 snat
1141 4684 1166 4732 in
1179 4679 1213 4744 B,
1233 4681 1421 4745 transposuitu
1492 4679 1525 4728 ’25
1544 4693 1588 4727 su·

176 4765 177 4768 ¹
266 4775 324 4842 pra]
348 4793 374 4840 p.
401 4777 462 4834 ⁴29,
481 4778 519 4827 23
591 4785 617 4824 ιι
641 4775 721 4824 itura
741 4772 863 4838 igiturB
934 4771 967 4822 28
992 4763 1166 4833 terminatum}
1190 4763 1384 4819 termineturB
1455 4765 1489 4816 35
1512 4767 1588 4828 qirasi

265 4891 298 4902 -
316 4859 489 4926 declinamur]
512 4863 587 4924 qnasi
611 4861 699 4910 semiue
718 4873 850 4924 peruouae
874 4856 956 4918 (eurr,
976 4853 1114 4922 personne)
1137 4852 1310 4904 declinatione
1328 4851 1361 4914 B,
1381 4851 1456 4915 quasi
1475 4864 1491 4900 e
1508 4852 1589 4916 ,tertia

266 4961 378 5016 persuum
398 4947 497 4997 uumeri
516 4947 658 5016 singularis
677 4945 856 4995 declinationi.-
879 4943 1006 4994 seetrridae
1025 4943 1134 4998 eorrieeil
1153 4941 1240 4992 editor
1261 4937 1468 4990 Vindobunenais
