3874 5556
369 371 433 440 342
704 425 707 431 .
900 385 1122 450 rassnrmnr

307 529 309 535 A
369 491 392 530 p.
407 477 544 519 3111111.
563 493 569 506 ·

473 581 512 622 111
528 566 591 626 sire
613 563 738 636 vocalis,
762 561 870 624 relerri
894 581 972 644 qnae
995 572 1095 644 potest
1116 563 1147 624 in
1171 577 1345 632 consonam,

524 665 697 750 sescuplum
720 676 840 748 tempus
862 683 988 728 necesse
1012 678 1058 728 est
1080 665 1171 728 edere
1193 665 1280 727 istam
1303 661 1457 745 syllabam,

526 789 601 852 quae
624 756 739 852 duplex'
758 769 873 832 babere
896 777 999 852 posset
1021 769 1060 832 ab
1083 767 1200 832 duabus
1223 768 1376 830 consonis.

525 891 560 936 ac
582 892 638 956 per
661 872 719 936 boc
741 873 888 956 producta
913 891 1039 954 perse,
1063 891 1142 960 quae
1165 869 1294 933 duorum
1317 877 1490 951 temporum
1515 877 1569 940 est,

525 994 677 1040 consonae
700 995 770 1039 cum
793 975 971 1057 subiugatur
994 975 1039 1040 vel
1062 975 1174 1039 relatae
1198 979 1230 1038 in
1253 991 1428 1045 consonam,

455 1096 512 1159 Δ111
527 1081 674 1161 temporis
695 1090 781 1161 parte
804 1088 894 1160 atque
918 1079 1011 1160 duplo
1033 1081 1073 1143 sil
1095 1095 1219 1142 necesse
1243 1088 1291 1140 est
1313 1075 1461 1158 praedita.

524 1181 584 1253 boc
606 1182 665 1244 sub
688 1185 834 1264 exemplis
859 1182 977 1246 ridebis
1000 1201 1066 1246 esse
1090 1183 1214 1264 planum
1237 1182 1406 1251 nominum,

525 1284 654 1368 syllabas
677 1273 722 1349 er'
738 1286 785 1350 bis
808 1285 925 1349 duabus
948 1304 1025 1366 quse
1048 1295 1157 1368 parant
1181 1283 1342 1355 vocalibus,
1422 1362 1426 1366 Π

527 1388 620 1452 lnno
643 1391 717 1453 rita
741 1389 861 1472 quando
885 1387 1004 1469 longas,
1030 1389 1076 1452 vel
1100 1389 1187 1452 iuba
1212 1396 1262 1452 aut
1284 1391 1392 1468 rigor
1415 1389 1555 1480 breves.¹

527 1509 676 1556 consonas
698 1495 765 1558 lieri
789 1491 913 1556 necesse
936 1501 984 1582 cst
1006 1491 1054 1555 bic
1078 1493 1199 1574 priores
1221 1490 1355 1562 litteras:

474 1613 605 1674 nequae
627 1605 812 1677 sequuntur,
836 1607 870 1659 ut
892 1596 1026 1666 luerunt,
1052 1613 1118 1657 esse
1141 1593 1253 1658 vocalis
1276 1596 1354 1657 soni.

526 1701 672 1782 temporis
696 1708 849 1763 momenta
872 1698 980 1780 longae
1002 1697 1157 1780 possident
1179 1705 1297 1779 partem
1321 1707 1350 1760 et
1373 1696 1450 1759 duo:

424 1821 426 1826 ·
526 1801 697 1884 sescuplum
720 1803 829 1866 breves
852 1801 964 1865 babere
988 1811 1074 1883 parte
1098 1809 1128 1864 et
1151 1819 1211 1863 uno
1233 1803 1384 1864 convenit.
1454 1821 1455 1826 ¹

525 1922 597 1986 pers
619 1907 699 1968 enim
724 1909 779 1970 ista
804 1925 863 1969 non
886 1907 1024 1989 sequenti
1047 1911 1191 1986 prorogat
1214 1913 1335 1986 tempus
1357 1923 1457 1975 suurn,

515 2008 580 2088 ⁴ssd
603 2011 715 2092 priori,
740 2008 876 2092 pleniore
899 2010 926 2071 si
948 2007 1098 2088 indigebit
1121 2017 1267 2089 tempore.

363 2099 366 2104 ⁵
436 2146 439 2149 ι
475 2130 515 2173 seo
528 2110 672 2192 syllabam
695 2132 764 2176 nam
780 2113 845 2175 iam
870 2121 1022 2192 peractam
1047 2130 1114 2174 cum
1137 2121 1282 2192 sequetur
1303 2124 1317 2172 1
1340 2109 1386 2174 rel
1409 2124 1440 2181 u,

487 2233 489 2236 ·
526 2211 578 2276 illa
600 2205 698 2295 porro
715 2197 819 2279 brevis
841 2219 873 2277 in
895 2233 988 2277 unam
1012 2223 1227 2278 consonantem
1251 2213 1380 2283 desinet,

459 2365 465 2370 .
526 2329 694 2397 1sequens
717 2328 833 2399 partem
857 2316 1018 2400 rependet,
1042 2335 1133 2400 quam
1157 2319 1330 2380 ministrant
1353 2334 1516 2380 consonae.

527 2418 585 2484 boo
609 2430 639 2483 et
660 2435 684 2482 u
706 2432 861 2504 praestare
884 2423 1014 2504 poterit,
1039 2439 1107 2482 cum
1132 2420 1248 2484 tenebit
1270 2419 1351 2482 bunc
1373 2419 1483 2482 locum.

424 2513 425 2516 '
526 2541 633 2599 rursus
657 2524 804 2607 exemplis
827 2524 976 2606 agendum
1001 2532 1056 2587 est.
1104 2542 1176 2604 ergo
1199 2541 1260 2606 quo
1285 2525 1322 2584 sit
1344 2523 1471 2604 planius,

437 2705 449 2731 ι
476 2645 516 2688 111
530 2625 676 2708 syllabam
701 2627 823 2691 brevem
848 2637 1048 2709 anteponam
1074 2627 1259 2690 desinentem
1284 2613 1509 2703 inconsonam,

526 2739 562 2792 at
583 2732 702 2795 iubam
725 2751 780 2814 pes
804 2740 836 2794 ut
857 2740 996 2812 paretur,
1021 2734 1060 2792 sit
1084 2729 1130 2793 rel
1153 2729 1229 2794 alter
1253 2739 1288 2792 at
1311 2733 1430 2810 vigor:

527 2837 573 2896 sic
594 2838 675 2898 enirn
700 2845 816 2917 partem
842 2832 956 2896 videbis
978 2833 1037 2895 buc
1062 2834 1163 2896 redire
1187 2835 1341 2916 temporis.

528 2951 552 2998 1
574 2937 676 3001 brevis
698 2937 769 3001 durn
794 2939 973 3000 consonanti
997 2951 1018 2998 1
1043 2941 1232 3020 propinquae
1255 2937 1400 3016 iungitur,

527 3044 658 3123 tempori
682 3059 737 3104 suo
761 3061 796 3103 ex
820 3041 924 3103 codem
948 3059 1079 3103 consona
1104 3050 1221 3122 partem
1245 3039 1353 3103 trolret.

474 3141 699 3225 ssosescuplum
723 3145 806 3224 quod
828 3144 895 3205 dico
918 3146 961 3205 sic
986 3145 1027 3205 lit.
1074 3142 1162 3224 plena
1186 3162 1247 3226 quo
1269 3144 1328 3206 sint
1351 3150 1497 3224 tempora,
1538 3157 1542 3162 ’

527 3262 539 3308 1
563 3246 649 3310 dabit
670 3238 788 3328 partem
813 3245 981 3317 residuam,
1005 3264 1094 3328 quarn
1118 3248 1482 3328 nrinistrant‘consonae:

526 3351 585 3413 boc
608 3357 638 3412 et
659 3363 697 3428 U,
722 3351 830 3432 pedem
853 3349 953 3412 locare
976 3351 1001 3411 si
1025 3348 1149 3412 velimus
1173 3357 1209 3411 at
1232 3351 1345 3428 rigor.

526 3452 614 3533 longa
639 3455 671 3516 lit
693 3455 718 3514 si
740 3455 836 3535 prima
862 3457 960 3536 positu
984 3461 1056 3516 tunc
1080 3451 1207 3515 duorum
1231 3462 1401 3534 temporum

526 3565 556 3619 ct
578 3555 688 3618 breves
710 3555 816 3620 ambae
840 3556 1006 3618 manebunt
1030 3545 1224 3637 insequentes
1248 3554 1389 3636 syllabae,

473 3679 512 3721 111
529 3669 671 3742 quattuor
694 3660 801 3742 pedem
825 3670 981 3742 peractum
1006 3661 1106 3720 cernis
1129 3677 1195 3721 esse
1219 3665 1401 3741 temporum.

526 3764 616 3826 luno
640 3782 732 3844 porro
754 3767 816 3825 sive
840 3767 913 3826 rita
938 3780 1005 3823 curn
1030 3761 1137 3842 pedem
1161 3765 1292 3843 primum
1317 3771 1454 3844 occupat,

527 3863 697 3929 consonans
720 3867 825 3929 edecta
851 3886 919 3928 cum
943 3869 984 3928 sit
1006 3883 1085 3945 quae
1108 3865 1191 3946 prior
1216 3867 1333 3929 locatur
1356 3881 1379 3936 1,

527 3978 557 4032 el
580 3987 723 4052 sequens,
748 3969 893 4052 producta
918 3972 1045 4050 quippe,
1070 3968 1138 4030 bina
1162 3978 1296 4051 praestet
1319 3978 1463 4050 tempora,

526 4085 611 4154 parte
634 4075 751 4137 censeri
776 4074 910 4136 ridemus
933 4081 1021 4154 atque
1045 4071 1136 4155 duplo
1161 4073 1313 4155 syllabam.
1550 4057 1554 4062 ’

473 4176 597 4242 11111111
620 4177 727 4259 pedem
752 4179 777 4238 si
802 4179 994 4258 coeperimus
1017 4175 1108 4237 edere
1130 4177 1241 4238 iterum
1266 4175 1426 4257 dactylum,

528 4281 599 4360 quia
623 4278 723 4342 brevis
745 4279 857 4342 vocalis
881 4287 962 4342 extat
986 4283 1017 4341 in
1041 4283 1181 4359 sequenti
1205 4279 1327 4362 syllaba,

528 4386 648 4446 tertiam
673 4381 820 4446 addamus
843 4399 967 4444 neeesse
991 4392 1037 4446 est
1059 4385 1165 4465 ulique
1187 4385 1320 4465 correpti
1343 4383 1417 4445 soni.

528 4501 584 4564 pes
606 4487 728 4570 quidem
753 4485 898 4549 reddetur
921 4489 1001 4568 ipse;
1027 4504 1086 4548 non
1110 4496 1211 4551 tamen
1234 4505 1306 4568 pars
1329 4489 1476 4568 temporis

372 4629 578 4640 ψ.-

441 4667 491 4717 557
515 4651 650 4712 acl'unbus
670 4660 791 4725 ,lir'rpllus
878 4662 930 4713 563
953 4661 1043 4711 breves
1066 4677 1114 4716 cnr.
1136 4659 1173 4717 M,
1194 4663 1255 4716 cdd.
1280 4659 1426 4711 Santcnius.
1451 4669 1525 4711 uetus
1549 4659 1692 4713 addiderat

372 4748 513 4801 Brdsrcens
583 4749 629 4799 571
651 4746 1261 4812 11111111111131111111111111111111
1329 4747 1379 4798 679
1396 4745 1579 4813 Tcnrporisuo
1597 4749 1629 4802 ab
1649 4765 1692 4800 eo·
1802 4747 1804 4750 ’

343 4835 429 4884 dem
442 4835 476 4884 M
491 4835 601 4900 tempori
620 4847 667 4884 sno
685 4833 717 4884 dc
730 4833 818 4883 endem
839 4833 1019 4884 Lordrnannuc
1088 4851 1204 4886 consona
1222 4834 1363 4884 Brissneus
1384 4848 1516 4883 consonae
1541 4833 1571 4884 M
1641 4838 1691 4888 583

313 4905 334 4994 ’ἱ
373 4919 401 4970 dr
424 4921 446 4970 si
466 4920 547 4986 prima
568 4919 747 4970 Lachmannus
771 4917 798 4969 lit
816 4921 853 4968 sic
872 4922 955 4985 prima
976 4920 1006 4970 ,11
1076 4923 1126 4971 593
1145 4921 1264 4990 reddetur·
1284 4918 1423 4970 Brissaeus
1441 4919 1556 4971 redditur
1576 4921 1610 4973 Μ
