3904 5556
393 329 414 390 4
893 330 1002 384 ulturi
1025 329 1216 385 vtcrontru

419 429 545 484 emm
750 439 752 442 ·
1560 435 1688 489 nmo

392 528 500 581 malos.
536 520 610 582 ltaeo
633 529 707 602 quot
731 519 827 582 modis
851 520 1053 585 discernitur?
1076 521 1185 586 triltus.
1220 521 1347 603 quibus?
1370 523 1522 587 intellectu
1547 524 1713 610 poejtarunt

393 633 424 686 et
444 632 528 687 recte
551 623 695 706 loquendi
717 622 931 707 scribendique
955 627 1080 689 ratione.
1125 626 1213 690 ltuius
1235 626 1372 710 plerique
1396 636 1469 706 quot
1491 637 1592 708 trartes
1620 627 1713 690 tradi·

394 727 522 790 derunt?
546 729 629 791 duas.
663 727 757 808 quasi
786 719 988 810 ἐξηγητικήν
1003 727 1014 812 l!
1031 740 1120 812 atque
1137 724 1325 811 ὀριστικήν.
1364 749 1440 812 quae
1456 740 1502 794 ost
1518 723 1714 814 ἐξηγητικήι

393 849 470 914 quae
493 839 624 895 enarrat.
664 849 739 912 quoe
764 822 938 915 ὁριστικήι
960 852 1037 914 quae
1054 833 1167 896 delinit.
1207 842 1238 896 ul
1256 835 1382 896 Varroni
1398 832 1507 915 placet,
1531 838 1598 898 ‘ars
1614 853 1712 916 gratn-

393 937 510 1006 matica,
540 953 618 1016 quae
641 953 656 996 a
681 933 769 998 nobis
796 935 962 998 litteratura
986 937 1105 1010 dicitur,
1129 939 1254 1000 scientia
1285 946 1329 1000 est
1351 953 1453 1000 cotom
1477 957 1553 1021 quae
1576 957 1591 1000 a
1616 940 1740 1020 poetise

393 1038 542 1102 ltislotiois
565 1037 796 1122 oratoribusque
824 1038 965 1103 dicuntur
989 1059 1025 1103 cr
1048 1051 1133 1124 parte
1156 1043 1299 1104 maiorc'.
1339 1042 1403 1103 eius
1426 1043 1587 1124 praecipua
1616 1019 1712 1105 aldoin

392 1151 463 1206 sunt
485 1150 637 1225 quattuor,
660 1151 695 1206 ut
717 1142 775 1224 lpsi
798 1142 905 1225 placet,
929 1143 1065 1208 scribere
1088 1143 1190 1224 legere
1213 1143 1390 1224 intellegere
1413 1145 1555 1226 probare.
1593 1155 1626 1209 ut
1648 1149 1713 1210 dri·

360 1277 363 1282 v
391 1247 471 1308 stoni
494 1245 602 1326 placet,
627 1249 839 1326 ‘grammatice
863 1257 910 1310 est
932 1248 1057 1310 scientia
1081 1258 1184 1329 poetas
1208 1258 1237 1311 ει
1261 1247 1422 1311 historicos
1444 1247 1627 1330 intellegere.
1653 1251 1713 1312 lor·

320 1421 327 1434 ,
392 1368 471 1412 mant
488 1353 651 1432 praecipue
667 1350 812 1431 loquendi
835 1350 871 1412 atl
895 1353 1045 1414 rationem
1069 1361 1099 1414 et
1121 1351 1371 1415 consuetudinem
1396 1352 1531 1434 dirigens
1541 1358 1560 1420 ’.
1599 1352 1713 1415 ‘deii-

391 1455 488 1518 nilio
521 1458 605 1526 est',
632 1463 674 1517 ut
696 1457 737 1518 alt
760 1455 878 1527 Cicero,
915 1459 1060 1519 ‘oratio
1090 1474 1185 1537 quae
1210 1455 1297 1538 quid
1328 1459 1378 1520 sit
1400 1456 1444 1518 de
1479 1473 1549 1536 quo
1584 1457 1755 1536 agiturto
1815 1493 1824 1510 ·

392 1557 564 1621 ostendit
598 1577 705 1642 quam
741 1556 1000 1622 brevissime’.

965 1749 1015 1813 DE
1042 1747 1140 1814 VOCE

479 1869 540 1934 Vox
571 1881 616 1934 est
644 1887 696 1934 acr
724 1872 801 1934 ictus
831 1870 934 1934 auditu
963 1869 1160 1954 percipiltilis‚
1189 1878 1334 1953 qttatttum
1358 1873 1388 1933 in
1413 1874 1479 1955 ipso
1502 1880 1558 1935 est.
1605 1871 1714 1935 Gracci

392 1974 538 2058 qualiter?
561 1968 627 2056 α’ἠρ
643 1973 879 2056 πεπληγμένος
894 1967 1058 2057 αἰσθητὸς
1080 1967 1175 2058 ἀκοῇ,
1199 1968 1284 2037 ὅσον
1306 1968 1357 2056 ἐφ’
1374 1969 1484 2059 ἑαυτῷ
1500 1969 1602 2041 ἐστιν.
1632 1978 1714 2037 uocis

392 2081 506 2142 formae
523 2087 594 2142 sunt
610 2077 697 2148 duae.
723 2075 880 2142 articulata
904 2087 933 2140 et
956 2075 1091 2140 conlusa.
1132 2075 1286 2140 articulata
1304 2087 1349 2142 est
1372 2097 1449 2160 quae
1472 2078 1572 2141 auditu
1595 2077 1713 2141 intelle·
1729 2103 1754 2144 ts

391 2185 471 2262 gitur
494 2191 525 2245 ει
546 2163 690 2244 scribitur
712 2191 743 2244 ct
765 2181 833 2244 ideo
857 2202 872 2244 a
896 2179 1047 2264 plerisque
1077 2179 1242 2262 explanata,
1273 2201 1289 2244 a
1313 2197 1373 2244 uon
1398 2181 1486 2244 nullis
1509 2181 1713 2262 intellegibilis

390 2287 513 2349 dicitur.
560 2285 637 2347 ltano
661 2285 770 2348 Graeci
792 2284 865 2369 qttid
895 2282 1065 2366 appellant?
1106 2283 1282 2366 ἔναρθρον
1316 2281 1449 2368 φωνήν,
1495 2285 1583 2349 huius
1612 2295 1713 2348 atatem

393 2391 509 2472 species
533 2398 607 2469 quot
629 2390 718 2452 sunt?
749 2389 836 2454 duae.
871 2389 967 2470 quae?
994 2406 1064 2450 nam
1088 2397 1138 2450 aut
1161 2390 1275 2451 musica
1299 2397 1352 2460 est,
1376 2408 1454 2471 quae
1477 2388 1558 2452 tibiis
1579 2389 1623 2451 rel
1641 2387 1712 2450 tulta

390 2493 529 2557 redditur
552 2503 603 2554 aut
620 2491 753 2574 quolibet
769 2510 892 2574 organo,
916 2501 966 2554 aut
983 2491 1160 2566 communis,
1186 2496 1242 2571 qni
1262 2494 1436 2572 promiscue
1453 2511 1558 2556 omnes
1574 2500 1711 2554 utuntur.

281 2637 288 2649 -
390 2598 514 2659 confusa
542 2605 642 2658 autent
666 2605 711 2658 est
734 2615 809 2678 quac
834 2595 908 2658 niltil
938 2595 1016 2658 allud
1046 2613 1133 2678 quam
1157 2595 1326 2677 simplicem
1350 2599 1431 2659 vocis
1460 2615 1567 2659 sonum
1595 2597 1753 2668 etnittitee

391 2708 424 2763 ut
448 2708 493 2764 cst
516 2700 585 2782 equi
607 2697 752 2772 hinnitus,
783 2701 888 2781 anguis
908 2697 1022 2768 sibilus,
1054 2697 1184 2780 plausus
1210 2698 1321 2761 stridor
1345 2709 1374 2762 ει
1397 2709 1498 2764 celera
1521 2701 1570 2763 his
1594 2682 1734 2762 εἰιοίΙίε.ί

390 2805 438 2866 alii
464 2822 528 2866 eant
546 2822 622 2885 quae
639 2802 749 2866 dicitur
772 2805 803 2865 in
820 2822 876 2866 usu
893 2801 1063 2865 articularis
1079 2799 1240 2864 litteralem
1258 2801 1410 2874 dixerunt,
1434 2812 1468 2866 ut
1483 2804 1604 2867 nomine
1621 2802 1711 2866 verbo

390 2907 531 2971 adverbia
560 2915 590 2969 ει
618 2915 736 2973 ceteras
764 2914 865 2990 partes
888 2907 1041 2968 orationis.
1082 2922 1170 2966 omne
1187 2914 1286 2967 autem
1304 2905 1560 2988 explanatirarum
1576 2905 1711 2996 utrorum

390 3013 507 3075 initium
537 3019 567 3074 el
595 3009 748 3073 individua
779 3029 833 3072 vox
864 3018 909 3072 εει
936 3007 1045 3082 littera,
1076 3029 1112 3072 cx
1143 3027 1200 3090 qua
1230 3008 1388 3073 articulata
1416 3029 1473 3072 vox
1502 3012 1603 3074 existit
1629 3021 1658 3073 ει
1681 3012 1710 3072 in

390 3135 480 3198 quarn
503 3113 639 3178 ultimam
664 3113 830 3185 resolvitur,
856 3113 936 3176 unde
960 3130 1149 3194 consequens
1173 3123 1218 3176 cst
1241 3123 1274 3176 ut
1297 3113 1335 3176 de
1357 3111 1454 3176 littera
1478 3102 1620 3178 dieamus.
1657 3113 1752 3178 sedeo

390 3221 474 3302 prius
497 3225 596 3281 estut
619 3215 802 3281 clementum
827 3227 854 3280 et
879 3217 1039 3281 dictionem
1063 3217 1281 3280 cierationem
1306 3217 1492 3280 definiamus.
1529 3217 1709 3281 clementum

459 3429 475 3478 9
498 3426 614 3476 delinitio
640 3425 722 3476 Dium.
748 3429 808 3490 420,
834 3429 868 3478 25
955 3425 988 3476 26
1016 3423 1169 3475 elementum
1193 3449 1228 3462 ·-
1251 3427 1275 3488 l't,
1295 3427 1311 3476 2
1329 3423 1467 3474 resolvitur
1490 3426 1573 3478 Dione.
1598 3429 1657 3486 m,
1678 3428 1711 3476 11

390 3497 504 3617 ssogmffi
512 3499 553 3562 12,
575 3499 591 3547 3
612 3495 688 3550 Proh.
709 3497 789 3550 instit
803 3499 845 3556 ts,
861 3498 898 3548 33
917 3491 993 3561 Serp.
1011 3496 1117 3559 explan.
1138 3495 1164 3544 in
1185 3495 1429 3553 Dan.t87,1t.15
1448 3493 1527 3546 sciui.
1548 3495 1624 3546 Dion.
1649 3493 1708 3548 Titr.

390 3684 595 3696 *-

459 3757 475 3806 3
495 3764 615 3818 quaeest
632 3749 868 3822 ΕΞΗΓΗΤΙΚΗΝ
889 3753 914 3804 Β
974 3755 991 3804 4
1010 3767 1077 3816 qune
1095 3749 1284 3822 OPtcTtlttttl
1300 3755 1324 3805 A
1343 3769 1410 3818 quoe
1429 3749 1617 3806 ΟΡΙΕΤΙΚΗΝ
1633 3751 1657 3804 B

389 3823 511 3875 delinitur
529 3822 555 3872 B
645 3823 776 3874 Varronis
793 3825 965 3887 definitionem
987 3838 1039 3874 noo
1061 3825 1127 3873 satis
1149 3829 1273 3874 accurate
1296 3839 1312 3873 a
1334 3823 1469 3876 Victorino
1492 3825 1630 3874 iudicatam
1651 3839 1708 3875 esse

390 3893 571 3944 animaduertit
589 3892 715 3943 Ledrsius
733 3891 837 3944 Herod.
855 3893 947 3958 script.
967 3893 1019 3942 triu
1036 3907 1062 3956 p.
1083 3893 1145 3942 437.
1169 3893 1206 3942 od
1225 3893 1333 3958 primunt
1351 3891 1442 3942 librum
1459 3893 1653 3958 disciplinarum
1676 3896 1709 3945 de

388 3964 557 4029 prutnmutico
575 3977 631 4012 eom
648 3963 804 4012 rettulerunt
817 3961 970 4012 llitscltelius
983 3967 1083 4026 qrtoest.
1105 3961 1220 4012 Vas-ron.
1239 3979 1265 4028 p.
1286 3966 1300 4011 7
1318 3968 1344 4011 et
1367 3961 1552 4012 Wimnnnst'us
1570 3962 1603 4012 de
1625 3963 1706 4011 Vnt-r.

390 4031 447 4083 lidr.
466 4047 572 4098 ρνανιοι.
589 4047 618 4097 p.
633 4033 691 4082 tot.
707 4033 758 4081 208
828 4033 844 4082 5
863 4045 950 4080 eorum
970 4045 1017 4080 om.
1032 4027 1090 4080 AB
1096 4040 1121 4088 ς,
1140 4031 1201 4081 add.
1216 4029 1337 4098 Scaliger
1348 4031 1374 4080 in
1391 4029 1504 4083 Vnt-ron.
1515 4031 1610 4096 fropm.
1624 4047 1650 4095 p.
1666 4033 1708 4081 ld:

390 4101 425 4164 cs.
438 4101 515 4152 Dion.
533 4100 594 4151 Tllr.
613 4115 640 4164 p.
654 4102 744 4160 629,2
827 4100 843 4150 9
861 4099 983 4163 loquendi
1002 4099 1042 4149 bis
1058 4100 1191 4164 seriptum,
1215 4101 1264 4152 sed
1280 4103 1370 4166 priore
1388 4103 1444 4150 loco
1463 4101 1571 4150 delectem
1589 4106 1629 4151 est
1647 4102 1708 4152 inti

460 4173 492 4220 to
511 4169 599 4219 Cicero
633 4175 700 4220 orat.
721 4172 769 4232 33,
790 4171 840 4219 tto
919 4169 1002 4220 orntio
1020 4184 1069 4223 om,
1090 4165 1170 4225 ΑΒς
1248 4171 1282 4222 20
1301 4163 1457 4235 simplicem]
1478 4169 1590 4235 simplex
1609 4167 1640 4219 B·

388 4240 422 4288 tt
441 4249 466 4288 et
484 4241 510 4288 iu
528 4253 605 4302 quem
639 4239 665 4288 ln
683 4253 736 4305 ονε
754 4236 780 4286 Β
798 4239 877 4301 inque
895 4239 944 4294 Ae
1030 4238 1064 4288 25
1082 4236 1129 4288 sed
1147 4239 1220 4304 prius
1245 4251 1330 4290 estut
1351 4237 1504 4288 elementum
1526 4249 1551 4288 et
1568 4238 1707 4288 dictionem
1763 4267 1766 4272 -

389 4321 414 4358 et
433 4307 576 4358 orationem
597 4306 738 4373 (rationem
761 4306 833 4369 Vol.)
857 4305 1011 4357 definiamus
1035 4305 1201 4368 (definiamus
1219 4323 1267 4360 om.
1290 4307 1360 4370 Vol.)
1384 4305 1534 4357 elementum
1554 4317 1595 4360 est
1618 4309 1707 4358 unius-

389 4377 516 4439 cuiusque
534 4377 571 4428 rei
589 4377 690 4426 initium
709 4375 788 4424 dictio
807 4373 890 4441 ligure
908 4374 1110 4442 significantium
1129 4391 1223 4426 uocum
1242 4389 1287 4426 ant
1304 4391 1319 4427 u
1338 4389 1389 4439 quo
1408 4375 1509 4426 initium
1527 4377 1607 4426 sumit
1625 4377 1707 4426 incre-

390 4455 505 4496 mentum
523 4447 592 4496 etin
611 4461 663 4511 otte
681 4444 719 4506 (in
733 4442 802 4508 quod
820 4443 891 4506 Vol.)
909 4444 1048 4494 resoluitur
1065 4446 1146 4495 oratio
1166 4458 1205 4496 est
1222 4446 1301 4496 dictio
1319 4443 1472 4512 signillcons
1496 4445 1535 4494 uel
1558 4445 1706 4511 conpositio

390 4515 533 4565 dictionum
555 4515 759 4580 significantium
784 4510 943 4564 consumans
967 4512 1137 4578 (cottsumnus
1160 4511 1231 4582 Vol.)
1254 4529 1332 4565 unam
1355 4514 1509 4565 seutentiam
1532 4513 1557 4564 B
1579 4513 1636 4564 Vol.
1661 4513 1707 4564 sed

390 4601 463 4667 prius
483 4611 522 4652 est
540 4611 568 4651 ut
587 4599 734 4651 elimentum
759 4596 764 4666 Ι
788 4601 840 4651 tui
858 4598 1022 4650 definiamus.
1043 4599 1195 4651 elementum
1209 4613 1248 4652 est
1263 4581 1343 4651 ἓν...
1363 4597 1491 4666 ltllgurn
1504 4597 1705 4665 signillcoutium

391 4719 484 4754 uocum
507 4715 552 4754 ant
579 4719 642 4756 n...
670 4701 675 4768 Ι
700 4714 861 4753 tremetttum
884 4714 908 4753 et
931 4703 958 4753 in
981 4661 1047 4767 pappare
1070 4703 1209 4754 resoluitur
1233 4702 1314 4754 oratio
1338 4717 1414 4752 εε...
1442 4699 1448 4766 Ι
1471 4701 1526 4752 tuci
1549 4681 1706 4768 compositio

389 4773 531 4824 dictionum
554 4774 759 4840 signillcnutiunt
782 4787 909 4824 eonem.
939 4771 943 4837 Ι
968 4788 1045 4823 unam
1069 4774 1224 4824 seutentiam
1244 4771 1336 4837 paucis
1358 4773 1452 4822 litteris
1470 4775 1496 4820 in
1510 4773 1563 4833 fine
1581 4787 1705 4838 versuum,

388 4842 506 4907 pluribus
528 4846 555 4894 in
577 4845 651 4894 initio
674 4845 768 4894 lacuna
789 4841 992 4892 metndrunorum
1014 4843 1107 4893 deletis
1125 4845 1150 4893 Α
1173 4843 1219 4892 sed
1244 4842 1315 4906 prius
1338 4851 1386 4898 est,
1410 4855 1438 4889 ut
1459 4839 1610 4890 elementum
1630 4854 1707 4905 atoue

391 4913 533 4962 orationem
546 4911 711 4963 definiamus.
730 4911 883 4962 elementum
902 4923 942 4961 est
959 4911 1033 4962 onius
1052 4923 1091 4960 εει
1109 4911 1191 4961 littora
1210 4909 1315 4960 minimo
1335 4908 1418 4974 ligura
1437 4907 1639 4974 signillcuntiunt
1660 4926 1705 4962 uo·
