3866 5562
372 317 457 384 κ492
674 331 778 380 istan
801 329 922 378 suoru
948 313 1000 396 [ar.
1026 287 1190 396 cnsvou]
1215 306 1438 377 sscaanorrs
1513 293 1516 298 ’

390 433 412 472 p.
428 423 454 462 tn
468 421 497 461 V.

479 508 638 580 Quoniam,
664 508 741 570 sicut
758 505 900 575 arbitror,
923 506 982 566 ianr
998 503 1184 566 solllcienter
1199 501 1392 564 tractavimus
1408 499 1445 561 de
1463 500 1560 564 verbis
1575 519 1594 562 o
1616 498 1717 561 littera

392 613 578 680 terminatis,
611 629 691 673 nunc
716 612 872 672 veniamus
895 607 932 670 ad
955 626 1005 679 ca,
1038 623 1116 686 quae
1140 625 1174 666 or
1197 603 1309 686 syllaba
1338 604 1492 665 liniuntur.
1518 605 1523 681 Ι
1547 623 1582 665 or
1604 601 1718 683 syllaba

394 717 553 778 terminata
577 717 640 776 sire
670 732 745 795 pura
769 715 832 774 sire
855 717 977 787 iuncta,
994 703 1037 772 'id
1059 719 1103 772 est
1123 711 1188 772 'sios
1211 708 1303 770 vocali
1328 705 1371 769 vel
1396 709 1572 768 consonanti
1594 725 1740 788 praece·.

393 817 500 889 dente,
524 819 549 878 si
573 817 688 898 primae
704 817 765 878 sint
780 815 998 894 coniapadonis
1015 813 1060 874 vel
1077 813 1227 880 secundae
1252 811 1296 874 vel
1320 811 1426 874 tertiae
1449 809 1623 892 prodactae,
1647 819 1718 872 ante
1774 795 1800 864 ι’

318 951 324 958 -
391 907 585 983 novissimam
608 917 739 980 litteram
763 936 778 977 s
800 915 951 980 secundae
974 935 1123 998 personae
1139 916 1297 978 activitatis
1319 917 1347 976 ri
1371 910 1746 994 syllabam'accipicntia⁵

394 1023 507 1086 lanient
528 1020 692 1092 secundam
710 1037 872 1101 personam
895 1020 1091 1102 passivitatis,
1116 1027 1150 1080 ut
1172 1036 1239 1078 amo
1261 1007 1343 1080 amas
1366 1035 1452 1079 amor
1475 1019 1600 1091 amaris,
1624 1016 1718 1079 doceo

395 1111 488 1188 doces
504 1125 616 1188 doceor
636 1124 772 1194 doceris,
798 1123 900 1184 munio
917 1125 1016 1185 naonis
1033 1123 1151 1183 munior
1167 1122 1303 1183 muniris.
1349 1122 1458 1182 tertiae
1473 1137 1545 1180 vero
1561 1129 1718 1200 correptae

393 1229 615 1306 coniugationis
646 1225 736 1290 rerba
759 1228 768 1286 i
792 1223 922 1288 litteram
951 1227 984 1285 in
1015 1205 1216 1309 e‘rautabunt
1241 1234 1272 1286 et
1300 1225 1378 1285 sicut
1399 1221 1449 1284 illa
1478 1224 1510 1283 ri
1534 1231 1602 1284 ante
1630 1242 1645 1284 s
1668 1240 1717 1283 ac·

394 1332 522 1412 sipiani,
546 1329 668 1410 allego
691 1329 767 1409 legis
790 1327 874 1409 legor·
897 1327 1023 1407 legeris,
1047 1336 1078 1389 et
1100 1328 1184 1410 siqua
1208 1326 1287 1390 talia.
1335 1337 1453 1407 tempus
1475 1335 1575 1387 autem
1599 1325 1716 1403 perlec-

302 1488 314 1525 ὁ
394 1446 457 1497 tum
486 1434 598 1496 lacient
622 1450 727 1495 omncs
750 1433 980 1511 coniugatioues
1002 1431 1163 1512 participio
1177 1428 1359 1498 ‚masculino
1389 1431 1536 1508 temporis
1563 1428 1757 1510 praeteritio

329 1607 330 1613 ἵ
394 1535 497 1598 addita
521 1555 587 1598 sam
611 1533 738 1616 syllaba,
771 1533 820 1596 bic
845 1542 961 1596 amatus
984 1542 1098 1594 amatus
1120 1552 1200 1604 sam,
1224 1530 1275 1596 bic
1299 1533 1405 1595 doctus
1428 1533 1536 1595 doctus
1559 1551 1649 1602 sum,
1669 1530 1719 1592 bic

279 1678 286 1684 -
395 1639 526 1720 scriptus
555 1640 687 1720 scriptus
715 1655 800 1716 sum,
824 1634 873 1698 bic
896 1638 1032 1725 munitus
1059 1639 1193 1699 munitus
1215 1655 1294 1700 sam.
1340 1637 1373 1698 lit
1401 1645 1500 1698 autern
1525 1635 1716 1717 participium

394 1736 717 1822 temporis'praeteriti
731 1739 1028 1818 generismasculiai
1048 1741 1231 1803 exsecando
1249 1757 1377 1820 persona
1394 1739 1554 1801 activitatis
1568 1741 1599 1800 ia
1623 1739 1717 1820 prima

394 1835 516 1925 qnidam
541 1843 753 1924 coniugatione
777 1851 807 1904 et
832 1845 919 1904 tertia
943 1843 1088 1924 producta
1105 1833 1226 1924 accept'a
1251 1841 1362 1922 syllaba
1386 1850 1417 1904 tu
1441 1851 1511 1904 ante
1526 1830 1746 1904 novissimam.

316 1993 318 1996 -
395 1946 527 2010 litteram
550 1965 574 2019 s,
599 1955 632 2008 ut
648 1965 715 2008 amo
732 1963 815 2008 amas
831 1945 882 2006 bic
898 1955 1027 2015 amatus,
1053 1949 1156 2008 munio
1174 1946 1272 2034 munis
1294 1944 1344 2007 bic
1360 1945 1508 2014 munitum
1532 1946 1563 2005 in
1587 1944 1718 2006 secunda
1733 1958 1757 1999 rs

377 2068 467 2116 ,vero
491 2059 520 2113 at
543 2053 631 2112 tertia
648 2059 788 2130 correpta
805 2055 952 2131 pereunte
968 2047 1066 2110 littera
1084 2047 1285 2129 paeneultima
1308 2047 1458 2110 secundae
1474 2064 1622 2128 personae
1645 2049 1718 2110 acti·

335 2187 340 2195 ·
393 2155 492 2215 vitatis
516 2161 547 2232 et
561 2161 593 2214 tu
617 2160 716 2214 antes
740 2152 855 2229 posita,
880 2158 913 2211 ut
936 2151 1030 2213 docco
1047 2150 1135 2220 doces
1151 2149 1200 2212 bic
1216 2149 1338 2218 doctus,
1363 2151 1431 2212 dico
1447 2150 1523 2212 dicis
1545 2150 1596 2212 laic
1611 2149 1717 2219 dictus,

396 2265 447 2317 aut
462 2253 661 2336 percuntibus
678 2252 795 2316 duabus
811 2253 922 2314 litteris
937 2253 1149 2333 paeneoltimis
1165 2263 1195 2314 et
1210 2273 1244 2316 su
1261 2262 1331 2315 ante
1347 2251 1541 2316 novissimam
1558 2252 1689 2315 litteram
1705 2273 1720 2310 s

396 2357 508 2440 posita.
539 2366 572 2419 ut
604 2368 692 2419 necto
716 2358 813 2418 nectis
837 2372 945 2417 nccsus
968 2373 1051 2425 som;
1080 2359 1218 2438 quamvis
1239 2353 1391 2435 posterius
1415 2374 1470 2437 pro
1494 2375 1510 2417 c
1534 2365 1601 2418 ets
1623 2375 1642 2417 x
1664 2375 1718 2436 po·

104 2507 128 2519 .,
182 2521 188 2538 ⁸
297 2535 304 2541 ³
397 2463 530 2532 suerint,
564 2469 596 2521 ut
619 2467 712 2522 nexus
742 2477 818 2522 sum.
864 2459 1064 2541 imperativus
1087 2459 1195 2523 arodus
1217 2461 1397 2540 passivitatis
1422 2477 1455 2520 re
1482 2457 1594 2538 syllaba
1619 2457 1756 2540 additam

321 2643 324 2650 .
396 2553 576 2644 imperativo
608 2563 767 2624 activitatis
795 2563 846 2624 liet
874 2562 981 2624 similis
1011 2565 1160 2634 infinitivo
1182 2565 1363 2642 activitatis,
1392 2571 1426 2624 ut
1453 2579 1554 2624 amare
1584 2560 1718 2624 scribere
1767 2577 1769 2580 ·

337 2691 340 2696 ·
396 2668 527 2728 munire.
575 2664 612 2726 dc
640 2663 697 2726 bac
726 2673 825 2726 tamen
848 2663 972 2727 'rationo
995 2675 1025 2726 et
1054 2665 1091 2727 de
1114 2665 1204 2728 modo
1233 2667 1350 2728 iallaito
1373 2663 1493 2748 plcnius
1523 2665 1717 2728 intastttutis

396 2771 529 2844 artium,
555 2767 584 2828 id
609 2776 655 2829 est
677 2767 755 2830 libro
780 2769 893 2848 primo,
921 2768 1088 2830 docuimus.
1135 2767 1256 2832 illorum
1281 2787 1351 2831 vcro
1376 2768 1551 2840 verborum,
1582 2768 1613 2830 id
1637 2777 1683 2830 est
1704 2788 1718 2831 r

397 2873 627 2933 terminatorum
652 2879 682 2933 et
704 2887 763 2932 aon
787 2872 975 2934 venientium
999 2871 1036 2933 ab
1061 2891 1078 2933 o
1101 2870 1217 2942 littera,
1241 2873 1358 2953 species
1380 2872 1514 2952 perlecta
1538 2879 1659 2942 notetur
1681 2870 1718 2932 de
1789 2889 1793 2894 ·

347 2971 349 2977 '
395 2973 555 3055 participio
579 2977 724 3055 temporis
747 2962 914 3054 praeteriti.

961 3167 1098 3175 ..ήκω-
1108 3169 1112 3172 .

483 3371 630 3446 Quoniam
660 3373 752 3450 igitur
775 3371 812 3433 dc
837 3371 965 3453 pedibus
990 3371 1147 3455 disyllabis
1170 3387 1200 3436 et
1224 3372 1388 3456 trisyllabis
1411 3391 1467 3436 nec
1490 3391 1549 3435 aon
1579 3383 1609 3435 et
1630 3382 1752 3455 quat-rs

398 3483 464 3537 tuor
495 3473 677 3556 syllabarum
709 3477 740 3535 ia
772 3477 870 3554 primo
895 3473 985 3536 docui
1008 3474 1100 3546 libro,
1131 3479 1169 3538 dc
1192 3482 1346 3540 nominum
1375 3497 1447 3541 vcro
1471 3477 1587 3538 ratione
1610 3475 1716 3539 verbo·

397 3595 525 3658 raorquc
555 3578 585 3638 in
614 3575 687 3644 bor,
719 3595 907 3657 consequens
936 3577 1100 3641 arbitratus
1127 3599 1192 3642 suan
1225 3590 1254 3642 at
1281 3581 1319 3642 de
1349 3581 1508 3644 structuris
1530 3579 1718 3660 placentibus

397 3690 500 3743 nostro
531 3689 668 3759 ternpore
698 3682 802 3760 paucis
831 3679 991 3742 admodum
1016 3681 1239 3758 demonstrare,
1263 3702 1337 3764 qaas
1353 3683 1445 3744 'malti
1470 3683 1599 3745 credant
1622 3692 1717 3744 metro

396 3784 509 3846 debere
533 3792 687 3854 constare,
720 3801 848 3863 ryuovanr
880 3785 1015 3864 opinioni
1041 3803 1099 3848 non
1124 3785 1252 3849 libenter
1275 3789 1498 3856 consentimus:
1523 3787 1663 3867 quoniam
1689 3795 1716 3847 et

400 3901 602 3913 ——ss—q.

466 3973 545 4027 Prob.
565 3971 659 4023 carnot.
685 3975 727 4030 39,
748 3975 860 4034 27-40,
881 3977 913 4024 ut

466 4149 482 4197 ii
500 4146 557 4196 siae
577 4144 711 4209 parasino
725 4146 808 4195 nocali
823 4147 861 4196 uel
875 4149 1028 4210 construenti
1042 4126 1211 4213 praecedente
1225 4148 1318 4200 Balce
1331 4165 1395 4216 pura
1408 4153 1463 4200 sive
1476 4161 1633 4201 consonante
1646 4165 1719 4216 prur-

396 4233 503 4282 cerlente
526 4240 569 4280 aut
589 4232 643 4278 sive
663 4230 744 4280 vocali
767 4232 823 4281 sive
841 4244 1002 4283 consonante
1019 4233 1188 4302 praecedente
1207 4233 1330 4299 Steupa'aa
1348 4239 1380 4286 de
1401 4237 1477 4287 Prnb.
1494 4252 1599 4303 pronam.
1621 4251 1648 4300 p.
1669 4238 1718 4285 lid

431 4315 649 4380 trissyllabam
669 4315 695 4366 B
781 4317 1279 4370 8sicotillaosicntilleBsiccuru
1300 4321 1428 4373 sibodus
1499 4324 1530 4373 16
1549 4317 1645 4389 littera]
1665 4322 1718 4385 syl·

398 4401 499 4453 labaB
624 4403 655 4452 ta
675 4416 767 4451 necans
786 4419 801 4452 a
819 4417 917 4453 nexsas
937 4403 962 4453 B
1066 4407 1187 4468 quamuis
1211 4409 1342 4472 posterius
1367 4423 1415 4474 pro
1435 4423 1477 4458 ces
1495 4423 1513 4456 x
1532 4407 1717 4476 posuerantB
1780 4401 1784 4408 “

397 4489 516 4553 quamvis
536 4487 695 4555 posteriores
715 4502 762 4552 pro
781 4504 794 4538 c
814 4499 837 4538 et
856 4506 868 4538 s
888 4504 905 4538 x
925 4502 1071 4556 posueruut
1088 4491 1190 4542 Probra
1260 4495 1291 4542 at
1313 4493 1440 4544 inlinitiro
1459 4495 1595 4544 activitatis
1615 4507 1662 4547 ona.
1681 4492 1716 4543 B.

397 4573 499 4626 infinito
518 4575 662 4624 activorum
681 4574 724 4624 liet
742 4574 834 4624 similis
853 4575 973 4626 ll'eatzei
989 4575 1069 4642 sparh.
1088 4579 1146 4628 crt't.
1167 4577 1292 4640 (Vraiirl.
1312 4597 1338 4630 a.
1353 4581 1433 4643 1858)
1451 4598 1477 4645 p.
1497 4583 1530 4629 29
1600 4581 1634 4630 23
1653 4579 1715 4628 libro

396 4656 495 4730 primo]
513 4678 540 4726 p.
562 4663 624 4722 434,
639 4664 674 4712 35
738 4663 778 4711 25
797 4663 990 4728 inscriptionem
1010 4661 1053 4712 DE
1073 4661 1275 4714 stultitiis
1297 4668 1322 4716 r'a
1336 4665 1419 4717 Prota
1436 4667 1500 4716 libro
1519 4665 1620 4716 addidit
1635 4665 1717 4716 Porr-

398 4747 483 4798 daaiuo
559 4748 591 4798 26
610 4748 636 4794 io
655 4749 739 4812 primo
759 4747 835 4798 docui
855 4746 931 4814 libro]
951 4750 985 4811 cf.
1001 4749 1067 4800 Ploi.
1086 4752 1336 4816 depraecantes,
1357 4756 1389 4802 19
1450 4737 1491 4800 *de
1511 4754 1643 4802 nominum
1658 4767 1715 4802 vero

339 4889 340 4892 Ἴ
398 4836 496 4883 ratione
516 4831 617 4883 Probus
636 4835 770 4882 nominum
790 4849 850 4883 uero
871 4836 995 4884 rationem
1015 4833 1040 4883 B
