<?xml version="1.0" encoding="UTF-8"?>
<!DOCTYPE html PUBLIC "-//W3C//DTD XHTML 1.0 Transitional//EN"
    "http://www.w3.org/TR/xhtml1/DTD/xhtml1-transitional.dtd">
<html xmlns="http://www.w3.org/1999/xhtml" xml:lang="en" lang="en">
 <head>
  <title>
</title>
<meta http-equiv="Content-Type" content="text/html;charset=utf-8" />
  <meta name='ocr-system' content='tesseract 3.04.00' />
  <meta name='ocr-capabilities' content='ocr_page ocr_carea ocr_par ocr_line ocrx_word'/>
</head>
<body>
  <div class='ocr_page' id='page_1' title='image "./grammaticilatin05hagagoog_0229.png"; bbox 0 0 3858 5560; ppageno 0'>
   <div class='ocr_carea' id='block_1_1' title="bbox 318 254 1614 460">
    <p class='ocr_par' dir='ltr' id='par_1_1' title="bbox 318 254 1614 460">
     <span class='ocr_line' id='line_1_1' title="bbox 785 254 1614 366; baseline 0.013 -11"><span class='ocrx_word' id='word_1_1' title='bbox 785 299 855 356; x_wconf 76' lang='lat' dir='ltr'><strong>aas</strong></span> <span class='ocrx_word' id='word_1_2' title='bbox 873 254 1119 354; x_wconf 72' lang='grc' dir='ltr'>ιιιιιιιιιιιιιι</span> <span class='ocrx_word' id='word_1_3' title='bbox 1337 261 1340 268; x_wconf 57' lang='grc'>’</span> <span class='ocrx_word' id='word_1_4' title='bbox 1479 273 1483 278; x_wconf 69' lang='grc'>’</span> <span class='ocrx_word' id='word_1_5' title='bbox 1551 298 1614 366; x_wconf 84' lang='grc'><strong>199</strong></span> 
     </span>
     <span class='ocr_line' id='line_1_2' title="bbox 318 399 1587 460; baseline 0 -14"><span class='ocrx_word' id='word_1_6' title='bbox 318 417 341 460; x_wconf 89' lang='lat' dir='ltr'><strong>p.</strong></span> <span class='ocrx_word' id='word_1_7' title='bbox 354 401 443 446; x_wconf 69' lang='lat' dir='ltr'><strong>MP.</strong></span> <span class='ocrx_word' id='word_1_8' title='bbox 1427 413 1449 457; x_wconf 86' lang='lat' dir='ltr'><strong>p.</strong></span> <span class='ocrx_word' id='word_1_9' title='bbox 1463 401 1509 445; x_wconf 76' lang='lat' dir='ltr'><strong>vit.</strong></span> <span class='ocrx_word' id='word_1_10' title='bbox 1523 402 1550 444; x_wconf 75' lang='lat'><strong>80</strong></span> <span class='ocrx_word' id='word_1_11' title='bbox 1563 399 1587 446; x_wconf 84' lang='lat' dir='ltr'><strong>L.</strong></span> 
     </span>
    </p>
   </div>
   <div class='ocr_carea' id='block_1_2' title="bbox 178 489 1693 3164">
    <p class='ocr_par' dir='ltr' id='par_1_2' title="bbox 248 489 1688 2133">
     <span class='ocr_line' id='line_1_3' title="bbox 292 489 1612 578; baseline -0.002 -22"><span class='ocrx_word' id='word_1_12' title='bbox 292 496 444 556; x_wconf 89' lang='lat' dir='ltr'><strong>communi</strong></span> <span class='ocrx_word' id='word_1_13' title='bbox 467 503 497 556; x_wconf 92' lang='lat' dir='ltr'><strong>et</strong></span> <span class='ocrx_word' id='word_1_14' title='bbox 519 493 698 578; x_wconf 83' lang='lat' dir='ltr'><strong>deponenti,</strong></span> <span class='ocrx_word' id='word_1_15' title='bbox 730 509 844 573; x_wconf 84' lang='lat' dir='ltr'><strong>quaer</strong></span> <span class='ocrx_word' id='word_1_16' title='bbox 873 491 973 576; x_wconf 88' lang='lat' dir='ltr'><strong>littera</strong></span> <span class='ocrx_word' id='word_1_17' title='bbox 1002 493 1221 564; x_wconf 77' lang='lat' dir='ltr'><strong>terminantur,</strong></span> <span class='ocrx_word' id='word_1_18' title='bbox 1252 489 1358 554; x_wconf 88' lang='lat' dir='ltr'><strong>eodem</strong></span> <span class='ocrx_word' id='word_1_19' title='bbox 1387 489 1477 554; x_wconf 89' lang='lat' dir='ltr'><strong>modo</strong></span> <span class='ocrx_word' id='word_1_20' title='bbox 1505 489 1612 554; x_wconf 73' lang='lat' dir='ltr'><strong>eodem</strong></span> 
     </span>
     <span class='ocr_line' id='line_1_4' title="bbox 293 590 1611 680; baseline -0.003 -19"><span class='ocrx_word' id='word_1_21' title='bbox 293 608 429 679; x_wconf 85' lang='lat' dir='ltr'><strong>tempore</strong></span> <span class='ocrx_word' id='word_1_22' title='bbox 452 605 483 658; x_wconf 91' lang='lat' dir='ltr'><strong>et</strong></span> <span class='ocrx_word' id='word_1_23' title='bbox 506 615 635 680; x_wconf 84' lang='lat' dir='ltr'><strong>persorm</strong></span> <span class='ocrx_word' id='word_1_24' title='bbox 663 607 734 660; x_wconf 88' lang='lat' dir='ltr'><strong>ante</strong></span> <span class='ocrx_word' id='word_1_25' title='bbox 760 590 956 661; x_wconf 83' lang='lat' dir='ltr'><strong>novissimam</strong></span> <span class='ocrx_word' id='word_1_26' title='bbox 990 594 1145 678; x_wconf 76' lang='lat' dir='ltr'><strong>syllabam.</strong></span> <span class='ocrx_word' id='word_1_27' title='bbox 1191 595 1291 658; x_wconf 81' lang='lat' dir='ltr'><strong>l‘riana</strong></span> <span class='ocrx_word' id='word_1_28' title='bbox 1314 595 1487 674; x_wconf 75' lang='lat' dir='ltr'><strong>coniugatio</strong></span> <span class='ocrx_word' id='word_1_29' title='bbox 1511 603 1541 657; x_wconf 87' lang='lat' dir='ltr'><strong>et</strong></span> <span class='ocrx_word' id='word_1_30' title='bbox 1564 613 1611 657; x_wconf 92' lang='lat' dir='ltr'><strong>se·</strong></span> 
     </span>
     <span class='ocr_line' id='line_1_5' title="bbox 291 697 1611 784; baseline -0.002 -22"><span class='ocrx_word' id='word_1_31' title='bbox 291 699 388 764; x_wconf 85' lang='lat' dir='ltr'><strong>cunda</strong></span> <span class='ocrx_word' id='word_1_32' title='bbox 411 701 548 764; x_wconf 84' lang='lat' dir='ltr'><strong>loturum</strong></span> <span class='ocrx_word' id='word_1_33' title='bbox 571 711 704 782; x_wconf 85' lang='lat' dir='ltr'><strong>tempus,</strong></span> <span class='ocrx_word' id='word_1_34' title='bbox 730 701 787 764; x_wconf 90' lang='lat' dir='ltr'><strong>boo</strong></span> <span class='ocrx_word' id='word_1_35' title='bbox 810 711 857 763; x_wconf 87' lang='lat' dir='ltr'><strong>est</strong></span> <span class='ocrx_word' id='word_1_36' title='bbox 883 701 1096 784; x_wconf 87' lang='lat' dir='ltr'><strong>promissivum</strong></span> <span class='ocrx_word' id='word_1_37' title='bbox 1120 699 1257 772; x_wconf 80' lang='lat' dir='ltr'><strong>molunt,</strong></span> <span class='ocrx_word' id='word_1_38' title='bbox 1289 700 1319 760; x_wconf 95' lang='lat' dir='ltr'><strong>in</strong></span> <span class='ocrx_word' id='word_1_39' title='bbox 1348 717 1437 782; x_wconf 85' lang='lat' dir='ltr'><strong>quana</strong></span> <span class='ocrx_word' id='word_1_40' title='bbox 1467 697 1611 780; x_wconf 73' lang='lat' dir='ltr'>syllabam</span> 
     </span>
     <span class='ocr_line' id='line_1_6' title="bbox 291 799 1611 882; baseline -0.002 -15"><span class='ocrx_word' id='word_1_41' title='bbox 291 803 434 868; x_wconf 74' lang='lat' dir='ltr'><strong>mittunt?</strong></span> <span class='ocrx_word' id='word_1_42' title='bbox 470 803 503 866; x_wconf 93' lang='lat' dir='ltr'><strong>ln</strong></span> <span class='ocrx_word' id='word_1_43' title='bbox 527 803 580 882; x_wconf 93' lang='lat' dir='ltr'><strong>bo,</strong></span> <span class='ocrx_word' id='word_1_44' title='bbox 609 813 642 866; x_wconf 96' lang='lat' dir='ltr'><strong>ut</strong></span> <span class='ocrx_word' id='word_1_45' title='bbox 665 822 733 866; x_wconf 86' lang='lat' dir='ltr'><strong>amo</strong></span> <span class='ocrx_word' id='word_1_46' title='bbox 755 821 839 867; x_wconf 88' lang='lat' dir='ltr'><strong>amas</strong></span> <span class='ocrx_word' id='word_1_47' title='bbox 861 802 985 876; x_wconf 87' lang='lat' dir='ltr'><strong>amabo,</strong></span> <span class='ocrx_word' id='word_1_48' title='bbox 1016 822 1124 867; x_wconf 88' lang='lat' dir='ltr'><strong>moneo</strong></span> <span class='ocrx_word' id='word_1_49' title='bbox 1155 821 1259 868; x_wconf 88' lang='lat' dir='ltr'><strong>mones</strong></span> <span class='ocrx_word' id='word_1_50' title='bbox 1283 800 1423 866; x_wconf 87' lang='lat' dir='ltr'><strong>monebo.</strong></span> <span class='ocrx_word' id='word_1_51' title='bbox 1472 799 1558 879; x_wconf 76' lang='lat' dir='ltr'><strong>Quiri,</strong></span> <span class='ocrx_word' id='word_1_52' title='bbox 1584 803 1611 864; x_wconf 91' lang='lat' dir='ltr'><strong>si</strong></span> 
     </span>
     <span class='ocr_line' id='line_1_7' title="bbox 264 899 1610 992; baseline 0.004 -28"><span class='ocrx_word' id='word_1_53' title='bbox 264 908 378 972; x_wconf 79' lang='lat' dir='ltr'><strong>startia</strong></span> <span class='ocrx_word' id='word_1_54' title='bbox 400 907 584 990; x_wconf 74' lang='lat' dir='ltr'><strong>coniugatio,</strong></span> <span class='ocrx_word' id='word_1_55' title='bbox 607 899 818 992; x_wconf 83' lang='lat' dir='ltr'><strong>promissivum</strong></span> <span class='ocrx_word' id='word_1_56' title='bbox 843 905 963 969; x_wconf 87' lang='lat' dir='ltr'><strong>modurn</strong></span> <span class='ocrx_word' id='word_1_57' title='bbox 986 907 1016 968; x_wconf 93' lang='lat' dir='ltr'><strong>in</strong></span> <span class='ocrx_word' id='word_1_58' title='bbox 1040 919 1129 988; x_wconf 87' lang='lat' dir='ltr'><strong>quarn</strong></span> <span class='ocrx_word' id='word_1_59' title='bbox 1152 903 1296 988; x_wconf 80' lang='lat' dir='ltr'>syllabam</span> <span class='ocrx_word' id='word_1_60' title='bbox 1321 905 1408 968; x_wconf 77' lang='lat' dir='ltr'><strong>eicit?</strong></span> <span class='ocrx_word' id='word_1_61' title='bbox 1431 904 1463 969; x_wconf 87' lang='lat' dir='ltr'><strong>si</strong></span> <span class='ocrx_word' id='word_1_62' title='bbox 1485 922 1610 985; x_wconf 87' lang='lat' dir='ltr'><strong>correp·</strong></span> 
     </span>
     <span class='ocr_line' id='line_1_8' title="bbox 289 1008 1609 1092; baseline -0.003 -18"><span class='ocrx_word' id='word_1_63' title='bbox 289 1019 350 1074; x_wconf 73' lang='grc' dir='ltr'>ιιιιι</span> <span class='ocrx_word' id='word_1_64' title='bbox 373 1013 384 1074; x_wconf 90' lang='grc'>1</span> <span class='ocrx_word' id='word_1_65' title='bbox 405 1009 539 1076; x_wconf 77' lang='lat' dir='ltr'><strong>litteram</strong></span> <span class='ocrx_word' id='word_1_66' title='bbox 562 1010 716 1082; x_wconf 86' lang='lat' dir='ltr'><strong>babuerit,</strong></span> <span class='ocrx_word' id='word_1_67' title='bbox 746 1009 958 1092; x_wconf 86' lang='lat' dir='ltr'><strong>promissivum</strong></span> <span class='ocrx_word' id='word_1_68' title='bbox 981 1009 1104 1072; x_wconf 77' lang='lat' dir='ltr'><strong>anodiam</strong></span> <span class='ocrx_word' id='word_1_69' title='bbox 1135 1011 1165 1072; x_wconf 93' lang='lat' dir='ltr'><strong>in</strong></span> <span class='ocrx_word' id='word_1_70' title='bbox 1194 1029 1243 1072; x_wconf 88' lang='lat' dir='ltr'><strong>am</strong></span> <span class='ocrx_word' id='word_1_71' title='bbox 1272 1008 1416 1092; x_wconf 79' lang='lat' dir='ltr'><strong>syllabam</strong></span> <span class='ocrx_word' id='word_1_72' title='bbox 1440 1010 1545 1080; x_wconf 89' lang='lat' dir='ltr'><strong>mittit,</strong></span> <span class='ocrx_word' id='word_1_73' title='bbox 1577 1015 1609 1072; x_wconf 93' lang='lat' dir='ltr'><strong>ut</strong></span> 
     </span>
     <span class='ocr_line' id='line_1_9' title="bbox 289 1110 1609 1196; baseline -0.002 -20"><span class='ocrx_word' id='word_1_74' title='bbox 289 1113 455 1196; x_wconf 75' lang='lat' dir='ltr'><strong>legolsgls</strong></span> <span class='ocrx_word' id='word_1_75' title='bbox 476 1114 585 1196; x_wconf 73' lang='lat' dir='ltr'><strong>legam,</strong></span> <span class='ocrx_word' id='word_1_76' title='bbox 609 1112 713 1177; x_wconf 91' lang='lat' dir='ltr'><strong>scribo</strong></span> <span class='ocrx_word' id='word_1_77' title='bbox 736 1111 846 1178; x_wconf 86' lang='lat' dir='ltr'><strong>scribis</strong></span> <span class='ocrx_word' id='word_1_78' title='bbox 868 1110 1010 1176; x_wconf 87' lang='lat' dir='ltr'><strong>scribant.</strong></span> <span class='ocrx_word' id='word_1_79' title='bbox 1056 1112 1135 1186; x_wconf 83' lang='lat' dir='ltr'><strong>Quid</strong></span> <span class='ocrx_word' id='word_1_80' title='bbox 1157 1114 1184 1176; x_wconf 86' lang='lat' dir='ltr'><strong>si</strong></span> <span class='ocrx_word' id='word_1_81' title='bbox 1207 1113 1217 1174; x_wconf 96' lang='lat' dir='ltr'><strong>i</strong></span> <span class='ocrx_word' id='word_1_82' title='bbox 1239 1112 1385 1194; x_wconf 83' lang='lat' dir='ltr'><strong>producta</strong></span> <span class='ocrx_word' id='word_1_83' title='bbox 1401 1113 1512 1176; x_wconf 77' lang='lat' dir='ltr'><strong>luerit?</strong></span> <span class='ocrx_word' id='word_1_84' title='bbox 1536 1111 1609 1174; x_wconf 86' lang='lat' dir='ltr'><strong>Pro·</strong></span> 
     </span>
     <span class='ocr_line' id='line_1_10' title="bbox 290 1213 1608 1287; baseline -0.004 -5"><span class='ocrx_word' id='word_1_85' title='bbox 290 1218 443 1282; x_wconf 88' lang='lat' dir='ltr'><strong>missivum</strong></span> <span class='ocrx_word' id='word_1_86' title='bbox 464 1217 586 1282; x_wconf 84' lang='lat' dir='ltr'><strong>modurn</strong></span> <span class='ocrx_word' id='word_1_87' title='bbox 607 1219 638 1281; x_wconf 88' lang='lat' dir='ltr'><strong>in</strong></span> <span class='ocrx_word' id='word_1_88' title='bbox 659 1236 708 1280; x_wconf 92' lang='lat' dir='ltr'><strong>am</strong></span> <span class='ocrx_word' id='word_1_89' title='bbox 733 1224 761 1278; x_wconf 87' lang='lat' dir='ltr'><strong>et</strong></span> <span class='ocrx_word' id='word_1_90' title='bbox 783 1217 814 1280; x_wconf 94' lang='lat' dir='ltr'><strong>in</strong></span> <span class='ocrx_word' id='word_1_91' title='bbox 838 1214 877 1278; x_wconf 93' lang='lat' dir='ltr'><strong>bo</strong></span> <span class='ocrx_word' id='word_1_92' title='bbox 901 1216 1005 1287; x_wconf 86' lang='lat' dir='ltr'><strong>eiciet,</strong></span> <span class='ocrx_word' id='word_1_93' title='bbox 1037 1223 1069 1278; x_wconf 93' lang='lat' dir='ltr'><strong>ut</strong></span> <span class='ocrx_word' id='word_1_94' title='bbox 1092 1217 1154 1278; x_wconf 88' lang='lat' dir='ltr'><strong>scio</strong></span> <span class='ocrx_word' id='word_1_95' title='bbox 1178 1217 1237 1279; x_wconf 89' lang='lat' dir='ltr'><strong>sois</strong></span> <span class='ocrx_word' id='word_1_96' title='bbox 1259 1217 1352 1280; x_wconf 89' lang='lat' dir='ltr'><strong>sciam</strong></span> <span class='ocrx_word' id='word_1_97' title='bbox 1375 1224 1406 1278; x_wconf 88' lang='lat' dir='ltr'><strong>ct</strong></span> <span class='ocrx_word' id='word_1_98' title='bbox 1428 1213 1528 1278; x_wconf 90' lang='lat' dir='ltr'><strong>scibo:</strong></span> <span class='ocrx_word' id='word_1_99' title='bbox 1550 1214 1608 1278; x_wconf 85' lang='lat' dir='ltr'><strong>Tc·</strong></span> 
     </span>
     <span class='ocr_line' id='line_1_11' title="bbox 289 1318 1607 1402; baseline -0.002 -18"><span class='ocrx_word' id='word_1_100' title='bbox 289 1324 408 1386; x_wconf 87' lang='lat' dir='ltr'><strong>rentius</strong></span> <span class='ocrx_word' id='word_1_101' title='bbox 436 1325 468 1386; x_wconf 90' lang='lat' dir='ltr'><strong>in</strong></span> <span class='ocrx_word' id='word_1_102' title='bbox 497 1321 681 1386; x_wconf 82' lang='lat' dir='ltr'><strong>Phormione</strong></span> <span class='ocrx_word' id='word_1_103' title='bbox 719 1321 852 1390; x_wconf 65' lang='lat' dir='ltr'><strong>‘acies</strong></span> <span class='ocrx_word' id='word_1_104' title='bbox 892 1318 999 1382; x_wconf 86' lang='lat' dir='ltr'><strong>modo</strong></span> <span class='ocrx_word' id='word_1_105' title='bbox 1036 1327 1075 1382; x_wconf 90' lang='grc' dir='ltr'><strong>ιιι</strong></span> <span class='ocrx_word' id='word_1_106' title='bbox 1111 1326 1243 1383; x_wconf 87' lang='lat' dir='ltr'><strong>tacere</strong></span> <span class='ocrx_word' id='word_1_107' title='bbox 1279 1320 1440 1402; x_wconf 84' lang='lat' dir='ltr'><strong>possis’,</strong></span> <span class='ocrx_word' id='word_1_108' title='bbox 1478 1321 1552 1382; x_wconf 87' lang='lat' dir='ltr'><strong>itcm</strong></span> <span class='ocrx_word' id='word_1_109' title='bbox 1575 1322 1607 1382; x_wconf 92' lang='lat' dir='ltr'><strong>in</strong></span> 
     </span>
     <span class='ocr_line' id='line_1_12' title="bbox 250 1420 1688 1490; baseline -0.003 -5"><span class='ocrx_word' id='word_1_110' title='bbox 250 1446 276 1486; x_wconf 82' lang='lat' dir='ltr'><strong>ao</strong></span> <span class='ocrx_word' id='word_1_111' title='bbox 290 1425 425 1490; x_wconf 88' lang='lat' dir='ltr'><strong>lleauton</strong></span> <span class='ocrx_word' id='word_1_112' title='bbox 448 1427 651 1488; x_wconf 87' lang='lat' dir='ltr'><strong>timorumeno</strong></span> <span class='ocrx_word' id='word_1_113' title='bbox 674 1423 761 1488; x_wconf 78' lang='lat' dir='ltr'><strong>‘aut</strong></span> <span class='ocrx_word' id='word_1_114' title='bbox 782 1420 908 1486; x_wconf 87' lang='lat' dir='ltr'><strong>scibis</strong></span> <span class='ocrx_word' id='word_1_115' title='bbox 930 1423 1041 1486; x_wconf 89' lang='lat' dir='ltr'><strong>cuius</strong></span> <span class='ocrx_word' id='word_1_116' title='bbox 1063 1423 1143 1484; x_wconf 86' lang='lat' dir='ltr'><strong>sis’.</strong></span> <span class='ocrx_word' id='word_1_117' title='bbox 1168 1424 1363 1486; x_wconf 91' lang='lat' dir='ltr'><strong>coniunctum</strong></span> <span class='ocrx_word' id='word_1_118' title='bbox 1387 1421 1457 1486; x_wconf 88' lang='lat' dir='ltr'><strong>huic</strong></span> <span class='ocrx_word' id='word_1_119' title='bbox 1473 1421 1606 1486; x_wconf 85' lang='lat' dir='ltr'><strong>estillud</strong></span> <span class='ocrx_word' id='word_1_120' title='bbox 1681 1469 1688 1480; x_wconf 89' lang='lat'>.</span> 
     </span>
     <span class='ocr_line' id='line_1_13' title="bbox 288 1523 1687 1618; baseline -0.003 -26"><span class='ocrx_word' id='word_1_121' title='bbox 288 1533 379 1594; x_wconf 87' lang='lat' dir='ltr'><strong>etiam</strong></span> <span class='ocrx_word' id='word_1_122' title='bbox 402 1531 435 1593; x_wconf 91' lang='lat' dir='ltr'><strong>iu</strong></span> <span class='ocrx_word' id='word_1_123' title='bbox 458 1527 585 1611; x_wconf 77' lang='lat' dir='ltr'><strong>Hecyra,</strong></span> <span class='ocrx_word' id='word_1_124' title='bbox 609 1529 762 1590; x_wconf 80' lang='lat' dir='ltr'><strong>‘nastris</strong></span> <span class='ocrx_word' id='word_1_125' title='bbox 785 1524 945 1590; x_wconf 78' lang='lat' dir='ltr'><strong>servibo</strong></span> <span class='ocrx_word' id='word_1_126' title='bbox 969 1524 1199 1599; x_wconf 85' lang='lat' dir='ltr'><strong>commodis’,</strong></span> <span class='ocrx_word' id='word_1_127' title='bbox 1224 1536 1254 1588; x_wconf 87' lang='lat' dir='ltr'><strong>et</strong></span> <span class='ocrx_word' id='word_1_128' title='bbox 1276 1527 1306 1618; x_wconf 88' lang='lat' dir='ltr'><strong>in</strong></span> <span class='ocrx_word' id='word_1_129' title='bbox 1331 1523 1423 1588; x_wconf 90' lang='lat' dir='ltr'><strong>blilile</strong></span> <span class='ocrx_word' id='word_1_130' title='bbox 1447 1523 1542 1588; x_wconf 87' lang='lat' dir='ltr'><strong>Plauti</strong></span> <span class='ocrx_word' id='word_1_131' title='bbox 1648 1533 1652 1542; x_wconf 90' lang='lat'>&#39;</span> <span class='ocrx_word' id='word_1_132' title='bbox 1685 1529 1687 1533; x_wconf 82' lang='lat'>&#39;</span> 
     </span>
     <span class='ocr_line' id='line_1_14' title="bbox 344 1627 1542 1715; baseline -0.003 -19"><span class='ocrx_word' id='word_1_133' title='bbox 344 1630 368 1715; x_wconf 96' lang='lat'>†</span> <span class='ocrx_word' id='word_1_134' title='bbox 390 1631 595 1715; x_wconf 89' lang='lat' dir='ltr'><strong>plurimum</strong></span> <span class='ocrx_word' id='word_1_135' title='bbox 619 1630 662 1693; x_wconf 92' lang='lat' dir='ltr'><strong>ad</strong></span> <span class='ocrx_word' id='word_1_136' title='bbox 686 1628 888 1710; x_wconf 77' lang='lat' dir='ltr'><strong>regentium</strong></span> <span class='ocrx_word' id='word_1_137' title='bbox 914 1639 985 1712; x_wconf 83' lang='lat' dir='ltr'><strong>est,</strong></span> <span class='ocrx_word' id='word_1_138' title='bbox 1009 1627 1194 1712; x_wconf 84' lang='lat' dir='ltr'><strong>quidquid</strong></span> <span class='ocrx_word' id='word_1_139' title='bbox 1217 1628 1281 1692; x_wconf 89' lang='lat' dir='ltr'><strong>hic</strong></span> <span class='ocrx_word' id='word_1_140' title='bbox 1304 1627 1542 1692; x_wconf 85' lang='lat' dir='ltr'><strong>mentibitur.</strong></span> 
     </span>
     <span class='ocr_line' id='line_1_15' title="bbox 288 1731 1607 1816; baseline -0.002 -20"><span class='ocrx_word' id='word_1_141' title='bbox 288 1735 343 1796; x_wconf 83' lang='lat' dir='ltr'><strong>vbi</strong></span> <span class='ocrx_word' id='word_1_142' title='bbox 364 1737 533 1806; x_wconf 88' lang='lat' dir='ltr'><strong>noscimus,</strong></span> <span class='ocrx_word' id='word_1_143' title='bbox 565 1733 686 1816; x_wconf 89' lang='lat' dir='ltr'><strong>quaudo</strong></span> <span class='ocrx_word' id='word_1_144' title='bbox 714 1733 744 1796; x_wconf 96' lang='lat' dir='ltr'><strong>in</strong></span> <span class='ocrx_word' id='word_1_145' title='bbox 773 1731 907 1799; x_wconf 85' lang='lat' dir='ltr'><strong>secunda</strong></span> <span class='ocrx_word' id='word_1_146' title='bbox 936 1743 1064 1816; x_wconf 87' lang='lat' dir='ltr'><strong>persona</strong></span> <span class='ocrx_word' id='word_1_147' title='bbox 1095 1735 1105 1796; x_wconf 94' lang='lat' dir='ltr'><strong>i</strong></span> <span class='ocrx_word' id='word_1_148' title='bbox 1129 1741 1268 1816; x_wconf 87' lang='lat' dir='ltr'><strong>correpta</strong></span> <span class='ocrx_word' id='word_1_149' title='bbox 1299 1731 1344 1794; x_wconf 89' lang='lat' dir='ltr'><strong>vel</strong></span> <span class='ocrx_word' id='word_1_150' title='bbox 1377 1731 1526 1812; x_wconf 84' lang='lat' dir='ltr'><strong>producta</strong></span> <span class='ocrx_word' id='word_1_151' title='bbox 1550 1733 1607 1796; x_wconf 82' lang='lat' dir='ltr'><strong>siti</strong></span> 
     </span>
     <span class='ocr_line' id='line_1_16' title="bbox 288 1834 1606 1921; baseline -0.003 -18"><span class='ocrx_word' id='word_1_152' title='bbox 288 1839 321 1903; x_wconf 92' lang='lat' dir='ltr'><strong>lu</strong></span> <span class='ocrx_word' id='word_1_153' title='bbox 343 1839 523 1921; x_wconf 87' lang='lat' dir='ltr'><strong>imperativo</strong></span> <span class='ocrx_word' id='word_1_154' title='bbox 546 1837 650 1902; x_wconf 89' lang='lat' dir='ltr'><strong>modo:</strong></span> <span class='ocrx_word' id='word_1_155' title='bbox 668 1835 680 1920; x_wconf 80' lang='lat' dir='ltr'><strong>b</strong></span> <span class='ocrx_word' id='word_1_156' title='bbox 697 1855 766 1900; x_wconf 87' lang='lat' dir='ltr'><strong>nam</strong></span> <span class='ocrx_word' id='word_1_157' title='bbox 789 1839 930 1920; x_wconf 83' lang='lat' dir='ltr'><strong>quotiens</strong></span> <span class='ocrx_word' id='word_1_158' title='bbox 942 1843 1082 1919; x_wconf 87' lang='lat' dir='ltr'><strong>correpta</strong></span> <span class='ocrx_word' id='word_1_159' title='bbox 1104 1843 1150 1899; x_wconf 89' lang='lat' dir='ltr'><strong>est</strong></span> <span class='ocrx_word' id='word_1_160' title='bbox 1171 1837 1191 1909; x_wconf 88' lang='lat' dir='ltr'><strong>i,</strong></span> <span class='ocrx_word' id='word_1_161' title='bbox 1216 1834 1350 1898; x_wconf 87' lang='lat' dir='ltr'><strong>detracta</strong></span> <span class='ocrx_word' id='word_1_162' title='bbox 1373 1855 1388 1898; x_wconf 90' lang='lat' dir='ltr'><strong>s</strong></span> <span class='ocrx_word' id='word_1_163' title='bbox 1410 1834 1511 1898; x_wconf 89' lang='lat' dir='ltr'><strong>littera</strong></span> <span class='ocrx_word' id='word_1_164' title='bbox 1534 1839 1565 1899; x_wconf 92' lang='lat' dir='ltr'><strong>iu</strong></span> <span class='ocrx_word' id='word_1_165' title='bbox 1590 1856 1606 1898; x_wconf 87' lang='lat' dir='ltr'><strong>e</strong></span> 
     </span>
     <span class='ocr_line' id='line_1_17' title="bbox 248 1938 1637 2030; baseline -0.002 -24"><span class='ocrx_word' id='word_1_166' title='bbox 248 1962 275 2006; x_wconf 83' lang='grc' dir='ltr'><strong>ιι</strong></span> <span class='ocrx_word' id='word_1_167' title='bbox 288 1941 438 2030; x_wconf 87' lang='lat' dir='ltr'><strong>transibit,</strong></span> <span class='ocrx_word' id='word_1_168' title='bbox 462 1950 496 2006; x_wconf 91' lang='lat' dir='ltr'><strong>ut</strong></span> <span class='ocrx_word' id='word_1_169' title='bbox 519 1940 584 2022; x_wconf 78' lang='lat' dir='ltr'><strong>lego</strong></span> <span class='ocrx_word' id='word_1_170' title='bbox 608 1939 684 2022; x_wconf 76' lang='lat' dir='ltr'><strong>legis</strong></span> <span class='ocrx_word' id='word_1_171' title='bbox 705 1939 781 2020; x_wconf 80' lang='lat' dir='ltr'><strong>lego,</strong></span> <span class='ocrx_word' id='word_1_172' title='bbox 805 1940 907 2028; x_wconf 82' lang='lat' dir='ltr'><strong>scribo</strong></span> <span class='ocrx_word' id='word_1_173' title='bbox 929 1938 1038 2004; x_wconf 90' lang='lat' dir='ltr'><strong>scribis</strong></span> <span class='ocrx_word' id='word_1_174' title='bbox 1060 1938 1179 2013; x_wconf 86' lang='lat' dir='ltr'><strong>scribe;</strong></span> <span class='ocrx_word' id='word_1_175' title='bbox 1202 1938 1323 2022; x_wconf 89' lang='lat' dir='ltr'><strong>quando</strong></span> <span class='ocrx_word' id='word_1_176' title='bbox 1345 1949 1445 2002; x_wconf 87' lang='lat' dir='ltr'><strong>autem</strong></span> <span class='ocrx_word' id='word_1_177' title='bbox 1459 1940 1606 2019; x_wconf 82' lang='lat' dir='ltr'><strong>producta</strong></span> <span class='ocrx_word' id='word_1_178' title='bbox 1635 2009 1637 2014; x_wconf 67' lang='lat'><strong>,</strong></span> 
     </span>
     <span class='ocr_line' id='line_1_18' title="bbox 288 2041 1545 2133; baseline -0.004 -24"><span class='ocrx_word' id='word_1_179' title='bbox 288 2055 344 2133; x_wconf 85' lang='lat' dir='ltr'><strong>est,</strong></span> <span class='ocrx_word' id='word_1_180' title='bbox 370 2053 543 2129; x_wconf 86' lang='lat' dir='ltr'><strong>perseverat</strong></span> <span class='ocrx_word' id='word_1_181' title='bbox 565 2045 807 2127; x_wconf 87' lang='lat' dir='ltr'><strong>ininrperativo,</strong></span> <span class='ocrx_word' id='word_1_182' title='bbox 832 2051 865 2107; x_wconf 96' lang='lat' dir='ltr'><strong>ut</strong></span> <span class='ocrx_word' id='word_1_183' title='bbox 886 2042 976 2131; x_wconf 72' lang='lat' dir='ltr'><strong>sulio</strong></span> <span class='ocrx_word' id='word_1_184' title='bbox 999 2043 1084 2106; x_wconf 82' lang='lat' dir='ltr'><strong>autlis</strong></span> <span class='ocrx_word' id='word_1_185' title='bbox 1106 2041 1187 2114; x_wconf 87' lang='lat' dir='ltr'><strong>audi,</strong></span> <span class='ocrx_word' id='word_1_186' title='bbox 1212 2045 1313 2104; x_wconf 88' lang='lat' dir='ltr'><strong>servio</strong></span> <span class='ocrx_word' id='word_1_187' title='bbox 1336 2045 1432 2106; x_wconf 88' lang='lat' dir='ltr'><strong>servis</strong></span> <span class='ocrx_word' id='word_1_188' title='bbox 1455 2045 1545 2108; x_wconf 86' lang='lat' dir='ltr'><strong>servi.</strong></span> 
     </span>
    </p>

    <p class='ocr_par' dir='ltr' id='par_1_3' title="bbox 285 2145 1605 2438">
     <span class='ocr_line' id='line_1_19' title="bbox 311 2145 1605 2228; baseline -0.002 -14"><span class='ocrx_word' id='word_1_189' title='bbox 311 2169 316 2176; x_wconf 91' lang='lat'>·</span> <span class='ocrx_word' id='word_1_190' title='bbox 373 2147 540 2214; x_wconf 82' lang='lat' dir='ltr'><strong>Demadis.</strong></span> <span class='ocrx_word' id='word_1_191' title='bbox 558 2147 636 2211; x_wconf 90' lang='lat' dir='ltr'><strong>blodi</strong></span> <span class='ocrx_word' id='word_1_192' title='bbox 653 2145 814 2212; x_wconf 85' lang='lat' dir='ltr'><strong>verborum</strong></span> <span class='ocrx_word' id='word_1_193' title='bbox 829 2156 904 2228; x_wconf 84' lang='lat' dir='ltr'><strong>quot</strong></span> <span class='ocrx_word' id='word_1_194' title='bbox 918 2146 1006 2210; x_wconf 83' lang='lat' dir='ltr'><strong>sunt?</strong></span> <span class='ocrx_word' id='word_1_195' title='bbox 1027 2145 1148 2210; x_wconf 86' lang='lat' dir='ltr'><strong>lleccnt.</strong></span> <span class='ocrx_word' id='word_1_196' title='bbox 1165 2145 1224 2219; x_wconf 85' lang='lat' dir='ltr'><strong>Qui</strong></span> <span class='ocrx_word' id='word_1_197' title='bbox 1238 2145 1325 2210; x_wconf 79' lang='lat' dir='ltr'><strong>sunt?</strong></span> <span class='ocrx_word' id='word_1_198' title='bbox 1340 2145 1530 2218; x_wconf 89' lang='lat' dir='ltr'><strong>ludicativus,</strong></span> <span class='ocrx_word' id='word_1_199' title='bbox 1546 2150 1605 2211; x_wconf 90' lang='lat' dir='ltr'><strong>im·</strong></span> 
     </span>
     <span class='ocr_line' id='line_1_20' title="bbox 285 2249 1605 2336; baseline -0.003 -20"><span class='ocrx_word' id='word_1_200' title='bbox 285 2255 451 2335; x_wconf 87' lang='lat' dir='ltr'><strong>peratirus,</strong></span> <span class='ocrx_word' id='word_1_201' title='bbox 468 2251 676 2336; x_wconf 87' lang='lat' dir='ltr'><strong>promissivus,</strong></span> <span class='ocrx_word' id='word_1_202' title='bbox 690 2249 848 2331; x_wconf 75' lang='lat' dir='ltr'><strong>optativus,</strong></span> <span class='ocrx_word' id='word_1_203' title='bbox 862 2251 1080 2322; x_wconf 72' lang='lat' dir='ltr'><strong>commotivos,</strong></span> <span class='ocrx_word' id='word_1_204' title='bbox 1091 2249 1289 2322; x_wconf 84' lang='lat' dir='ltr'><strong>concessirus&#39;,</strong></span> <span class='ocrx_word' id='word_1_205' title='bbox 1299 2249 1474 2320; x_wconf 81' lang='lat' dir='ltr'><strong>infinitivus,</strong></span> <span class='ocrx_word' id='word_1_206' title='bbox 1492 2251 1605 2330; x_wconf 88' lang='lat' dir='ltr'><strong>imper·</strong></span> 
     </span>
     <span class='ocr_line' id='line_1_21' title="bbox 285 2351 1604 2438; baseline -0.001 -19"><span class='ocrx_word' id='word_1_207' title='bbox 285 2355 406 2430; x_wconf 88' lang='lat' dir='ltr'><strong>sonalis,</strong></span> <span class='ocrx_word' id='word_1_208' title='bbox 417 2355 555 2438; x_wconf 77' lang='lat' dir='ltr'><strong>gerontii,</strong></span> <span class='ocrx_word' id='word_1_209' title='bbox 568 2354 720 2419; x_wconf 86' lang='lat' dir='ltr'><strong>hortandi.</strong></span> <span class='ocrx_word' id='word_1_210' title='bbox 737 2352 851 2418; x_wconf 88' lang='lat' dir='ltr'><strong>addunt</strong></span> <span class='ocrx_word' id='word_1_211' title='bbox 866 2353 986 2437; x_wconf 77' lang='lat' dir='ltr'><strong>quitiam</strong></span> <span class='ocrx_word' id='word_1_212' title='bbox 1002 2355 1272 2436; x_wconf 83' lang='lat' dir='ltr'><strong>percunctativunt.</strong></span> <span class='ocrx_word' id='word_1_213' title='bbox 1295 2351 1475 2417; x_wconf 84' lang='lat' dir='ltr'><strong>indicativus</strong></span> <span class='ocrx_word' id='word_1_214' title='bbox 1496 2353 1604 2418; x_wconf 88' lang='lat' dir='ltr'><strong>modus</strong></span> 
     </span>
    </p>

    <p class='ocr_par' dir='ltr' id='par_1_4' title="bbox 178 2455 1604 2851">
     <span class='ocr_line' id='line_1_22' title="bbox 178 2455 1604 2546; baseline -0.003 -22"><span class='ocrx_word' id='word_1_215' title='bbox 178 2485 181 2492; x_wconf 95' lang='lat'>·</span> <span class='ocrx_word' id='word_1_216' title='bbox 220 2540 224 2546; x_wconf 22' lang='grc' dir='ltr'><strong><em>ι</em></strong></span> <span class='ocrx_word' id='word_1_217' title='bbox 246 2483 273 2524; x_wconf 78' lang='grc' dir='ltr'><strong>ιι</strong></span> <span class='ocrx_word' id='word_1_218' title='bbox 287 2469 320 2522; x_wconf 93' lang='lat' dir='ltr'><strong>ut</strong></span> <span class='ocrx_word' id='word_1_219' title='bbox 335 2457 411 2540; x_wconf 76' lang='lat' dir='ltr'><strong>logo,</strong></span> <span class='ocrx_word' id='word_1_220' title='bbox 435 2459 631 2542; x_wconf 78' lang='lat' dir='ltr'><strong>imperativus</strong></span> <span class='ocrx_word' id='word_1_221' title='bbox 647 2457 755 2522; x_wconf 83' lang='lat' dir='ltr'><strong>modus</strong></span> <span class='ocrx_word' id='word_1_222' title='bbox 777 2465 810 2520; x_wconf 89' lang='lat' dir='ltr'><strong>ut</strong></span> <span class='ocrx_word' id='word_1_223' title='bbox 830 2455 906 2538; x_wconf 75' lang='lat' dir='ltr'><strong>lego,</strong></span> <span class='ocrx_word' id='word_1_224' title='bbox 929 2459 1127 2538; x_wconf 85' lang='lat' dir='ltr'><strong>promissivus</strong></span> <span class='ocrx_word' id='word_1_225' title='bbox 1150 2455 1256 2520; x_wconf 87' lang='lat' dir='ltr'><strong>modus</strong></span> <span class='ocrx_word' id='word_1_226' title='bbox 1277 2463 1310 2520; x_wconf 92' lang='lat' dir='ltr'><strong>ut</strong></span> <span class='ocrx_word' id='word_1_227' title='bbox 1330 2455 1437 2538; x_wconf 79' lang='lat' dir='ltr'><strong>legam,</strong></span> <span class='ocrx_word' id='word_1_228' title='bbox 1455 2459 1604 2540; x_wconf 84' lang='lat' dir='ltr'><strong>optativus</strong></span> 
     </span>
     <span class='ocr_line' id='line_1_23' title="bbox 285 2557 1601 2644; baseline -0.002 -18"><span class='ocrx_word' id='word_1_229' title='bbox 285 2571 320 2626; x_wconf 93' lang='lat' dir='ltr'><strong>ut</strong></span> <span class='ocrx_word' id='word_1_230' title='bbox 342 2565 456 2627; x_wconf 89' lang='lat' dir='ltr'><strong>utinam</strong></span> <span class='ocrx_word' id='word_1_231' title='bbox 479 2562 629 2644; x_wconf 79' lang='lat' dir='ltr'><strong>legerem,</strong></span> <span class='ocrx_word' id='word_1_232' title='bbox 664 2561 870 2626; x_wconf 87' lang='lat' dir='ltr'><strong>coniunctivus</strong></span> <span class='ocrx_word' id='word_1_233' title='bbox 894 2569 927 2630; x_wconf 89' lang='lat' dir='ltr'><strong>ut</strong></span> <span class='ocrx_word' id='word_1_234' title='bbox 949 2578 1017 2623; x_wconf 93' lang='lat' dir='ltr'><strong>cum</strong></span> <span class='ocrx_word' id='word_1_235' title='bbox 1045 2557 1158 2641; x_wconf 75' lang='lat' dir='ltr'><strong>legam,</strong></span> <span class='ocrx_word' id='word_1_236' title='bbox 1197 2562 1388 2626; x_wconf 85' lang='lat' dir='ltr'><strong>concessivus</strong></span> <span class='ocrx_word' id='word_1_237' title='bbox 1411 2567 1444 2623; x_wconf 91' lang='lat' dir='ltr'><strong>ut</strong></span> <span class='ocrx_word' id='word_1_238' title='bbox 1465 2558 1601 2642; x_wconf 78' lang='lat' dir='ltr'><strong>legerim,</strong></span> 
     </span>
     <span class='ocr_line' id='line_1_24' title="bbox 284 2648 1602 2748; baseline -0.002 -18"><span class='ocrx_word' id='word_1_239' title='bbox 284 2648 447 2730; x_wconf 83' lang='lat' dir='ltr'><strong>in&#39;iinitivus</strong></span> <span class='ocrx_word' id='word_1_240' title='bbox 470 2673 503 2728; x_wconf 94' lang='lat' dir='ltr'><strong>ut</strong></span> <span class='ocrx_word' id='word_1_241' title='bbox 524 2664 637 2746; x_wconf 82' lang='lat' dir='ltr'><strong>legere,</strong></span> <span class='ocrx_word' id='word_1_242' title='bbox 660 2663 874 2748; x_wconf 85' lang='lat' dir='ltr'><strong>impersonalis</strong></span> <span class='ocrx_word' id='word_1_243' title='bbox 895 2674 928 2728; x_wconf 92' lang='lat' dir='ltr'><strong>ut</strong></span> <span class='ocrx_word' id='word_1_244' title='bbox 950 2662 1071 2746; x_wconf 77' lang='lat' dir='ltr'><strong>legitur,</strong></span> <span class='ocrx_word' id='word_1_245' title='bbox 1095 2663 1221 2746; x_wconf 82' lang='lat' dir='ltr'><strong>gerendi</strong></span> <span class='ocrx_word' id='word_1_246' title='bbox 1244 2673 1277 2728; x_wconf 93' lang='grc' dir='ltr'><strong>ιιι</strong></span> <span class='ocrx_word' id='word_1_247' title='bbox 1297 2662 1437 2746; x_wconf 78' lang='lat' dir='ltr'><strong>legendo,</strong></span> <span class='ocrx_word' id='word_1_248' title='bbox 1462 2663 1602 2728; x_wconf 88' lang='lat' dir='ltr'><strong>ltortandi</strong></span> 
     </span>
     <span class='ocr_line' id='line_1_25' title="bbox 287 2765 1285 2851; baseline -0.001 -19"><span class='ocrx_word' id='word_1_249' title='bbox 287 2777 321 2832; x_wconf 90' lang='lat' dir='ltr'><strong>ut</strong></span> <span class='ocrx_word' id='word_1_250' title='bbox 343 2768 431 2850; x_wconf 78' lang='lat' dir='ltr'><strong>legat,</strong></span> <span class='ocrx_word' id='word_1_251' title='bbox 455 2771 702 2851; x_wconf 88' lang='lat' dir='ltr'><strong>percunctativus</strong></span> <span class='ocrx_word' id='word_1_252' title='bbox 724 2777 757 2832; x_wconf 91' lang='grc' dir='ltr'><strong>ιιι</strong></span> <span class='ocrx_word' id='word_1_253' title='bbox 778 2767 903 2850; x_wconf 81' lang='lat' dir='ltr'><strong>legisne.</strong></span> <span class='ocrx_word' id='word_1_254' title='bbox 1283 2765 1285 2771; x_wconf 82' lang='grc'><strong>’</strong></span> 
     </span>
    </p>

    <p class='ocr_par' dir='ltr' id='par_1_5' title="bbox 321 2870 1602 2960">
     <span class='ocr_line' id='line_1_26' title="bbox 321 2870 1602 2960; baseline 0 -26"><span class='ocrx_word' id='word_1_255' title='bbox 321 2898 323 2902; x_wconf 94' lang='grc'><em>·</em></span> <span class='ocrx_word' id='word_1_256' title='bbox 369 2871 519 2956; x_wconf 84' lang='lat' dir='ltr'><strong>Tempora</strong></span> <span class='ocrx_word' id='word_1_257' title='bbox 542 2870 702 2936; x_wconf 86' lang='lat' dir='ltr'><strong>vorborum</strong></span> <span class='ocrx_word' id='word_1_258' title='bbox 719 2883 792 2958; x_wconf 91' lang='lat' dir='ltr'><strong>quot</strong></span> <span class='ocrx_word' id='word_1_259' title='bbox 813 2873 900 2936; x_wconf 85' lang='lat' dir='ltr'><strong>sunti</strong></span> <span class='ocrx_word' id='word_1_260' title='bbox 923 2871 1005 2944; x_wconf 84' lang='lat' dir='ltr'><strong>Tria,</strong></span> <span class='ocrx_word' id='word_1_261' title='bbox 1028 2888 1174 2954; x_wconf 87' lang='lat' dir='ltr'><strong>praesens</strong></span> <span class='ocrx_word' id='word_1_262' title='bbox 1198 2883 1230 2934; x_wconf 93' lang='lat' dir='ltr'><strong>ut</strong></span> <span class='ocrx_word' id='word_1_263' title='bbox 1251 2871 1329 2952; x_wconf 75' lang='lat' dir='ltr'><strong>lego,</strong></span> <span class='ocrx_word' id='word_1_264' title='bbox 1352 2873 1551 2960; x_wconf 87' lang='lat' dir='ltr'><strong>praeteritum</strong></span> <span class='ocrx_word' id='word_1_265' title='bbox 1570 2881 1602 2936; x_wconf 88' lang='lat' dir='ltr'><strong>ut</strong></span> 
     </span>
    </p>

    <p class='ocr_par' dir='ltr' id='par_1_6' title="bbox 245 2967 1693 3164">
     <span class='ocr_line' id='line_1_27' title="bbox 245 2967 1599 3058; baseline 0.001 -19"><span class='ocrx_word' id='word_1_266' title='bbox 245 2998 271 3040; x_wconf 81' lang='lat' dir='ltr'><strong>aa</strong></span> <span class='ocrx_word' id='word_1_267' title='bbox 285 2974 354 3057; x_wconf 82' lang='lat' dir='ltr'><strong>legi,</strong></span> <span class='ocrx_word' id='word_1_268' title='bbox 380 2977 514 3040; x_wconf 89' lang='lat' dir='ltr'><strong>lulurum</strong></span> <span class='ocrx_word' id='word_1_269' title='bbox 539 2985 571 3040; x_wconf 93' lang='lat' dir='ltr'><strong>ul</strong></span> <span class='ocrx_word' id='word_1_270' title='bbox 593 2973 701 3058; x_wconf 76' lang='lat' dir='ltr'><strong>legam.</strong></span> <span class='ocrx_word' id='word_1_271' title='bbox 748 2977 905 3040; x_wconf 87' lang='lat' dir='ltr'><strong>Praeteriti</strong></span> <span class='ocrx_word' id='word_1_272' title='bbox 928 2977 1074 3056; x_wconf 88' lang='lat' dir='ltr'><strong>temporis</strong></span> <span class='ocrx_word' id='word_1_273' title='bbox 1097 2975 1284 3038; x_wconf 87' lang='lat' dir='ltr'><strong>‹lillerentiae</strong></span> <span class='ocrx_word' id='word_1_274' title='bbox 1307 2985 1381 3056; x_wconf 90' lang='lat' dir='ltr'><strong>quot</strong></span> <span class='ocrx_word' id='word_1_275' title='bbox 1403 2967 1490 3040; x_wconf 79' lang='lat' dir='ltr'><strong>suisti</strong></span> <span class='ocrx_word' id='word_1_276' title='bbox 1513 2976 1599 3040; x_wconf 84' lang='lat' dir='ltr'><strong>Tres.</strong></span> 
     </span>
     <span class='ocr_line' id='line_1_28' title="bbox 282 3076 1693 3164; baseline 0.001 -23"><span class='ocrx_word' id='word_1_277' title='bbox 282 3077 384 3152; x_wconf 73' lang='lat' dir='ltr'><strong>Quae?</strong></span> <span class='ocrx_word' id='word_1_278' title='bbox 405 3078 621 3162; x_wconf 75' lang='lat' dir='ltr'><strong>Imperfectum</strong></span> <span class='ocrx_word' id='word_1_279' title='bbox 637 3081 805 3164; x_wconf 83' lang='lat' dir='ltr'><strong>perlectum</strong></span> <span class='ocrx_word' id='word_1_280' title='bbox 821 3078 1162 3162; x_wconf 80' lang='lat' dir='ltr'><strong>plusquamperfectum,</strong></span> <span class='ocrx_word' id='word_1_281' title='bbox 1184 3087 1216 3142; x_wconf 94' lang='grc' dir='ltr'><strong>ιιι</strong></span> <span class='ocrx_word' id='word_1_282' title='bbox 1231 3077 1368 3160; x_wconf 77' lang='lat' dir='ltr'><strong>legebam</strong></span> <span class='ocrx_word' id='word_1_283' title='bbox 1385 3079 1442 3160; x_wconf 83' lang='lat' dir='ltr'><strong>legi</strong></span> <span class='ocrx_word' id='word_1_284' title='bbox 1457 3076 1600 3161; x_wconf 81' lang='lat' dir='ltr'><strong>legeram.</strong></span> <span class='ocrx_word' id='word_1_285' title='bbox 1692 3155 1693 3160; x_wconf 5' lang='grc' dir='ltr'>ἵ</span> 
     </span>
    </p>
   </div>
   <div class='ocr_carea' id='block_1_3' title="bbox 182 3286 1607 3438">
    <p class='ocr_par' dir='ltr' id='par_1_7' title="bbox 182 3286 1607 3438">
     <span class='ocr_line' id='line_1_29' title="bbox 351 3286 1607 3384; baseline 0 -28"><span class='ocrx_word' id='word_1_286' title='bbox 351 3305 384 3356; x_wconf 82' lang='grc'><strong>17</strong></span> <span class='ocrx_word' id='word_1_287' title='bbox 403 3301 441 3354; x_wconf 80' lang='lat' dir='ltr'><strong>lia</strong></span> <span class='ocrx_word' id='word_1_288' title='bbox 459 3303 544 3354; x_wconf 81' lang='lat' dir='ltr'><strong>modia</strong></span> <span class='ocrx_word' id='word_1_289' title='bbox 563 3302 664 3356; x_wconf 77' lang='lat' dir='ltr'><strong>claro.</strong></span> <span class='ocrx_word' id='word_1_290' title='bbox 683 3307 773 3369; x_wconf 69' lang='lat' dir='ltr'><strong>lom</strong></span> <span class='ocrx_word' id='word_1_291' title='bbox 791 3319 850 3356; x_wconf 74' lang='lat' dir='ltr'><strong>eac.</strong></span> <span class='ocrx_word' id='word_1_292' title='bbox 870 3303 971 3358; x_wconf 77' lang='lat' dir='ltr'><strong>Gboria.</strong></span> <span class='ocrx_word' id='word_1_293' title='bbox 990 3306 1050 3384; x_wconf 53' lang='lat'><strong>522,</strong></span> <span class='ocrx_word' id='word_1_294' title='bbox 1064 3308 1097 3356; x_wconf 82' lang='lat'><strong>21</strong></span> <span class='ocrx_word' id='word_1_295' title='bbox 1150 3307 1184 3356; x_wconf 79' lang='lat' dir='ltr'><strong>‘lt</strong></span> <span class='ocrx_word' id='word_1_296' title='bbox 1201 3303 1330 3372; x_wconf 84' lang='lat' dir='ltr'><strong>Tempora</strong></span> <span class='ocrx_word' id='word_1_297' title='bbox 1348 3286 1484 3356; x_wconf 84' lang='lat' dir='ltr'><strong>verborum</strong></span> <span class='ocrx_word' id='word_1_298' title='bbox 1503 3305 1607 3374; x_wconf 58' lang='lat' dir='ltr'><strong>Donat„</strong></span> 
     </span>
     <span class='ocr_line' id='line_1_30' title="bbox 182 3371 1292 3438; baseline -0.004 -12"><span class='ocrx_word' id='word_1_299' title='bbox 182 3409 183 3412; x_wconf 17' lang='grc' dir='ltr'>η</span> <span class='ocrx_word' id='word_1_300' title='bbox 284 3375 346 3438; x_wconf 72' lang='grc'><strong>381,</strong></span> <span class='ocrx_word' id='word_1_301' title='bbox 360 3375 393 3424; x_wconf 84' lang='lat' dir='ltr'><strong>to</strong></span> <span class='ocrx_word' id='word_1_302' title='bbox 409 3387 470 3424; x_wconf 73' lang='lat' dir='ltr'><strong>cmc.</strong></span> <span class='ocrx_word' id='word_1_303' title='bbox 490 3371 591 3426; x_wconf 74' lang='lat' dir='ltr'><strong>cioru.</strong></span> <span class='ocrx_word' id='word_1_304' title='bbox 610 3374 671 3438; x_wconf 76' lang='lat'><strong>502,</strong></span> <span class='ocrx_word' id='word_1_305' title='bbox 686 3376 722 3426; x_wconf 78' lang='lat'><strong>37</strong></span> <span class='ocrx_word' id='word_1_306' title='bbox 1289 3399 1292 3408; x_wconf 93' lang='lat'><em>·</em></span> 
     </span>
    </p>
   </div>
   <div class='ocr_carea' id='block_1_4' title="bbox 229 3585 1599 3922">
    <p class='ocr_par' dir='ltr' id='par_1_8' title="bbox 229 3585 1599 3656">
     <span class='ocr_line' id='line_1_31' title="bbox 229 3585 1599 3656; baseline 0.003 -16"><span class='ocrx_word' id='word_1_307' title='bbox 229 3637 260 3654; x_wconf 58' lang='grc'><strong>,,</strong></span> <span class='ocrx_word' id='word_1_308' title='bbox 351 3585 524 3640; x_wconf 85' lang='lat' dir='ltr'><strong>lrlitterant</strong></span> <span class='ocrx_word' id='word_1_309' title='bbox 542 3585 754 3638; x_wconf 84' lang='lat' dir='ltr'><strong>tennioanturO</strong></span> <span class='ocrx_word' id='word_1_310' title='bbox 819 3589 837 3639; x_wconf 81' lang='lat' dir='ltr'><strong>t</strong></span> <span class='ocrx_word' id='word_1_311' title='bbox 860 3589 934 3638; x_wconf 87' lang='lat' dir='ltr'><strong>tertia</strong></span> <span class='ocrx_word' id='word_1_312' title='bbox 956 3589 1106 3656; x_wconf 79' lang='lat' dir='ltr'><strong>coniugatio</strong></span> <span class='ocrx_word' id='word_1_313' title='bbox 1130 3587 1316 3656; x_wconf 83' lang='lat' dir='ltr'><strong>promissiuum</strong></span> <span class='ocrx_word' id='word_1_314' title='bbox 1340 3590 1445 3641; x_wconf 86' lang='lat' dir='ltr'><strong>modurn</strong></span> <span class='ocrx_word' id='word_1_315' title='bbox 1469 3591 1495 3642; x_wconf 93' lang='lat' dir='ltr'><strong>ln</strong></span> <span class='ocrx_word' id='word_1_316' title='bbox 1515 3607 1554 3642; x_wconf 88' lang='lat' dir='ltr'><strong>am</strong></span> <span class='ocrx_word' id='word_1_317' title='bbox 1574 3605 1599 3644; x_wconf 87' lang='lat' dir='ltr'><strong>at</strong></span> 
     </span>
    </p>

    <p class='ocr_par' dir='ltr' id='par_1_9' title="bbox 231 3653 1598 3922">
     <span class='ocr_line' id='line_1_32' title="bbox 280 3655 1598 3725; baseline 0.004 -18.785"><span class='ocrx_word' id='word_1_318' title='bbox 280 3656 314 3707; x_wconf 89' lang='lat' dir='ltr'><strong>bo</strong></span> <span class='ocrx_word' id='word_1_319' title='bbox 332 3655 459 3721; x_wconf 67' lang='lat' dir='ltr'><strong>syllabam</strong></span> <span class='ocrx_word' id='word_1_320' title='bbox 477 3655 563 3714; x_wconf 89' lang='lat' dir='ltr'><strong>mittit,</strong></span> <span class='ocrx_word' id='word_1_321' title='bbox 587 3655 611 3706; x_wconf 88' lang='lat' dir='ltr'><strong>sl</strong></span> <span class='ocrx_word' id='word_1_322' title='bbox 629 3667 773 3722; x_wconf 85' lang='lat' dir='ltr'><strong>correptam</strong></span> <span class='ocrx_word' id='word_1_323' title='bbox 793 3656 892 3707; x_wconf 85' lang='lat' dir='ltr'><strong>literana</strong></span> <span class='ocrx_word' id='word_1_324' title='bbox 912 3657 919 3707; x_wconf 93' lang='lat' dir='ltr'><strong>i</strong></span> <span class='ocrx_word' id='word_1_325' title='bbox 939 3656 1065 3721; x_wconf 84' lang='lat' dir='ltr'><strong>babuerit,</strong></span> <span class='ocrx_word' id='word_1_326' title='bbox 1084 3657 1271 3725; x_wconf 84' lang='lat' dir='ltr'><strong>promissiuum</strong></span> <span class='ocrx_word' id='word_1_327' title='bbox 1290 3659 1315 3708; x_wconf 91' lang='lat' dir='ltr'><strong>iu</strong></span> <span class='ocrx_word' id='word_1_328' title='bbox 1335 3673 1377 3708; x_wconf 91' lang='lat' dir='ltr'><strong>am</strong></span> <span class='ocrx_word' id='word_1_329' title='bbox 1395 3659 1520 3724; x_wconf 68' lang='lat' dir='ltr'><strong>syllabam</strong></span> <span class='ocrx_word' id='word_1_330' title='bbox 1540 3663 1598 3712; x_wconf 87' lang='lat' dir='ltr'><strong>mit-</strong></span> 
     </span>
     <span class='ocr_line' id='line_1_33' title="bbox 281 3723 1596 3796; baseline 0.004 -20"><span class='ocrx_word' id='word_1_331' title='bbox 281 3726 319 3782; x_wconf 87' lang='lat' dir='ltr'><strong>tit.</strong></span> <span class='ocrx_word' id='word_1_332' title='bbox 339 3737 368 3775; x_wconf 88' lang='lat' dir='ltr'><strong>ut</strong></span> <span class='ocrx_word' id='word_1_333' title='bbox 385 3724 444 3790; x_wconf 79' lang='lat' dir='ltr'><strong>lego</strong></span> <span class='ocrx_word' id='word_1_334' title='bbox 461 3723 528 3791; x_wconf 77' lang='lat' dir='ltr'><strong>legis</strong></span> <span class='ocrx_word' id='word_1_335' title='bbox 547 3724 641 3791; x_wconf 77' lang='lat' dir='ltr'><strong>legant,</strong></span> <span class='ocrx_word' id='word_1_336' title='bbox 664 3725 750 3777; x_wconf 88' lang='lat' dir='ltr'><strong>scribo</strong></span> <span class='ocrx_word' id='word_1_337' title='bbox 769 3727 860 3777; x_wconf 84' lang='lat' dir='ltr'><strong>scribis</strong></span> <span class='ocrx_word' id='word_1_338' title='bbox 878 3727 998 3778; x_wconf 86' lang='lat' dir='ltr'><strong>scribam.</strong></span> <span class='ocrx_word' id='word_1_339' title='bbox 1026 3726 1141 3787; x_wconf 81' lang='lat' dir='ltr'><strong>Quodsi</strong></span> <span class='ocrx_word' id='word_1_340' title='bbox 1161 3743 1175 3777; x_wconf 87' lang='lat' dir='ltr'><strong>a</strong></span> <span class='ocrx_word' id='word_1_341' title='bbox 1193 3739 1339 3793; x_wconf 83' lang='lat' dir='ltr'><strong>correptum</strong></span> <span class='ocrx_word' id='word_1_342' title='bbox 1358 3728 1435 3778; x_wconf 85' lang='lat' dir='ltr'><strong>luerit</strong></span> <span class='ocrx_word' id='word_1_343' title='bbox 1452 3731 1477 3779; x_wconf 92' lang='lat' dir='ltr'><strong>in</strong></span> <span class='ocrx_word' id='word_1_344' title='bbox 1497 3745 1525 3779; x_wconf 87' lang='lat' dir='ltr'><strong>ar</strong></span> <span class='ocrx_word' id='word_1_345' title='bbox 1544 3731 1596 3796; x_wconf 74' lang='lat' dir='ltr'><strong>syl·</strong></span> 
     </span>
     <span class='ocr_line' id='line_1_34' title="bbox 280 3792 1598 3864; baseline 0.006 -22"><span class='ocrx_word' id='word_1_346' title='bbox 280 3792 365 3844; x_wconf 77' lang='lat' dir='ltr'><strong>labam</strong></span> <span class='ocrx_word' id='word_1_347' title='bbox 377 3793 445 3853; x_wconf 84' lang='lat' dir='ltr'><strong>iacit,</strong></span> <span class='ocrx_word' id='word_1_348' title='bbox 470 3803 498 3844; x_wconf 93' lang='grc' dir='ltr'><strong>ιιι</strong></span> <span class='ocrx_word' id='word_1_349' title='bbox 511 3793 585 3859; x_wconf 78' lang='lat' dir='ltr'><strong>legor</strong></span> <span class='ocrx_word' id='word_1_350' title='bbox 598 3792 690 3860; x_wconf 79' lang='lat' dir='ltr'><strong>legeris</strong></span> <span class='ocrx_word' id='word_1_351' title='bbox 710 3794 793 3861; x_wconf 81' lang='lat' dir='ltr'><strong>legar:</strong></span> <span class='ocrx_word' id='word_1_352' title='bbox 818 3793 846 3846; x_wconf 90' lang='lat' dir='ltr'><strong>Si</strong></span> <span class='ocrx_word' id='word_1_353' title='bbox 860 3795 985 3864; x_wconf 87' lang='lat' dir='ltr'><strong>producto</strong></span> <span class='ocrx_word' id='word_1_354' title='bbox 1005 3797 1012 3844; x_wconf 91' lang='lat' dir='ltr'><strong>i</strong></span> <span class='ocrx_word' id='word_1_355' title='bbox 1031 3797 1116 3860; x_wconf 74' lang='lat' dir='ltr'><strong>luerit,</strong></span> <span class='ocrx_word' id='word_1_356' title='bbox 1134 3797 1320 3862; x_wconf 81' lang='lat' dir='ltr'><strong>prontissiuurn</strong></span> <span class='ocrx_word' id='word_1_357' title='bbox 1344 3797 1449 3848; x_wconf 80' lang='lat' dir='ltr'><strong>rnoclrnn</strong></span> <span class='ocrx_word' id='word_1_358' title='bbox 1467 3800 1493 3848; x_wconf 94' lang='lat' dir='ltr'><strong>in</strong></span> <span class='ocrx_word' id='word_1_359' title='bbox 1513 3814 1554 3848; x_wconf 87' lang='lat' dir='ltr'><strong>arn</strong></span> <span class='ocrx_word' id='word_1_360' title='bbox 1573 3812 1598 3850; x_wconf 89' lang='lat' dir='ltr'><strong>et</strong></span> 
     </span>
     <span class='ocr_line' id='line_1_35' title="bbox 280 3861 1546 3922; baseline 0.003 -7"><span class='ocrx_word' id='word_1_361' title='bbox 280 3863 305 3914; x_wconf 93' lang='lat' dir='ltr'><strong>ln</strong></span> <span class='ocrx_word' id='word_1_362' title='bbox 324 3862 358 3915; x_wconf 89' lang='lat' dir='ltr'><strong>bo</strong></span> <span class='ocrx_word' id='word_1_363' title='bbox 376 3861 452 3912; x_wconf 86' lang='lat' dir='ltr'><strong>iaciet</strong></span> <span class='ocrx_word' id='word_1_364' title='bbox 470 3874 497 3912; x_wconf 92' lang='lat' dir='ltr'><strong>ut</strong></span> <span class='ocrx_word' id='word_1_365' title='bbox 514 3864 570 3912; x_wconf 88' lang='lat' dir='ltr'><strong>scio</strong></span> <span class='ocrx_word' id='word_1_366' title='bbox 588 3863 640 3913; x_wconf 90' lang='lat' dir='ltr'><strong>scis</strong></span> <span class='ocrx_word' id='word_1_367' title='bbox 659 3865 740 3914; x_wconf 84' lang='lat' dir='ltr'><strong>sciant</strong></span> <span class='ocrx_word' id='word_1_368' title='bbox 759 3875 784 3915; x_wconf 87' lang='lat' dir='ltr'><strong>et</strong></span> <span class='ocrx_word' id='word_1_369' title='bbox 801 3865 874 3916; x_wconf 85' lang='lat' dir='ltr'><strong>selbo</strong></span> <span class='ocrx_word' id='word_1_370' title='bbox 892 3877 909 3922; x_wconf 80' lang='grc' dir='ltr'><strong><em>ς</em></strong></span> <span class='ocrx_word' id='word_1_371' title='bbox 966 3865 1109 3918; x_wconf 85' lang='lat' dir='ltr'><strong>badieciet</strong></span> <span class='ocrx_word' id='word_1_372' title='bbox 1126 3881 1197 3918; x_wconf 83' lang='lat' dir='ltr'><strong>corr.</strong></span> <span class='ocrx_word' id='word_1_373' title='bbox 1218 3865 1330 3916; x_wconf 82' lang='lat' dir='ltr'><strong>ieoietG</strong></span> <span class='ocrx_word' id='word_1_374' title='bbox 1399 3867 1546 3919; x_wconf 83' lang='lat' dir='ltr'><strong>iiiecietC</strong></span> 
     </span>
    </p>
   </div>
   <div class='ocr_carea' id='block_1_5' title="bbox 280 3943 1634 4020">
    <p class='ocr_par' dir='ltr' id='par_1_10' title="bbox 280 3943 1634 4020">
     <span class='ocr_line' id='line_1_36' title="bbox 280 3943 1634 4020; baseline 0.004 -11"><span class='ocrx_word' id='word_1_375' title='bbox 280 3957 416 4009; x_wconf 80' lang='lat' dir='ltr'><strong>terrentius</strong></span> <span class='ocrx_word' id='word_1_376' title='bbox 435 3959 460 4007; x_wconf 91' lang='lat' dir='ltr'><strong>in</strong></span> <span class='ocrx_word' id='word_1_377' title='bbox 485 3953 613 4006; x_wconf 82' lang='lat' dir='ltr'><strong>iormione</strong></span> <span class='ocrx_word' id='word_1_378' title='bbox 631 3956 666 4008; x_wconf 81' lang='grc'><strong>0.·</strong></span> <span class='ocrx_word' id='word_1_379' title='bbox 690 3957 707 4009; x_wconf 92' lang='lat'><em>1</em></span> <span class='ocrx_word' id='word_1_380' title='bbox 725 3961 780 4020; x_wconf 70' lang='lat' dir='ltr'><strong>m</strong></span> <span class='ocrx_word' id='word_1_381' title='bbox 865 3961 882 4010; x_wconf 83' lang='lat' dir='ltr'><strong>v</strong></span> <span class='ocrx_word' id='word_1_382' title='bbox 905 3960 966 4011; x_wconf 85' lang='lat' dir='ltr'><strong>ltenv</strong></span> <span class='ocrx_word' id='word_1_383' title='bbox 990 3959 1016 4010; x_wconf 85' lang='lat' dir='ltr'><strong>iit</strong></span> <span class='ocrx_word' id='word_1_384' title='bbox 1039 3959 1104 4011; x_wconf 90' lang='lat' dir='ltr'><strong>libro</strong></span> <span class='ocrx_word' id='word_1_385' title='bbox 1127 3962 1287 4012; x_wconf 71' lang='lat' dir='ltr'><strong>astomorum</strong></span> <span class='ocrx_word' id='word_1_386' title='bbox 1311 3943 1347 4013; x_wconf 59' lang='grc' dir='ltr'><strong>Ιιο.Ε</strong></span> <span class='ocrx_word' id='word_1_387' title='bbox 1362 3971 1407 4012; x_wconf 83' lang='lat' dir='ltr'><strong>aut</strong></span> <span class='ocrx_word' id='word_1_388' title='bbox 1424 3961 1503 4013; x_wconf 86' lang='lat' dir='ltr'><strong>scibis</strong></span> <span class='ocrx_word' id='word_1_389' title='bbox 1522 3964 1596 4015; x_wconf 81' lang='lat' dir='ltr'><strong>cirins</strong></span> <span class='ocrx_word' id='word_1_390' title='bbox 1629 3991 1634 3998; x_wconf 71' lang='lat'><strong>,</strong></span> 
     </span>
    </p>
   </div>
   <div class='ocr_carea' id='block_1_6' title="bbox 277 4037 1595 4930">
    <p class='ocr_par' dir='ltr' id='par_1_11' title="bbox 280 4037 1594 4109">
     <span class='ocr_line' id='line_1_37' title="bbox 280 4037 1594 4109; baseline 0.005 -7"><span class='ocrx_word' id='word_1_391' title='bbox 280 4045 317 4104; x_wconf 82' lang='lat' dir='ltr'><strong>ais</strong></span> <span class='ocrx_word' id='word_1_392' title='bbox 334 4037 422 4103; x_wconf 73' lang='lat' dir='ltr'><strong>&#39;cbinx</strong></span> <span class='ocrx_word' id='word_1_393' title='bbox 445 4050 479 4102; x_wconf 90' lang='lat' dir='ltr'><strong>ltu</strong></span> <span class='ocrx_word' id='word_1_394' title='bbox 502 4049 544 4100; x_wconf 86' lang='lat' dir='ltr'><strong>lvio</strong></span> <span class='ocrx_word' id='word_1_395' title='bbox 565 4065 606 4102; x_wconf 84' lang='lat' dir='ltr'><strong>est</strong></span> <span class='ocrx_word' id='word_1_396' title='bbox 627 4049 690 4102; x_wconf 86' lang='lat' dir='ltr'><strong>illud</strong></span> <span class='ocrx_word' id='word_1_397' title='bbox 713 4054 791 4102; x_wconf 86' lang='lat' dir='ltr'><strong>etiam</strong></span> <span class='ocrx_word' id='word_1_398' title='bbox 814 4065 842 4104; x_wconf 89' lang='lat' dir='ltr'><strong>ut</strong></span> <span class='ocrx_word' id='word_1_399' title='bbox 864 4053 891 4104; x_wconf 91' lang='lat' dir='ltr'><strong>in</strong></span> <span class='ocrx_word' id='word_1_400' title='bbox 914 4051 1033 4104; x_wconf 87' lang='lat' dir='ltr'><strong>hiceberu</strong></span> <span class='ocrx_word' id='word_1_401' title='bbox 1051 4055 1140 4106; x_wconf 84' lang='lat' dir='ltr'><strong>matris</strong></span> <span class='ocrx_word' id='word_1_402' title='bbox 1159 4055 1263 4106; x_wconf 87' lang='lat' dir='ltr'><strong>seruibo</strong></span> <span class='ocrx_word' id='word_1_403' title='bbox 1282 4055 1427 4107; x_wconf 87' lang='lat' dir='ltr'><strong>commodis</strong></span> <span class='ocrx_word' id='word_1_404' title='bbox 1445 4055 1467 4106; x_wconf 85' lang='lat' dir='ltr'><strong><em>G</em></strong></span> <span class='ocrx_word' id='word_1_405' title='bbox 1489 4056 1550 4108; x_wconf 85' lang='lat' dir='ltr'><strong>item</strong></span> <span class='ocrx_word' id='word_1_406' title='bbox 1569 4061 1594 4109; x_wconf 93' lang='lat' dir='ltr'><strong>in</strong></span> 
     </span>
    </p>

    <p class='ocr_par' dir='ltr' id='par_1_12' title="bbox 280 4117 1595 4190">
     <span class='ocr_line' id='line_1_38' title="bbox 280 4117 1595 4190; baseline 0.004 -17"><span class='ocrx_word' id='word_1_407' title='bbox 280 4121 417 4173; x_wconf 74' lang='lat' dir='ltr'><strong>Heautont.</strong></span> <span class='ocrx_word' id='word_1_408' title='bbox 439 4117 524 4170; x_wconf 83' lang='lat' dir='ltr'><strong>Scibis</strong></span> <span class='ocrx_word' id='word_1_409' title='bbox 547 4121 620 4170; x_wconf 88' lang='lat' dir='ltr'><strong>cuius</strong></span> <span class='ocrx_word' id='word_1_410' title='bbox 644 4120 681 4170; x_wconf 87' lang='lat' dir='ltr'><strong>sis</strong></span> <span class='ocrx_word' id='word_1_411' title='bbox 704 4122 809 4174; x_wconf 87' lang='lat' dir='ltr'><strong>coniux.</strong></span> <span class='ocrx_word' id='word_1_412' title='bbox 838 4120 869 4172; x_wconf 83' lang='lat' dir='ltr'><strong>Et</strong></span> <span class='ocrx_word' id='word_1_413' title='bbox 886 4123 911 4172; x_wconf 92' lang='lat' dir='ltr'><strong>in</strong></span> <span class='ocrx_word' id='word_1_414' title='bbox 931 4123 1042 4190; x_wconf 75' lang='lat' dir='ltr'><strong>llecyraz</strong></span> <span class='ocrx_word' id='word_1_415' title='bbox 1066 4121 1175 4175; x_wconf 84' lang='lat' dir='ltr'><strong>Sertvibo</strong></span> <span class='ocrx_word' id='word_1_416' title='bbox 1198 4125 1379 4182; x_wconf 64' lang='lat' dir='ltr'><strong>commodius</strong></span> <span class='ocrx_word' id='word_1_417' title='bbox 1404 4126 1464 4175; x_wconf 87' lang='lat' dir='ltr'><strong>ltent</strong></span> <span class='ocrx_word' id='word_1_418' title='bbox 1485 4125 1510 4175; x_wconf 90' lang='lat' dir='ltr'><strong>in</strong></span> <span class='ocrx_word' id='word_1_419' title='bbox 1531 4127 1595 4178; x_wconf 91' lang='lat' dir='ltr'><strong>libro</strong></span> 
     </span>
    </p>

    <p class='ocr_par' dir='ltr' id='par_1_13' title="bbox 279 4185 1594 4246">
     <span class='ocr_line' id='line_1_39' title="bbox 279 4185 1594 4246; baseline 0.005 -6"><span class='ocrx_word' id='word_1_420' title='bbox 279 4187 476 4242; x_wconf 83' lang='lat' dir='ltr'><strong>autumorlosou</strong></span> <span class='ocrx_word' id='word_1_421' title='bbox 496 4187 519 4240; x_wconf 83' lang='lat' dir='ltr'><strong>it</strong></span> <span class='ocrx_word' id='word_1_422' title='bbox 536 4189 672 4240; x_wconf 85' lang='lat' dir='ltr'><strong>msitemar</strong></span> <span class='ocrx_word' id='word_1_423' title='bbox 695 4185 791 4244; x_wconf 77' lang='lat' dir='ltr'><strong>tantm</strong></span> <span class='ocrx_word' id='word_1_424' title='bbox 809 4190 836 4240; x_wconf 76' lang='lat' dir='ltr'><strong>li</strong></span> <span class='ocrx_word' id='word_1_425' title='bbox 853 4191 931 4242; x_wconf 85' lang='lat' dir='ltr'><strong>scibis</strong></span> <span class='ocrx_word' id='word_1_426' title='bbox 954 4193 1028 4242; x_wconf 81' lang='lat' dir='ltr'><strong>carius</strong></span> <span class='ocrx_word' id='word_1_427' title='bbox 1052 4193 1090 4243; x_wconf 85' lang='lat' dir='ltr'><strong>sis</strong></span> <span class='ocrx_word' id='word_1_428' title='bbox 1112 4195 1227 4244; x_wconf 83' lang='lat' dir='ltr'><strong>coniunx</strong></span> <span class='ocrx_word' id='word_1_429' title='bbox 1250 4193 1310 4244; x_wconf 84' lang='lat' dir='ltr'><strong>ltine</strong></span> <span class='ocrx_word' id='word_1_430' title='bbox 1331 4205 1370 4244; x_wconf 85' lang='lat' dir='ltr'><strong>est</strong></span> <span class='ocrx_word' id='word_1_431' title='bbox 1393 4195 1468 4244; x_wconf 84' lang='lat' dir='ltr'><strong>etiam</strong></span> <span class='ocrx_word' id='word_1_432' title='bbox 1488 4194 1594 4246; x_wconf 83' lang='grc' dir='ltr'>111ιιι11ιι</span> 
     </span>
    </p>

    <p class='ocr_par' dir='ltr' id='par_1_14' title="bbox 278 4257 1521 4329">
     <span class='ocr_line' id='line_1_40' title="bbox 278 4257 1521 4329; baseline 0.005 -19"><span class='ocrx_word' id='word_1_433' title='bbox 278 4257 408 4324; x_wconf 78' lang='lat' dir='ltr'><strong>gbietbira</strong></span> <span class='ocrx_word' id='word_1_434' title='bbox 425 4258 503 4309; x_wconf 81' lang='lat' dir='ltr'><strong>naaria</strong></span> <span class='ocrx_word' id='word_1_435' title='bbox 521 4257 626 4310; x_wconf 84' lang='lat' dir='ltr'><strong>aeruibo</strong></span> <span class='ocrx_word' id='word_1_436' title='bbox 644 4258 789 4310; x_wconf 82' lang='lat' dir='ltr'><strong>commonia</strong></span> <span class='ocrx_word' id='word_1_437' title='bbox 810 4259 884 4311; x_wconf 76' lang='lat' dir='ltr'><strong>notu.</strong></span> <span class='ocrx_word' id='word_1_438' title='bbox 932 4275 940 4285; x_wconf 78' lang='lat'>¹</span> <span class='ocrx_word' id='word_1_439' title='bbox 967 4263 998 4313; x_wconf 88' lang='lat' dir='ltr'><strong>to</strong></span> <span class='ocrx_word' id='word_1_440' title='bbox 1015 4262 1041 4310; x_wconf 93' lang='lat' dir='ltr'><strong>iu</strong></span> <span class='ocrx_word' id='word_1_441' title='bbox 1061 4260 1178 4313; x_wconf 82' lang='lat' dir='ltr'><strong>Heuttton</strong></span> <span class='ocrx_word' id='word_1_442' title='bbox 1196 4260 1380 4329; x_wconf 88' lang='lat' dir='ltr'><strong>timorumeuo]</strong></span> <span class='ocrx_word' id='word_1_443' title='bbox 1402 4261 1427 4311; x_wconf 85' lang='lat' dir='ltr'><em>V</em></span> <span class='ocrx_word' id='word_1_444' title='bbox 1444 4265 1470 4321; x_wconf 83' lang='grc'><strong>2,</strong></span> <span class='ocrx_word' id='word_1_445' title='bbox 1485 4265 1521 4316; x_wconf 68' lang='grc'><strong>43</strong></span> 
     </span>
    </p>

    <p class='ocr_par' dir='ltr' id='par_1_15' title="bbox 279 4322 1594 4399">
     <span class='ocr_line' id='line_1_41' title="bbox 279 4322 1594 4399; baseline 0.004 -20"><span class='ocrx_word' id='word_1_446' title='bbox 279 4330 310 4379; x_wconf 91' lang='grc'><strong>11</strong></span> <span class='ocrx_word' id='word_1_447' title='bbox 329 4327 355 4378; x_wconf 88' lang='lat' dir='ltr'><strong>iu</strong></span> <span class='ocrx_word' id='word_1_448' title='bbox 375 4322 486 4394; x_wconf 64' lang='lat' dir='ltr'><strong>Hecyra]</strong></span> <span class='ocrx_word' id='word_1_449' title='bbox 508 4325 559 4378; x_wconf 86' lang='grc' dir='ltr'><strong>ΙΙΙ</strong></span> <span class='ocrx_word' id='word_1_450' title='bbox 576 4331 601 4386; x_wconf 74' lang='lat'><strong>5,</strong></span> <span class='ocrx_word' id='word_1_451' title='bbox 614 4328 648 4378; x_wconf 72' lang='grc'><strong>45</strong></span> <span class='ocrx_word' id='word_1_452' title='bbox 705 4341 730 4377; x_wconf 89' lang='lat' dir='ltr'><strong>et</strong></span> <span class='ocrx_word' id='word_1_453' title='bbox 747 4328 772 4379; x_wconf 90' lang='lat' dir='ltr'><strong>in</strong></span> <span class='ocrx_word' id='word_1_454' title='bbox 793 4326 873 4378; x_wconf 86' lang='lat' dir='ltr'><strong>billite</strong></span> <span class='ocrx_word' id='word_1_455' title='bbox 890 4327 985 4379; x_wconf 87' lang='lat' dir='ltr'><strong>Plauti:</strong></span> <span class='ocrx_word' id='word_1_456' title='bbox 1007 4331 1207 4382; x_wconf 77' lang='lat' dir='ltr'><strong>assentiendum</strong></span> <span class='ocrx_word' id='word_1_457' title='bbox 1231 4341 1308 4389; x_wconf 76' lang='grc' dir='ltr'>ειις</span> <span class='ocrx_word' id='word_1_458' title='bbox 1330 4345 1355 4382; x_wconf 85' lang='lat' dir='ltr'><strong>et</strong></span> <span class='ocrx_word' id='word_1_459' title='bbox 1376 4333 1402 4381; x_wconf 92' lang='lat' dir='ltr'><strong>in</strong></span> <span class='ocrx_word' id='word_1_460' title='bbox 1422 4331 1502 4382; x_wconf 83' lang='lat' dir='ltr'><strong>milite</strong></span> <span class='ocrx_word' id='word_1_461' title='bbox 1522 4333 1594 4399; x_wconf 90' lang='lat' dir='ltr'><strong>plau·</strong></span> 
     </span>
    </p>

    <p class='ocr_par' dir='ltr' id='par_1_16' title="bbox 278 4395 1595 4574">
     <span class='ocr_line' id='line_1_42' title="bbox 278 4395 1595 4468; baseline 0.005 -20"><span class='ocrx_word' id='word_1_462' title='bbox 278 4395 324 4448; x_wconf 80' lang='lat' dir='ltr'><strong>titt</strong></span> <span class='ocrx_word' id='word_1_463' title='bbox 341 4395 505 4447; x_wconf 62' lang='lat' dir='ltr'><strong>mutuandum</strong></span> <span class='ocrx_word' id='word_1_464' title='bbox 522 4407 562 4446; x_wconf 85' lang='lat' dir='ltr'><strong>eat</strong></span> <span class='ocrx_word' id='word_1_465' title='bbox 581 4395 673 4448; x_wconf 65' lang='lat' dir='ltr'><strong>Gonu..-</strong></span> <span class='ocrx_word' id='word_1_466' title='bbox 697 4396 782 4447; x_wconf 83' lang='lat' dir='ltr'><strong>Piout.</strong></span> <span class='ocrx_word' id='word_1_467' title='bbox 800 4398 850 4448; x_wconf 79' lang='lat' dir='ltr'><strong>nait.</strong></span> <span class='ocrx_word' id='word_1_468' title='bbox 865 4399 933 4464; x_wconf 80' lang='lat' dir='ltr'><strong>plor.</strong></span> <span class='ocrx_word' id='word_1_469' title='bbox 951 4397 968 4448; x_wconf 93' lang='lat'><em>1</em></span> <span class='ocrx_word' id='word_1_470' title='bbox 988 4399 1011 4456; x_wconf 88' lang='grc'><strong>1,</strong></span> <span class='ocrx_word' id='word_1_471' title='bbox 1026 4401 1061 4450; x_wconf 76' lang='lat'><strong>33</strong></span> <span class='ocrx_word' id='word_1_472' title='bbox 1150 4401 1181 4452; x_wconf 75' lang='lat'><strong>12</strong></span> <span class='ocrx_word' id='word_1_473' title='bbox 1200 4400 1348 4450; x_wconf 86' lang='lat' dir='ltr'><strong>mentibitur</strong></span> <span class='ocrx_word' id='word_1_474' title='bbox 1365 4413 1382 4457; x_wconf 83' lang='grc' dir='ltr'>ς</span> <span class='ocrx_word' id='word_1_475' title='bbox 1404 4401 1555 4468; x_wconf 87' lang='lat' dir='ltr'><strong>mentipittu·</strong></span> <span class='ocrx_word' id='word_1_476' title='bbox 1574 4403 1595 4455; x_wconf 82' lang='lat' dir='ltr'><strong><em>G</em></strong></span> 
     </span>
     <span class='ocr_line' id='line_1_43' title="bbox 322 4463 1592 4574; baseline 0.009 -64"><span class='ocrx_word' id='word_1_477' title='bbox 322 4507 324 4510; x_wconf 88' lang='lat'>.</span> <span class='ocrx_word' id='word_1_478' title='bbox 347 4467 381 4518; x_wconf 81' lang='lat' dir='ltr'><strong>ts</strong></span> <span class='ocrx_word' id='word_1_479' title='bbox 393 4464 441 4574; x_wconf 53' lang='lat' dir='ltr'><strong>&#39;bu</strong></span> <span class='ocrx_word' id='word_1_480' title='bbox 460 4477 507 4515; x_wconf 83' lang='lat' dir='ltr'><strong>nos</strong></span> <span class='ocrx_word' id='word_1_481' title='bbox 524 4465 622 4516; x_wconf 83' lang='lat' dir='ltr'><strong>scimus</strong></span> <span class='ocrx_word' id='word_1_482' title='bbox 641 4463 663 4516; x_wconf 78' lang='lat' dir='ltr'><strong><em>G</em></strong></span> <span class='ocrx_word' id='word_1_483' title='bbox 744 4467 776 4516; x_wconf 82' lang='lat' dir='ltr'><strong>tt</strong></span> <span class='ocrx_word' id='word_1_484' title='bbox 793 4467 820 4516; x_wconf 91' lang='lat' dir='ltr'><strong>iu</strong></span> <span class='ocrx_word' id='word_1_485' title='bbox 839 4481 853 4517; x_wconf 83' lang='lat' dir='ltr'>e</span> <span class='ocrx_word' id='word_1_486' title='bbox 870 4466 990 4518; x_wconf 86' lang='lat' dir='ltr'><strong>transibit</strong></span> <span class='ocrx_word' id='word_1_487' title='bbox 1007 4481 1054 4518; x_wconf 81' lang='lat' dir='ltr'><strong>om.</strong></span> <span class='ocrx_word' id='word_1_488' title='bbox 1069 4466 1090 4517; x_wconf 83' lang='lat'><em>0</em></span> <span class='ocrx_word' id='word_1_489' title='bbox 1108 4469 1115 4517; x_wconf 96' lang='lat' dir='ltr'><strong>i</strong></span> <span class='ocrx_word' id='word_1_490' title='bbox 1134 4469 1160 4519; x_wconf 90' lang='lat' dir='ltr'><strong>in</strong></span> <span class='ocrx_word' id='word_1_491' title='bbox 1180 4484 1194 4519; x_wconf 89' lang='lat' dir='ltr'><strong>e</strong></span> <span class='ocrx_word' id='word_1_492' title='bbox 1211 4469 1331 4520; x_wconf 82' lang='lat' dir='ltr'><strong>transibit</strong></span> <span class='ocrx_word' id='word_1_493' title='bbox 1348 4481 1366 4524; x_wconf 81' lang='grc' dir='ltr'><strong><em>ς</em></strong></span> <span class='ocrx_word' id='word_1_494' title='bbox 1445 4471 1476 4520; x_wconf 84' lang='lat' dir='ltr'><strong>l&#39;l</strong></span> <span class='ocrx_word' id='word_1_495' title='bbox 1495 4471 1592 4522; x_wconf 87' lang='lat' dir='ltr'><strong>iudica·</strong></span> 
     </span>
    </p>

    <p class='ocr_par' dir='ltr' id='par_1_17' title="bbox 344 4541 464 4574">
     <span class='ocr_line' id='line_1_44' title="bbox 344 4541 464 4574; baseline -0.017 0"><span class='ocrx_word' id='word_1_496' title='bbox 344 4541 399 4574; x_wconf 75' lang='grc' dir='ltr'><strong>ΓΟΙΙ</strong></span> <span class='ocrx_word' id='word_1_497' title='bbox 420 4541 464 4572; x_wconf 72' lang='lat' dir='ltr'><strong>niis</strong></span> 
     </span>
    </p>

    <p class='ocr_par' dir='ltr' id='par_1_18' title="bbox 277 4543 1592 4659">
     <span class='ocr_line' id='line_1_45' title="bbox 277 4543 1592 4659; baseline 0.005 -22"><span class='ocrx_word' id='word_1_498' title='bbox 277 4543 347 4638; x_wconf 71' lang='lat' dir='ltr'><strong>surb</strong></span> <span class='ocrx_word' id='word_1_499' title='bbox 359 4585 529 4653; x_wconf 83' lang='lat' dir='ltr'><strong>imperatiuus</strong></span> <span class='ocrx_word' id='word_1_500' title='bbox 544 4583 676 4652; x_wconf 86' lang='lat' dir='ltr'><strong>optetiuus</strong></span> <span class='ocrx_word' id='word_1_501' title='bbox 694 4585 901 4636; x_wconf 83' lang='lat' dir='ltr'><strong>coniunctatiuns</strong></span> <span class='ocrx_word' id='word_1_502' title='bbox 921 4585 1116 4640; x_wconf 81' lang='lat' dir='ltr'><strong>Cindlcatluns</strong></span> <span class='ocrx_word' id='word_1_503' title='bbox 1136 4589 1309 4656; x_wconf 86' lang='lat' dir='ltr'><strong>prontissiuus</strong></span> <span class='ocrx_word' id='word_1_504' title='bbox 1328 4588 1498 4656; x_wconf 85' lang='lat' dir='ltr'><strong>imperatiuus</strong></span> <span class='ocrx_word' id='word_1_505' title='bbox 1518 4604 1592 4659; x_wconf 88' lang='lat' dir='ltr'><strong>optu-</strong></span> 
     </span>
    </p>

    <p class='ocr_par' dir='ltr' id='par_1_19' title="bbox 277 4653 1591 4724">
     <span class='ocr_line' id='line_1_46' title="bbox 277 4653 1591 4724; baseline 0.007 -19"><span class='ocrx_word' id='word_1_506' title='bbox 277 4657 347 4708; x_wconf 85' lang='lat' dir='ltr'><strong>tiuua</strong></span> <span class='ocrx_word' id='word_1_507' title='bbox 365 4655 580 4712; x_wconf 70' lang='lat' dir='ltr'><strong>coniunctiuuss</strong></span> <span class='ocrx_word' id='word_1_508' title='bbox 651 4655 683 4706; x_wconf 84' lang='grc'><strong>19</strong></span> <span class='ocrx_word' id='word_1_509' title='bbox 705 4653 810 4718; x_wconf 83' lang='lat' dir='ltr'><strong>quidum</strong></span> <span class='ocrx_word' id='word_1_510' title='bbox 829 4665 846 4710; x_wconf 79' lang='grc' dir='ltr'><strong><em>ς</em></strong></span> <span class='ocrx_word' id='word_1_511' title='bbox 864 4654 967 4718; x_wconf 85' lang='lat' dir='ltr'><strong>qttidem</strong></span> <span class='ocrx_word' id='word_1_512' title='bbox 988 4655 1010 4707; x_wconf 83' lang='lat'><em>0</em></span> <span class='ocrx_word' id='word_1_513' title='bbox 1077 4657 1242 4717; x_wconf 83' lang='lat' dir='ltr'><strong>iudicetiuus,</strong></span> <span class='ocrx_word' id='word_1_514' title='bbox 1268 4669 1295 4708; x_wconf 91' lang='lat' dir='ltr'><strong>ut</strong></span> <span class='ocrx_word' id='word_1_515' title='bbox 1311 4656 1383 4724; x_wconf 79' lang='lat' dir='ltr'><strong>lego:</strong></span> <span class='ocrx_word' id='word_1_516' title='bbox 1406 4659 1591 4724; x_wconf 77' lang='lat' dir='ltr'><strong>promissimus,</strong></span> 
     </span>
    </p>

    <p class='ocr_par' dir='ltr' id='par_1_20' title="bbox 278 4720 1593 4795">
     <span class='ocr_line' id='line_1_47' title="bbox 278 4720 1593 4795; baseline 0.005 -21"><span class='ocrx_word' id='word_1_517' title='bbox 278 4735 305 4776; x_wconf 89' lang='lat' dir='ltr'><strong>ut</strong></span> <span class='ocrx_word' id='word_1_518' title='bbox 321 4722 420 4791; x_wconf 71' lang='lat' dir='ltr'><strong>legam:</strong></span> <span class='ocrx_word' id='word_1_519' title='bbox 442 4725 623 4794; x_wconf 82' lang='lat' dir='ltr'><strong>imperativus,</strong></span> <span class='ocrx_word' id='word_1_520' title='bbox 648 4733 674 4774; x_wconf 91' lang='lat' dir='ltr'><strong>ut</strong></span> <span class='ocrx_word' id='word_1_521' title='bbox 692 4721 748 4790; x_wconf 84' lang='lat' dir='ltr'><strong>iege</strong></span> <span class='ocrx_word' id='word_1_522' title='bbox 766 4734 792 4778; x_wconf 78' lang='grc' dir='ltr'><strong>ς.</strong></span> <span class='ocrx_word' id='word_1_523' title='bbox 810 4724 876 4774; x_wconf 84' lang='lat' dir='ltr'><strong>idem</strong></span> <span class='ocrx_word' id='word_1_524' title='bbox 893 4723 1027 4777; x_wconf 83' lang='lat' dir='ltr'><strong>uerborum</strong></span> <span class='ocrx_word' id='word_1_525' title='bbox 1044 4720 1109 4778; x_wconf 80' lang='lat' dir='ltr'><strong>ord&#39;o</strong></span> <span class='ocrx_word' id='word_1_526' title='bbox 1127 4728 1255 4795; x_wconf 73' lang='lat' dir='ltr'><strong>adpositis</strong></span> <span class='ocrx_word' id='word_1_527' title='bbox 1272 4727 1309 4778; x_wconf 79' lang='lat' dir='ltr'><strong>nd</strong></span> <span class='ocrx_word' id='word_1_528' title='bbox 1325 4726 1494 4793; x_wconf 88' lang='lat' dir='ltr'><strong>imperatiuus</strong></span> <span class='ocrx_word' id='word_1_529' title='bbox 1513 4737 1540 4782; x_wconf 84' lang='lat' dir='ltr'><strong>et</strong></span> <span class='ocrx_word' id='word_1_530' title='bbox 1557 4735 1593 4786; x_wconf 74' lang='lat' dir='ltr'><strong>ad</strong></span> 
     </span>
    </p>

    <p class='ocr_par' dir='ltr' id='par_1_21' title="bbox 277 4791 1524 4858">
     <span class='ocr_line' id='line_1_48' title="bbox 277 4791 1524 4858; baseline 0.006 -15"><span class='ocrx_word' id='word_1_531' title='bbox 277 4793 452 4858; x_wconf 77' lang='lat' dir='ltr'><strong>promissimus</strong></span> <span class='ocrx_word' id='word_1_532' title='bbox 471 4794 538 4846; x_wconf 85' lang='lat' dir='ltr'><strong>notis</strong></span> <span class='ocrx_word' id='word_1_533' title='bbox 550 4795 678 4846; x_wconf 79' lang='lat' dir='ltr'><strong>indicatus</strong></span> <span class='ocrx_word' id='word_1_534' title='bbox 695 4807 751 4844; x_wconf 82' lang='lat' dir='ltr'><strong>ease</strong></span> <span class='ocrx_word' id='word_1_535' title='bbox 768 4791 869 4843; x_wconf 82' lang='lat' dir='ltr'><strong>uidetur</strong></span> <span class='ocrx_word' id='word_1_536' title='bbox 886 4809 903 4843; x_wconf 83' lang='lat' dir='ltr'><strong>a</strong></span> <span class='ocrx_word' id='word_1_537' title='bbox 919 4801 1070 4847; x_wconf 66' lang='lat' dir='ltr'><strong>conectere</strong></span> <span class='ocrx_word' id='word_1_538' title='bbox 1087 4797 1114 4846; x_wconf 82' lang='lat' dir='ltr'><strong>in</strong></span> <span class='ocrx_word' id='word_1_539' title='bbox 1133 4797 1154 4847; x_wconf 82' lang='lat'><em>0</em></span> <span class='ocrx_word' id='word_1_540' title='bbox 1223 4797 1255 4847; x_wconf 78' lang='lat' dir='ltr'><strong>vt</strong></span> <span class='ocrx_word' id='word_1_541' title='bbox 1275 4797 1483 4850; x_wconf 85' lang='lat' dir='ltr'><strong>coniunctatiuus</strong></span> <span class='ocrx_word' id='word_1_542' title='bbox 1503 4800 1524 4852; x_wconf 85' lang='lat' dir='ltr'><strong><em>G</em></strong></span> 
     </span>
    </p>

    <p class='ocr_par' dir='ltr' id='par_1_22' title="bbox 277 4859 1187 4930">
     <span class='ocr_line' id='line_1_49' title="bbox 277 4859 1187 4930; baseline 0.005 -19"><span class='ocrx_word' id='word_1_543' title='bbox 277 4861 310 4912; x_wconf 71' lang='lat'><strong>22</strong></span> <span class='ocrx_word' id='word_1_544' title='bbox 328 4861 457 4928; x_wconf 82' lang='lat' dir='ltr'><strong>hortandi,</strong></span> <span class='ocrx_word' id='word_1_545' title='bbox 477 4874 505 4914; x_wconf 88' lang='lat' dir='ltr'><strong>nt</strong></span> <span class='ocrx_word' id='word_1_546' title='bbox 522 4861 639 4930; x_wconf 78' lang='lat' dir='ltr'><strong>legamus</strong></span> <span class='ocrx_word' id='word_1_547' title='bbox 658 4873 675 4918; x_wconf 85' lang='grc' dir='ltr'><strong><em>ς</em></strong></span> <span class='ocrx_word' id='word_1_548' title='bbox 743 4863 777 4913; x_wconf 74' lang='grc'><strong>113</strong></span> <span class='ocrx_word' id='word_1_549' title='bbox 794 4859 894 4928; x_wconf 80' lang='lat' dir='ltr'><strong>logisnc</strong></span> <span class='ocrx_word' id='word_1_550' title='bbox 911 4863 1018 4919; x_wconf 62' lang='lat' dir='ltr'><strong>wollt.</strong></span> <span class='ocrx_word' id='word_1_551' title='bbox 1036 4861 1129 4930; x_wconf 77' lang='lat' dir='ltr'><strong>lagona</strong></span> <span class='ocrx_word' id='word_1_552' title='bbox 1149 4865 1187 4916; x_wconf 79' lang='grc' dir='ltr'><strong>θ·</strong></span> 
     </span>
    </p>
   </div>
   <div class='ocr_carea' id='block_1_7' title="bbox 0 0 1934 5560">
    <p class='ocr_par' dir='ltr' id='par_1_23' title="bbox 0 0 1934 5560">
     <span class='ocr_line' id='line_1_50' title="bbox 0 0 1934 5560; baseline 0 7"><span class='ocrx_word' id='word_1_553' title='bbox 0 0 1934 5560; x_wconf 95' lang='lat' dir='ltr'><strong> </strong></span> 
     </span>
    </p>
   </div>
  </div>
 </body>
</html>
