<?xml version="1.0" encoding="UTF-8"?>
<!DOCTYPE html PUBLIC "-//W3C//DTD XHTML 1.0 Transitional//EN"
    "http://www.w3.org/TR/xhtml1/DTD/xhtml1-transitional.dtd">
<html xmlns="http://www.w3.org/1999/xhtml" xml:lang="en" lang="en">
 <head>
  <title>
</title>
<meta http-equiv="Content-Type" content="text/html;charset=utf-8" />
  <meta name='ocr-system' content='tesseract 3.04.00' />
  <meta name='ocr-capabilities' content='ocr_page ocr_carea ocr_par ocr_line ocrx_word'/>
</head>
<body>
  <div class='ocr_page' id='page_1' title='image "./grammaticilatin05hagagoog_0362.png"; bbox 0 0 3874 5556; ppageno 0'>
   <div class='ocr_carea' id='block_1_1' title="bbox 362 370 1148 528">
    <p class='ocr_par' dir='ltr' id='par_1_1' title="bbox 362 370 1148 528">
     <span class='ocr_line' id='line_1_1' title="bbox 362 370 1148 442; baseline -0.013 -1"><span class='ocrx_word' id='word_1_1' title='bbox 362 370 427 442; x_wconf 83' lang='grc'><strong>332</strong></span> <span class='ocrx_word' id='word_1_2' title='bbox 823 397 832 408; x_wconf 89' lang='grc'><em>·</em></span> <span class='ocrx_word' id='word_1_3' title='bbox 926 381 1148 434; x_wconf 78' lang='lat' dir='ltr'><strong>runnurmru</strong></span> 
     </span>
     <span class='ocr_line' id='line_1_2' title="bbox 362 471 1130 528; baseline -0.005 -9"><span class='ocrx_word' id='word_1_4' title='bbox 362 489 385 528; x_wconf 88' lang='lat' dir='ltr'><strong>p.</strong></span> <span class='ocrx_word' id='word_1_5' title='bbox 398 477 497 519; x_wconf 66' lang='lat' dir='ltr'><strong>2888.ae</strong></span> <span class='ocrx_word' id='word_1_6' title='bbox 511 477 535 518; x_wconf 82' lang='grc' dir='ltr'><strong>Ρ.</strong></span> <span class='ocrx_word' id='word_1_7' title='bbox 832 471 835 476; x_wconf 90' lang='grc'><strong>’</strong></span> <span class='ocrx_word' id='word_1_8' title='bbox 881 475 885 486; x_wconf 97' lang='grc'><strong>’</strong></span> <span class='ocrx_word' id='word_1_9' title='bbox 1127 493 1130 496; x_wconf 95' lang='grc'>-</span> 
     </span>
    </p>
   </div>
   <div class='ocr_carea' id='block_1_2' title="bbox 542 549 1581 3533">
    <p class='ocr_par' dir='ltr' id='par_1_2' title="bbox 542 549 1581 3533">
     <span class='ocr_line' id='line_1_3' title="bbox 572 549 1302 644; baseline -0.005 -18"><span class='ocrx_word' id='word_1_10' title='bbox 572 549 674 628; x_wconf 65' lang='lat' dir='ltr'><strong>fsotas</strong></span> <span class='ocrx_word' id='word_1_11' title='bbox 697 564 809 644; x_wconf 89' lang='lat' dir='ltr'><strong>patitur</strong></span> <span class='ocrx_word' id='word_1_12' title='bbox 831 569 974 641; x_wconf 78' lang='lat' dir='ltr'><strong>quattuor</strong></span> <span class='ocrx_word' id='word_1_13' title='bbox 997 570 1067 623; x_wconf 86' lang='lat' dir='ltr'><strong>aute</strong></span> <span class='ocrx_word' id='word_1_14' title='bbox 1090 567 1302 629; x_wconf 80' lang='lat' dir='ltr'><strong>consonantes,</strong></span> 
     </span>
     <span class='ocr_line' id='line_1_4' title="bbox 542 662 1388 748; baseline -0.004 -22"><span class='ocrx_word' id='word_1_15' title='bbox 542 683 583 726; x_wconf 81' lang='grc' dir='ltr'><strong>ιιι</strong></span> <span class='ocrx_word' id='word_1_16' title='bbox 597 668 715 748; x_wconf 83' lang='lat' dir='ltr'><strong>graecis</strong></span> <span class='ocrx_word' id='word_1_17' title='bbox 737 667 876 748; x_wconf 89' lang='lat' dir='ltr'><strong>quotiens</strong></span> <span class='ocrx_word' id='word_1_18' title='bbox 899 663 1074 728; x_wconf 88' lang='lat' dir='ltr'><strong>nominibus</strong></span> <span class='ocrx_word' id='word_1_19' title='bbox 1095 663 1188 728; x_wconf 83' lang='lat' dir='ltr'><strong>latina</strong></span> <span class='ocrx_word' id='word_1_20' title='bbox 1213 662 1309 724; x_wconf 88' lang='lat' dir='ltr'><strong>lorms</strong></span> <span class='ocrx_word' id='word_1_21' title='bbox 1332 670 1388 732; x_wconf 88' lang='lat' dir='ltr'><strong>est,</strong></span> 
     </span>
     <span class='ocr_line' id='line_1_5' title="bbox 597 761 1581 854; baseline -0.006 -22"><span class='ocrx_word' id='word_1_22' title='bbox 597 770 621 832; x_wconf 92' lang='lat' dir='ltr'><strong>si</strong></span> <span class='ocrx_word' id='word_1_23' title='bbox 644 768 765 852; x_wconf 85' lang='lat' dir='ltr'><strong>quando</strong></span> <span class='ocrx_word' id='word_1_24' title='bbox 788 767 930 831; x_wconf 89' lang='lat' dir='ltr'><strong>choros</strong></span> <span class='ocrx_word' id='word_1_25' title='bbox 954 765 1129 854; x_wconf 78' lang='lat' dir='ltr'><strong>Phyllida</strong></span> <span class='ocrx_word' id='word_1_26' title='bbox 1152 767 1333 830; x_wconf 85' lang='lat' dir='ltr'><strong>rhamnos</strong></span> <span class='ocrx_word' id='word_1_27' title='bbox 1355 765 1479 844; x_wconf 76' lang='lat' dir='ltr'><strong>thyma</strong></span> <span class='ocrx_word' id='word_1_28' title='bbox 1504 761 1581 826; x_wconf 91' lang='lat' dir='ltr'><strong>dico.</strong></span> 
     </span>
     <span class='ocr_line' id='line_1_6' title="bbox 639 867 1394 954; baseline -0.009 -19"><span class='ocrx_word' id='word_1_29' title='bbox 639 873 763 953; x_wconf 88' lang='lat' dir='ltr'><strong>Septem</strong></span> <span class='ocrx_word' id='word_1_30' title='bbox 786 873 920 954; x_wconf 89' lang='lat' dir='ltr'><strong>reliquas</strong></span> <span class='ocrx_word' id='word_1_31' title='bbox 942 872 1013 934; x_wconf 89' lang='lat' dir='ltr'><strong>binc</strong></span> <span class='ocrx_word' id='word_1_32' title='bbox 1037 870 1092 934; x_wconf 94' lang='lat' dir='ltr'><strong>tibi</strong></span> <span class='ocrx_word' id='word_1_33' title='bbox 1116 887 1188 934; x_wconf 83' lang='lat' dir='ltr'><strong>rocc</strong></span> <span class='ocrx_word' id='word_1_34' title='bbox 1213 867 1394 952; x_wconf 82' lang='lat' dir='ltr'><strong>semiplenas</strong></span> 
     </span>
     <span class='ocr_line' id='line_1_7' title="bbox 599 974 1291 1056; baseline -0.003 -20"><span class='ocrx_word' id='word_1_35' title='bbox 599 979 646 1038; x_wconf 83' lang='lat' dir='ltr'><strong>rix</strong></span> <span class='ocrx_word' id='word_1_36' title='bbox 668 974 737 1056; x_wconf 79' lang='lat' dir='ltr'><strong>lege</strong></span> <span class='ocrx_word' id='word_1_37' title='bbox 759 975 878 1040; x_wconf 89' lang='lat' dir='ltr'><strong>solutus</strong></span> <span class='ocrx_word' id='word_1_38' title='bbox 901 983 971 1056; x_wconf 89' lang='lat' dir='ltr'><strong>pote</strong></span> <span class='ocrx_word' id='word_1_39' title='bbox 995 978 1155 1038; x_wconf 82' lang='lat' dir='ltr'><strong>nominare</strong></span> <span class='ocrx_word' id='word_1_40' title='bbox 1179 991 1291 1036; x_wconf 89' lang='lat' dir='ltr'><strong>sermo.</strong></span> 
     </span>
     <span class='ocr_line' id='line_1_8' title="bbox 549 1077 1339 1160; baseline -0.005 -19"><span class='ocrx_word' id='word_1_41' title='bbox 549 1145 552 1152; x_wconf 68' lang='grc'><strong>,</strong></span> <span class='ocrx_word' id='word_1_42' title='bbox 597 1079 651 1141; x_wconf 89' lang='lat' dir='ltr'><strong>bss</strong></span> <span class='ocrx_word' id='word_1_43' title='bbox 673 1077 813 1142; x_wconf 81' lang='lat' dir='ltr'><strong>versibus</strong></span> <span class='ocrx_word' id='word_1_44' title='bbox 835 1087 904 1160; x_wconf 90' lang='lat' dir='ltr'><strong>apte</strong></span> <span class='ocrx_word' id='word_1_45' title='bbox 927 1079 1070 1160; x_wconf 85' lang='lat' dir='ltr'><strong>quonism</strong></span> <span class='ocrx_word' id='word_1_46' title='bbox 1093 1077 1178 1158; x_wconf 87' lang='lat' dir='ltr'><strong>loqui</strong></span> <span class='ocrx_word' id='word_1_47' title='bbox 1201 1085 1339 1156; x_wconf 75' lang='lat' dir='ltr'><strong>negatur,</strong></span> 
     </span>
     <span class='ocr_line' id='line_1_9' title="bbox 544 1180 1224 1262; baseline 0.003 -23"><span class='ocrx_word' id='word_1_48' title='bbox 544 1185 693 1244; x_wconf 79' lang='lat' dir='ltr'><strong>sroinstsr</strong></span> <span class='ocrx_word' id='word_1_49' title='bbox 716 1180 796 1246; x_wconf 92' lang='lat' dir='ltr'><strong>tituli</strong></span> <span class='ocrx_word' id='word_1_50' title='bbox 819 1181 964 1262; x_wconf 79' lang='lat' dir='ltr'><strong>lulgidula</strong></span> <span class='ocrx_word' id='word_1_51' title='bbox 988 1180 1099 1244; x_wconf 84' lang='lat' dir='ltr'><strong>notabo</strong></span> <span class='ocrx_word' id='word_1_52' title='bbox 1123 1182 1224 1244; x_wconf 91' lang='lat' dir='ltr'><strong>milto:</strong></span> 
     </span>
     <span class='ocr_line' id='line_1_10' title="bbox 597 1281 1399 1367; baseline -0.005 -20"><span class='ocrx_word' id='word_1_53' title='bbox 597 1291 630 1347; x_wconf 85' lang='lat' dir='ltr'><strong>ut</strong></span> <span class='ocrx_word' id='word_1_54' title='bbox 652 1303 803 1367; x_wconf 87' lang='lat' dir='ltr'><strong>quamque</strong></span> <span class='ocrx_word' id='word_1_55' title='bbox 825 1284 998 1366; x_wconf 85' lang='lat' dir='ltr'><strong>loquemur,</strong></span> <span class='ocrx_word' id='word_1_56' title='bbox 1023 1284 1111 1348; x_wconf 82' lang='lat' dir='ltr'><strong>datus</strong></span> <span class='ocrx_word' id='word_1_57' title='bbox 1134 1283 1285 1347; x_wconf 79' lang='lat' dir='ltr'><strong>indicabit</strong></span> <span class='ocrx_word' id='word_1_58' title='bbox 1306 1281 1399 1350; x_wconf 90' lang='lat' dir='ltr'><strong>ordo,</strong></span> 
     </span>
     <span class='ocr_line' id='line_1_11' title="bbox 804 1401 1244 1451; baseline -0.005 0"><span class='ocrx_word' id='word_1_59' title='bbox 804 1403 826 1451; x_wconf 73' lang='lat' dir='ltr'><strong>u</strong></span> <span class='ocrx_word' id='word_1_60' title='bbox 871 1403 893 1450; x_wconf 82' lang='grc' dir='ltr'><strong>ι,</strong></span> <span class='ocrx_word' id='word_1_61' title='bbox 937 1403 964 1450; x_wconf 81' lang='lat' dir='ltr'><strong>u</strong></span> <span class='ocrx_word' id='word_1_62' title='bbox 1009 1402 1033 1449; x_wconf 83' lang='lat' dir='ltr'><strong>rt</strong></span> <span class='ocrx_word' id='word_1_63' title='bbox 1078 1401 1101 1450; x_wconf 79' lang='lat' dir='ltr'>R</span> <span class='ocrx_word' id='word_1_64' title='bbox 1145 1401 1163 1450; x_wconf 86' lang='lat' dir='ltr'><strong>s</strong></span> <span class='ocrx_word' id='word_1_65' title='bbox 1209 1402 1244 1450; x_wconf 88' lang='lat' dir='ltr'><strong>x.</strong></span> 
     </span>
     <span class='ocr_line' id='line_1_12' title="bbox 597 1489 1370 1574; baseline -0.003 -20"><span class='ocrx_word' id='word_1_66' title='bbox 597 1493 691 1554; x_wconf 90' lang='lat' dir='ltr'><strong>imum</strong></span> <span class='ocrx_word' id='word_1_67' title='bbox 715 1493 833 1574; x_wconf 84' lang='lat' dir='ltr'><strong>superis</strong></span> <span class='ocrx_word' id='word_1_68' title='bbox 856 1490 996 1555; x_wconf 87' lang='lat' dir='ltr'><strong>dentibus</strong></span> <span class='ocrx_word' id='word_1_69' title='bbox 1018 1491 1193 1573; x_wconf 87' lang='lat' dir='ltr'><strong>adprimcus</strong></span> <span class='ocrx_word' id='word_1_70' title='bbox 1216 1489 1370 1560; x_wconf 86' lang='lat' dir='ltr'><strong>labellum,</strong></span> 
     </span>
     <span class='ocr_line' id='line_1_13' title="bbox 597 1593 1284 1677; baseline -0.003 -20"><span class='ocrx_word' id='word_1_71' title='bbox 597 1596 762 1677; x_wconf 79' lang='lat' dir='ltr'><strong>spiramine</strong></span> <span class='ocrx_word' id='word_1_72' title='bbox 785 1593 862 1667; x_wconf 87' lang='lat' dir='ltr'><strong>leni,</strong></span> <span class='ocrx_word' id='word_1_73' title='bbox 887 1593 967 1658; x_wconf 85' lang='lat' dir='ltr'><strong>velut</strong></span> <span class='ocrx_word' id='word_1_74' title='bbox 989 1593 1067 1656; x_wconf 88' lang='lat' dir='ltr'><strong>birta</strong></span> <span class='ocrx_word' id='word_1_75' title='bbox 1090 1595 1173 1674; x_wconf 81' lang='lat' dir='ltr'><strong>grcia</strong></span> <span class='ocrx_word' id='word_1_76' title='bbox 1196 1597 1284 1664; x_wconf 76' lang='lat' dir='ltr'><strong>sites,</strong></span> 
     </span>
     <span class='ocr_line' id='line_1_14' title="bbox 598 1695 1444 1780; baseline -0.005 -21"><span class='ocrx_word' id='word_1_77' title='bbox 598 1698 677 1773; x_wconf 76' lang='lat' dir='ltr'><strong>banc</strong></span> <span class='ocrx_word' id='word_1_78' title='bbox 699 1715 753 1760; x_wconf 91' lang='lat' dir='ltr'><strong>ore</strong></span> <span class='ocrx_word' id='word_1_79' title='bbox 776 1695 911 1766; x_wconf 88' lang='lat' dir='ltr'><strong>sonabis.</strong></span> <span class='ocrx_word' id='word_1_80' title='bbox 936 1696 1026 1759; x_wconf 89' lang='lat' dir='ltr'><strong>modo</strong></span> <span class='ocrx_word' id='word_1_81' title='bbox 1049 1715 1127 1780; x_wconf 88' lang='lat' dir='ltr'><strong>quae</strong></span> <span class='ocrx_word' id='word_1_82' title='bbox 1151 1695 1246 1759; x_wconf 84' lang='lat' dir='ltr'><strong>locata</strong></span> <span class='ocrx_word' id='word_1_83' title='bbox 1270 1698 1366 1778; x_wconf 85' lang='lat' dir='ltr'><strong>prims</strong></span> <span class='ocrx_word' id='word_1_84' title='bbox 1392 1705 1444 1757; x_wconf 86' lang='lat' dir='ltr'><strong>cst.</strong></span> 
     </span>
     <span class='ocr_line' id='line_1_15' title="bbox 545 1798 1275 1883; baseline 0.005 -25"><span class='ocrx_word' id='word_1_85' title='bbox 545 1816 584 1858; x_wconf 84' lang='lat' dir='ltr'><strong>aso</strong></span> <span class='ocrx_word' id='word_1_86' title='bbox 599 1800 724 1864; x_wconf 83' lang='lat' dir='ltr'><strong>adversa</strong></span> <span class='ocrx_word' id='word_1_87' title='bbox 746 1798 839 1883; x_wconf 87' lang='lat' dir='ltr'><strong>palati</strong></span> <span class='ocrx_word' id='word_1_88' title='bbox 862 1818 973 1882; x_wconf 82' lang='lat' dir='ltr'><strong>supera</strong></span> <span class='ocrx_word' id='word_1_89' title='bbox 995 1799 1165 1882; x_wconf 87' lang='lat' dir='ltr'><strong>premendo</strong></span> <span class='ocrx_word' id='word_1_90' title='bbox 1189 1809 1275 1882; x_wconf 89' lang='lat' dir='ltr'><strong>parte</strong></span> 
     </span>
     <span class='ocr_line' id='line_1_16' title="bbox 599 1902 1418 1986; baseline -0.001 -22"><span class='ocrx_word' id='word_1_91' title='bbox 599 1902 787 1986; x_wconf 85' lang='lat' dir='ltr'><strong>obstsnsque</strong></span> <span class='ocrx_word' id='word_1_92' title='bbox 810 1922 885 1967; x_wconf 91' lang='lat' dir='ltr'><strong>sono</strong></span> <span class='ocrx_word' id='word_1_93' title='bbox 909 1921 998 1985; x_wconf 88' lang='lat' dir='ltr'><strong>quem</strong></span> <span class='ocrx_word' id='word_1_94' title='bbox 1023 1904 1082 1965; x_wconf 89' lang='lat' dir='ltr'><strong>clet</strong></span> <span class='ocrx_word' id='word_1_95' title='bbox 1105 1903 1169 1986; x_wconf 87' lang='lat' dir='ltr'><strong>ipsa</strong></span> <span class='ocrx_word' id='word_1_96' title='bbox 1192 1904 1294 1983; x_wconf 79' lang='lat' dir='ltr'><strong>lingue</strong></span> <span class='ocrx_word' id='word_1_97' title='bbox 1318 1904 1418 1965; x_wconf 89' lang='lat' dir='ltr'><strong>nitens</strong></span> 
     </span>
     <span class='ocr_line' id='line_1_17' title="bbox 567 2006 1341 2089; baseline 0 -22"><span class='ocrx_word' id='word_1_98' title='bbox 567 2010 575 2017; x_wconf 86' lang='lat'>&#39;</span> <span class='ocrx_word' id='word_1_99' title='bbox 599 2006 728 2069; x_wconf 86' lang='lat' dir='ltr'><strong>validum</strong></span> <span class='ocrx_word' id='word_1_100' title='bbox 752 2009 873 2089; x_wconf 88' lang='lat' dir='ltr'><strong>penitus</strong></span> <span class='ocrx_word' id='word_1_101' title='bbox 895 2009 1000 2070; x_wconf 89' lang='lat' dir='ltr'><strong>nescio</strong></span> <span class='ocrx_word' id='word_1_102' title='bbox 1023 2007 1093 2086; x_wconf 86' lang='lat' dir='ltr'><strong>quid</strong></span> <span class='ocrx_word' id='word_1_103' title='bbox 1117 2023 1227 2069; x_wconf 83' lang='lat' dir='ltr'><strong>souare</strong></span> <span class='ocrx_word' id='word_1_104' title='bbox 1250 2007 1341 2085; x_wconf 82' lang='lat' dir='ltr'><strong>cogit,</strong></span> 
     </span>
     <span class='ocr_line' id='line_1_18' title="bbox 603 2108 1392 2192; baseline -0.004 -19"><span class='ocrx_word' id='word_1_105' title='bbox 603 2129 663 2192; x_wconf 90' lang='lat' dir='ltr'><strong>quo</strong></span> <span class='ocrx_word' id='word_1_106' title='bbox 687 2109 790 2174; x_wconf 89' lang='lat' dir='ltr'><strong>littera</strong></span> <span class='ocrx_word' id='word_1_107' title='bbox 813 2110 850 2174; x_wconf 85' lang='lat' dir='ltr'><strong>sd</strong></span> <span class='ocrx_word' id='word_1_108' title='bbox 873 2129 963 2173; x_wconf 88' lang='lat' dir='ltr'><strong>aures</strong></span> <span class='ocrx_word' id='word_1_109' title='bbox 985 2110 1086 2172; x_wconf 86' lang='lat' dir='ltr'><strong>veniat</strong></span> <span class='ocrx_word' id='word_1_110' title='bbox 1107 2108 1240 2172; x_wconf 79' lang='lat' dir='ltr'><strong>secunda</strong></span> <span class='ocrx_word' id='word_1_111' title='bbox 1264 2116 1392 2180; x_wconf 87' lang='lat' dir='ltr'><strong>nostras,</strong></span> 
     </span>
     <span class='ocr_line' id='line_1_19' title="bbox 599 2211 1329 2294; baseline -0.005 -18"><span class='ocrx_word' id='word_1_112' title='bbox 599 2233 636 2276; x_wconf 87' lang='lat' dir='ltr'><strong>ex</strong></span> <span class='ocrx_word' id='word_1_113' title='bbox 659 2213 767 2276; x_wconf 80' lang='lat' dir='ltr'><strong>ordine</strong></span> <span class='ocrx_word' id='word_1_114' title='bbox 792 2213 910 2294; x_wconf 79' lang='lat' dir='ltr'><strong>lulgcns</strong></span> <span class='ocrx_word' id='word_1_115' title='bbox 933 2214 983 2275; x_wconf 93' lang='lat' dir='ltr'><strong>cui</strong></span> <span class='ocrx_word' id='word_1_116' title='bbox 1008 2213 1059 2276; x_wconf 88' lang='lat' dir='ltr'><strong>dat</strong></span> <span class='ocrx_word' id='word_1_117' title='bbox 1081 2211 1180 2274; x_wconf 88' lang='lat' dir='ltr'><strong>locum</strong></span> <span class='ocrx_word' id='word_1_118' title='bbox 1204 2213 1329 2292; x_wconf 87' lang='lat' dir='ltr'><strong>sinopis.</strong></span> 
     </span>
     <span class='ocr_line' id='line_1_20' title="bbox 547 2314 1292 2398; baseline -0.003 -18"><span class='ocrx_word' id='word_1_119' title='bbox 547 2331 587 2372; x_wconf 68' lang='grc' dir='ltr'><strong>ιιι</strong></span> <span class='ocrx_word' id='word_1_120' title='bbox 601 2326 631 2380; x_wconf 87' lang='lat' dir='ltr'><strong>st</strong></span> <span class='ocrx_word' id='word_1_121' title='bbox 655 2320 744 2380; x_wconf 89' lang='lat' dir='ltr'><strong>tertia</strong></span> <span class='ocrx_word' id='word_1_122' title='bbox 768 2314 871 2380; x_wconf 86' lang='lat' dir='ltr'><strong>clauso</strong></span> <span class='ocrx_word' id='word_1_123' title='bbox 894 2319 980 2398; x_wconf 88' lang='lat' dir='ltr'><strong>quasi</strong></span> <span class='ocrx_word' id='word_1_124' title='bbox 1004 2317 1101 2397; x_wconf 82' lang='lat' dir='ltr'><strong>mugit</strong></span> <span class='ocrx_word' id='word_1_125' title='bbox 1122 2319 1204 2379; x_wconf 85' lang='lat' dir='ltr'><strong>inlus</strong></span> <span class='ocrx_word' id='word_1_126' title='bbox 1227 2333 1292 2378; x_wconf 89' lang='lat' dir='ltr'><strong>ore.</strong></span> 
     </span>
     <span class='ocr_line' id='line_1_21' title="bbox 601 2417 1328 2501; baseline -0.004 -18"><span class='ocrx_word' id='word_1_127' title='bbox 601 2429 728 2500; x_wconf 88' lang='lat' dir='ltr'><strong>quartae</strong></span> <span class='ocrx_word' id='word_1_128' title='bbox 751 2423 869 2483; x_wconf 90' lang='lat' dir='ltr'><strong>sonitus</strong></span> <span class='ocrx_word' id='word_1_129' title='bbox 892 2420 994 2498; x_wconf 77' lang='lat' dir='ltr'><strong>ligitur</strong></span> <span class='ocrx_word' id='word_1_130' title='bbox 1018 2437 1114 2501; x_wconf 87' lang='lat' dir='ltr'><strong>usquc</strong></span> <span class='ocrx_word' id='word_1_131' title='bbox 1137 2417 1194 2481; x_wconf 89' lang='lat' dir='ltr'><strong>sub</strong></span> <span class='ocrx_word' id='word_1_132' title='bbox 1219 2417 1328 2500; x_wconf 87' lang='lat' dir='ltr'><strong>palato,</strong></span> 
     </span>
     <span class='ocr_line' id='line_1_22' title="bbox 599 2521 1308 2606; baseline -0.003 -22"><span class='ocrx_word' id='word_1_133' title='bbox 599 2541 660 2606; x_wconf 88' lang='lat' dir='ltr'><strong>quo</strong></span> <span class='ocrx_word' id='word_1_134' title='bbox 683 2521 944 2604; x_wconf 76' lang='lat' dir='ltr'><strong>spiritus&#39;anccps</strong></span> <span class='ocrx_word' id='word_1_135' title='bbox 966 2533 1053 2585; x_wconf 89' lang='lat' dir='ltr'><strong>cocat</strong></span> <span class='ocrx_word' id='word_1_136' title='bbox 1075 2525 1159 2585; x_wconf 82' lang='lat' dir='ltr'><strong>naris</strong></span> <span class='ocrx_word' id='word_1_137' title='bbox 1183 2532 1213 2584; x_wconf 90' lang='lat' dir='ltr'><strong>et</strong></span> <span class='ocrx_word' id='word_1_138' title='bbox 1235 2523 1308 2583; x_wconf 90' lang='lat' dir='ltr'><strong>oris.</strong></span> 
     </span>
     <span class='ocr_line' id='line_1_23' title="bbox 600 2625 1302 2689; baseline 0 -3"><span class='ocrx_word' id='word_1_139' title='bbox 600 2626 699 2689; x_wconf 82' lang='lat' dir='ltr'><strong>vibrat</strong></span> <span class='ocrx_word' id='word_1_140' title='bbox 721 2625 859 2688; x_wconf 84' lang='lat' dir='ltr'><strong>tremulis</strong></span> <span class='ocrx_word' id='word_1_141' title='bbox 881 2625 994 2688; x_wconf 84' lang='lat' dir='ltr'><strong>ictibus</strong></span> <span class='ocrx_word' id='word_1_142' title='bbox 1017 2625 1137 2688; x_wconf 86' lang='lat' dir='ltr'><strong>aridum</strong></span> <span class='ocrx_word' id='word_1_143' title='bbox 1160 2643 1302 2687; x_wconf 88' lang='lat' dir='ltr'><strong>sonorem</strong></span> 
     </span>
     <span class='ocr_line' id='line_1_24' title="bbox 599 2725 1449 2811; baseline -0.001 -20"><span class='ocrx_word' id='word_1_144' title='bbox 599 2728 655 2792; x_wconf 87' lang='lat' dir='ltr'><strong>bas</strong></span> <span class='ocrx_word' id='word_1_145' title='bbox 678 2747 755 2811; x_wconf 83' lang='lat' dir='ltr'><strong>qtrae</strong></span> <span class='ocrx_word' id='word_1_146' title='bbox 779 2732 918 2811; x_wconf 86' lang='lat' dir='ltr'><strong>sequitur</strong></span> <span class='ocrx_word' id='word_1_147' title='bbox 941 2727 1049 2790; x_wconf 89' lang='lat' dir='ltr'><strong>littera.</strong></span> <span class='ocrx_word' id='word_1_148' title='bbox 1098 2747 1165 2790; x_wconf 82' lang='lat' dir='ltr'><strong>mor</strong></span> <span class='ocrx_word' id='word_1_149' title='bbox 1190 2725 1266 2790; x_wconf 84' lang='lat' dir='ltr'><strong>duae</strong></span> <span class='ocrx_word' id='word_1_150' title='bbox 1289 2744 1449 2807; x_wconf 84' lang='lat' dir='ltr'><strong>supremae</strong></span> 
     </span>
     <span class='ocr_line' id='line_1_25' title="bbox 547 2831 1292 2912; baseline 0.003 -22"><span class='ocrx_word' id='word_1_151' title='bbox 547 2849 587 2890; x_wconf 82' lang='lat' dir='ltr'><strong>aso</strong></span> <span class='ocrx_word' id='word_1_152' title='bbox 601 2835 698 2896; x_wconf 88' lang='lat' dir='ltr'><strong>vicina</strong></span> <span class='ocrx_word' id='word_1_153' title='bbox 722 2834 843 2912; x_wconf 83' lang='lat' dir='ltr'><strong>quitiam</strong></span> <span class='ocrx_word' id='word_1_154' title='bbox 866 2831 953 2894; x_wconf 86' lang='lat' dir='ltr'><strong>sibila</strong></span> <span class='ocrx_word' id='word_1_155' title='bbox 976 2831 1120 2894; x_wconf 84' lang='lat' dir='ltr'><strong>dentibus</strong></span> <span class='ocrx_word' id='word_1_156' title='bbox 1142 2833 1292 2912; x_wconf 83' lang='lat' dir='ltr'><strong>repressis</strong></span> 
     </span>
     <span class='ocr_line' id='line_1_26' title="bbox 601 2935 1310 3025; baseline -0.003 -27"><span class='ocrx_word' id='word_1_157' title='bbox 601 2939 731 2998; x_wconf 83' lang='lat' dir='ltr'><strong>miscere</strong></span> <span class='ocrx_word' id='word_1_158' title='bbox 754 2935 908 3025; x_wconf 85' lang='lat' dir='ltr'><strong>ridentur:</strong></span> <span class='ocrx_word' id='word_1_159' title='bbox 934 2943 1034 2997; x_wconf 87' lang='lat' dir='ltr'><strong>tamen</strong></span> <span class='ocrx_word' id='word_1_160' title='bbox 1057 2937 1136 2998; x_wconf 85' lang='lat' dir='ltr'><strong>ictus</strong></span> <span class='ocrx_word' id='word_1_161' title='bbox 1159 2943 1193 2997; x_wconf 89' lang='lat' dir='ltr'><strong>ut</strong></span> <span class='ocrx_word' id='word_1_162' title='bbox 1215 2935 1310 3014; x_wconf 91' lang='lat' dir='ltr'><strong>priori</strong></span> 
     </span>
     <span class='ocr_line' id='line_1_27' title="bbox 602 3035 1439 3121; baseline -0.005 -19"><span class='ocrx_word' id='word_1_163' title='bbox 602 3049 631 3102; x_wconf 85' lang='lat' dir='ltr'><strong>et</strong></span> <span class='ocrx_word' id='word_1_164' title='bbox 653 3047 811 3121; x_wconf 90' lang='lat' dir='ltr'><strong>promptus</strong></span> <span class='ocrx_word' id='word_1_165' title='bbox 834 3042 865 3100; x_wconf 92' lang='lat' dir='ltr'><strong>in</strong></span> <span class='ocrx_word' id='word_1_166' title='bbox 891 3056 943 3100; x_wconf 91' lang='lat' dir='ltr'><strong>ore</strong></span> <span class='ocrx_word' id='word_1_167' title='bbox 967 3047 1013 3101; x_wconf 84' lang='lat' dir='ltr'><strong>cst</strong></span> <span class='ocrx_word' id='word_1_168' title='bbox 1035 3040 1197 3120; x_wconf 77' lang='lat' dir='ltr'><strong>agiturque</strong></span> <span class='ocrx_word' id='word_1_169' title='bbox 1221 3055 1301 3118; x_wconf 83' lang='lat' dir='ltr'><strong>ponc</strong></span> <span class='ocrx_word' id='word_1_170' title='bbox 1325 3035 1439 3108; x_wconf 88' lang='lat' dir='ltr'><strong>dentes,</strong></span> 
     </span>
     <span class='ocr_line' id='line_1_28' title="bbox 568 3141 1350 3204; baseline -0.003 0"><span class='ocrx_word' id='word_1_171' title='bbox 568 3169 573 3180; x_wconf 95' lang='lat'>·</span> <span class='ocrx_word' id='word_1_172' title='bbox 602 3144 646 3204; x_wconf 90' lang='lat' dir='ltr'><strong>sic</strong></span> <span class='ocrx_word' id='word_1_173' title='bbox 669 3142 744 3204; x_wconf 83' lang='lat' dir='ltr'><strong>levis</strong></span> <span class='ocrx_word' id='word_1_174' title='bbox 767 3151 797 3203; x_wconf 89' lang='lat' dir='ltr'><strong>ct</strong></span> <span class='ocrx_word' id='word_1_175' title='bbox 820 3159 914 3204; x_wconf 94' lang='lat' dir='ltr'><strong>unum</strong></span> <span class='ocrx_word' id='word_1_176' title='bbox 939 3143 998 3203; x_wconf 87' lang='lat' dir='ltr'><strong>ciet</strong></span> <span class='ocrx_word' id='word_1_177' title='bbox 1021 3141 1150 3203; x_wconf 87' lang='lat' dir='ltr'><strong>auribus</strong></span> <span class='ocrx_word' id='word_1_178' title='bbox 1171 3159 1350 3204; x_wconf 84' lang='lat' dir='ltr'><strong>susurrum:</strong></span> 
     </span>
     <span class='ocr_line' id='line_1_29' title="bbox 605 3245 1374 3325; baseline 0 -19"><span class='ocrx_word' id='word_1_179' title='bbox 605 3247 735 3306; x_wconf 87' lang='lat' dir='ltr'><strong>mixtura</strong></span> <span class='ocrx_word' id='word_1_180' title='bbox 759 3245 909 3307; x_wconf 89' lang='lat' dir='ltr'><strong>secundae</strong></span> <span class='ocrx_word' id='word_1_181' title='bbox 932 3246 1088 3324; x_wconf 81' lang='lat' dir='ltr'><strong>geminum</strong></span> <span class='ocrx_word' id='word_1_182' title='bbox 1113 3255 1199 3325; x_wconf 82' lang='lat' dir='ltr'><strong>parat</strong></span> <span class='ocrx_word' id='word_1_183' title='bbox 1222 3262 1374 3320; x_wconf 88' lang='lat' dir='ltr'><strong>sonorem,</strong></span> 
     </span>
     <span class='ocr_line' id='line_1_30' title="bbox 557 3346 1451 3429; baseline 0.007 -26"><span class='ocrx_word' id='word_1_184' title='bbox 557 3363 596 3403; x_wconf 75' lang='lat' dir='ltr'><strong>rao</strong></span> <span class='ocrx_word' id='word_1_185' title='bbox 610 3351 681 3427; x_wconf 86' lang='lat' dir='ltr'><strong>quia</strong></span> <span class='ocrx_word' id='word_1_186' title='bbox 705 3360 725 3408; x_wconf 88' lang='lat' dir='ltr'><strong>c</strong></span> <span class='ocrx_word' id='word_1_187' title='bbox 749 3346 835 3408; x_wconf 89' lang='lat' dir='ltr'><strong>simul</strong></span> <span class='ocrx_word' id='word_1_188' title='bbox 860 3355 987 3429; x_wconf 86' lang='lat' dir='ltr'><strong>atquae</strong></span> <span class='ocrx_word' id='word_1_189' title='bbox 1010 3349 1096 3426; x_wconf 93' lang='lat' dir='ltr'><strong>prior</strong></span> <span class='ocrx_word' id='word_1_190' title='bbox 1119 3356 1167 3409; x_wconf 87' lang='lat' dir='ltr'><strong>est</strong></span> <span class='ocrx_word' id='word_1_191' title='bbox 1187 3347 1317 3426; x_wconf 81' lang='lat' dir='ltr'><strong>iugsndo</strong></span> <span class='ocrx_word' id='word_1_192' title='bbox 1340 3349 1451 3419; x_wconf 85' lang='lat' dir='ltr'><strong>nisum.</strong></span> 
     </span>
     <span class='ocr_line' id='line_1_31' title="bbox 603 3449 1432 3533; baseline 0 -21"><span class='ocrx_word' id='word_1_193' title='bbox 603 3461 758 3514; x_wconf 83' lang='lat' dir='ltr'><strong>retrorsus</strong></span> <span class='ocrx_word' id='word_1_194' title='bbox 780 3451 917 3512; x_wconf 83' lang='lat' dir='ltr'><strong>adactam</strong></span> <span class='ocrx_word' id='word_1_195' title='bbox 941 3449 1070 3513; x_wconf 86' lang='lat' dir='ltr'><strong>solidant</strong></span> <span class='ocrx_word' id='word_1_196' title='bbox 1091 3460 1295 3533; x_wconf 86' lang='lat' dir='ltr'><strong>premuntque</strong></span> <span class='ocrx_word' id='word_1_197' title='bbox 1318 3469 1432 3512; x_wconf 87' lang='lat' dir='ltr'><strong>vocem.</strong></span> 
     </span>
    </p>
   </div>
   <div class='ocr_carea' id='block_1_3' title="bbox 373 3607 577 3617">
    <p class='ocr_par' dir='ltr' id='par_1_3' title="bbox 373 3607 577 3617">
     <span class='ocr_line' id='line_1_32' title="bbox 373 3607 577 3617; baseline -0.005 -1"><span class='ocrx_word' id='word_1_198' title='bbox 373 3607 577 3617; x_wconf 75' lang='lat'>-..-—.-———-</span> 
     </span>
    </p>
   </div>
   <div class='ocr_carea' id='block_1_4' title="bbox 437 3673 1273 3739">
    <p class='ocr_par' dir='ltr' id='par_1_4' title="bbox 437 3673 1273 3739">
     <span class='ocr_line' id='line_1_33' title="bbox 437 3673 1273 3739; baseline -0.002 -13"><span class='ocrx_word' id='word_1_199' title='bbox 437 3675 574 3726; x_wconf 82' lang='grc'><strong>222-226</strong></span> <span class='ocrx_word' id='word_1_200' title='bbox 593 3691 614 3727; x_wconf 78' lang='grc' dir='ltr'><strong>ιι.</strong></span> <span class='ocrx_word' id='word_1_201' title='bbox 634 3677 775 3726; x_wconf 78' lang='grc'><strong>822-825</strong></span> <span class='ocrx_word' id='word_1_202' title='bbox 845 3675 896 3726; x_wconf 76' lang='grc'><strong>234</strong></span> <span class='ocrx_word' id='word_1_203' title='bbox 915 3673 1000 3724; x_wconf 80' lang='lat' dir='ltr'><strong>Prisc.</strong></span> <span class='ocrx_word' id='word_1_204' title='bbox 1018 3676 1035 3725; x_wconf 89' lang='lat' dir='ltr'><strong>l.</strong></span> <span class='ocrx_word' id='word_1_205' title='bbox 1057 3673 1134 3724; x_wconf 80' lang='lat' dir='ltr'><strong>xiil</strong></span> <span class='ocrx_word' id='word_1_206' title='bbox 1152 3691 1178 3739; x_wconf 87' lang='lat' dir='ltr'><strong>p.</strong></span> <span class='ocrx_word' id='word_1_207' title='bbox 1198 3677 1238 3734; x_wconf 79' lang='lat'><strong>11,</strong></span> <span class='ocrx_word' id='word_1_208' title='bbox 1258 3679 1273 3725; x_wconf 85' lang='lat'><em>1</em></span> 
     </span>
    </p>
   </div>
   <div class='ocr_carea' id='block_1_5' title="bbox 373 3797 579 3806">
    <p class='ocr_par' dir='ltr' id='par_1_5' title="bbox 373 3797 579 3806">
     <span class='ocr_line' id='line_1_34' title="bbox 373 3797 579 3806; baseline -0.01 0"><span class='ocrx_word' id='word_1_209' title='bbox 373 3797 579 3806; x_wconf 45' lang='grc' dir='ltr'>...ῳ-</span> 
     </span>
    </p>
   </div>
   <div class='ocr_carea' id='block_1_6' title="bbox 295 3859 1693 4959">
    <p class='ocr_par' dir='ltr' id='par_1_6' title="bbox 295 3859 1693 4356">
     <span class='ocr_line' id='line_1_35' title="bbox 440 3859 1691 3930; baseline -0.004 -15"><span class='ocrx_word' id='word_1_210' title='bbox 440 3866 491 3916; x_wconf 82' lang='grc'><strong>219</strong></span> <span class='ocrx_word' id='word_1_211' title='bbox 511 3863 581 3914; x_wconf 78' lang='lat' dir='ltr'><strong>solas</strong></span> <span class='ocrx_word' id='word_1_212' title='bbox 596 3861 736 3914; x_wconf 83' lang='lat' dir='ltr'><strong>Santenirrs</strong></span> <span class='ocrx_word' id='word_1_213' title='bbox 748 3862 805 3913; x_wconf 88' lang='lat' dir='ltr'><strong>solo</strong></span> <span class='ocrx_word' id='word_1_214' title='bbox 822 3863 856 3912; x_wconf 83' lang='lat' dir='ltr'><em>M</em></span> <span class='ocrx_word' id='word_1_215' title='bbox 871 3862 958 3912; x_wconf 81' lang='lat' dir='ltr'><strong>solum</strong></span> <span class='ocrx_word' id='word_1_216' title='bbox 976 3861 1117 3914; x_wconf 76' lang='lat' dir='ltr'><strong>Brissaeus</strong></span> <span class='ocrx_word' id='word_1_217' title='bbox 1187 3864 1236 3914; x_wconf 82' lang='grc'><strong>221</strong></span> <span class='ocrx_word' id='word_1_218' title='bbox 1257 3863 1380 3914; x_wconf 82' lang='lat' dir='ltr'><strong>rlranruos</strong></span> <span class='ocrx_word' id='word_1_219' title='bbox 1395 3863 1516 3930; x_wconf 71' lang='lat' dir='ltr'><strong>Micyllus</strong></span> <span class='ocrx_word' id='word_1_220' title='bbox 1529 3859 1691 3912; x_wconf 70' lang='lat' dir='ltr'><strong>arruntius</strong></span> 
     </span>
     <span class='ocr_line' id='line_1_36' title="bbox 371 3948 1692 4015; baseline -0.006 -11"><span class='ocrx_word' id='word_1_221' title='bbox 371 3953 401 4004; x_wconf 89' lang='lat' dir='ltr'><em>M</em></span> <span class='ocrx_word' id='word_1_222' title='bbox 420 3952 558 4002; x_wconf 85' lang='lat' dir='ltr'><strong>rhamnum</strong></span> <span class='ocrx_word' id='word_1_223' title='bbox 577 3949 649 4013; x_wconf 83' lang='lat' dir='ltr'><strong>infra</strong></span> <span class='ocrx_word' id='word_1_224' title='bbox 666 3967 689 3999; x_wconf 86' lang='lat' dir='ltr'><strong>o.</strong></span> <span class='ocrx_word' id='word_1_225' title='bbox 711 3951 759 4001; x_wconf 78' lang='lat'><strong>788</strong></span> <span class='ocrx_word' id='word_1_226' title='bbox 779 3949 901 4000; x_wconf 86' lang='lat' dir='ltr'><strong>rhombos</strong></span> <span class='ocrx_word' id='word_1_227' title='bbox 922 3949 1024 3999; x_wconf 83' lang='lat' dir='ltr'><strong>Marius</strong></span> <span class='ocrx_word' id='word_1_228' title='bbox 1042 3948 1192 3999; x_wconf 74' lang='lat' dir='ltr'><strong>Victorinus</strong></span> <span class='ocrx_word' id='word_1_229' title='bbox 1208 3965 1235 4014; x_wconf 90' lang='lat' dir='ltr'><strong>p.</strong></span> <span class='ocrx_word' id='word_1_230' title='bbox 1257 3951 1302 4012; x_wconf 77' lang='lat' dir='ltr'><strong>tt,</strong></span> <span class='ocrx_word' id='word_1_231' title='bbox 1322 3951 1338 3998; x_wconf 87' lang='grc'><em>6</em></span> <span class='ocrx_word' id='word_1_232' title='bbox 1407 3950 1458 4000; x_wconf 86' lang='grc'><strong>223</strong></span> <span class='ocrx_word' id='word_1_233' title='bbox 1478 3961 1539 4015; x_wconf 90' lang='lat' dir='ltr'><strong>pota</strong></span> <span class='ocrx_word' id='word_1_234' title='bbox 1558 3948 1692 3998; x_wconf 78' lang='lat' dir='ltr'><strong>nominare</strong></span> 
     </span>
     <span class='ocr_line' id='line_1_37' title="bbox 371 4031 1637 4100; baseline -0.004 -12"><span class='ocrx_word' id='word_1_235' title='bbox 371 4052 457 4090; x_wconf 85' lang='lat' dir='ltr'><strong>sermo</strong></span> <span class='ocrx_word' id='word_1_236' title='bbox 482 4036 663 4087; x_wconf 83' lang='lat' dir='ltr'><strong>Lacbmaanus</strong></span> <span class='ocrx_word' id='word_1_237' title='bbox 682 4043 768 4100; x_wconf 86' lang='lat' dir='ltr'><strong>potest</strong></span> <span class='ocrx_word' id='word_1_238' title='bbox 787 4037 922 4086; x_wconf 85' lang='lat' dir='ltr'><strong>nominare</strong></span> <span class='ocrx_word' id='word_1_239' title='bbox 940 4045 1026 4084; x_wconf 86' lang='lat' dir='ltr'><strong>sermo</strong></span> <span class='ocrx_word' id='word_1_240' title='bbox 1046 4031 1077 4082; x_wconf 97' lang='lat' dir='ltr'><em>M</em></span> <span class='ocrx_word' id='word_1_241' title='bbox 1095 4045 1155 4098; x_wconf 92' lang='lat' dir='ltr'><strong>pote</strong></span> <span class='ocrx_word' id='word_1_242' title='bbox 1179 4036 1313 4086; x_wconf 79' lang='lat' dir='ltr'><strong>nominor-e</strong></span> <span class='ocrx_word' id='word_1_243' title='bbox 1336 4047 1422 4085; x_wconf 82' lang='lat' dir='ltr'><strong>sermo</strong></span> <span class='ocrx_word' id='word_1_244' title='bbox 1439 4045 1479 4083; x_wconf 87' lang='lat' dir='ltr'><strong>est</strong></span> <span class='ocrx_word' id='word_1_245' title='bbox 1497 4033 1637 4084; x_wconf 81' lang='lat' dir='ltr'><strong>Sontesius</strong></span> 
     </span>
     <span class='ocr_line' id='line_1_38' title="bbox 370 4119 1693 4184; baseline -0.005 -10"><span class='ocrx_word' id='word_1_246' title='bbox 370 4125 421 4174; x_wconf 86' lang='grc'><strong>228</strong></span> <span class='ocrx_word' id='word_1_247' title='bbox 445 4122 483 4172; x_wconf 82' lang='lat' dir='ltr'><strong>vel</strong></span> <span class='ocrx_word' id='word_1_248' title='bbox 504 4132 532 4173; x_wconf 88' lang='lat' dir='ltr'><strong>ut</strong></span> <span class='ocrx_word' id='word_1_249' title='bbox 549 4121 573 4176; x_wconf 81' lang='lat' dir='ltr'><strong>b.</strong></span> <span class='ocrx_word' id='word_1_250' title='bbox 593 4137 615 4171; x_wconf 85' lang='lat' dir='ltr'><strong>s.</strong></span> <span class='ocrx_word' id='word_1_251' title='bbox 634 4122 689 4170; x_wconf 87' lang='lat' dir='ltr'><strong>sive</strong></span> <span class='ocrx_word' id='word_1_252' title='bbox 707 4121 743 4169; x_wconf 85' lang='lat' dir='ltr'><strong>ita</strong></span> <span class='ocrx_word' id='word_1_253' title='bbox 763 4132 790 4170; x_wconf 91' lang='lat' dir='ltr'><strong>ut</strong></span> <span class='ocrx_word' id='word_1_254' title='bbox 809 4122 943 4171; x_wconf 65' lang='lat' dir='ltr'><strong>Doricest&#39;us</strong></span> <span class='ocrx_word' id='word_1_255' title='bbox 960 4121 1030 4172; x_wconf 83' lang='lat' dir='ltr'><strong>misc.</strong></span> <span class='ocrx_word' id='word_1_256' title='bbox 1043 4121 1100 4169; x_wconf 84' lang='lat' dir='ltr'><strong>crit.</strong></span> <span class='ocrx_word' id='word_1_257' title='bbox 1113 4137 1140 4184; x_wconf 90' lang='lat' dir='ltr'><strong>p.</strong></span> <span class='ocrx_word' id='word_1_258' title='bbox 1161 4122 1212 4170; x_wconf 79' lang='grc'><strong>139</strong></span> <span class='ocrx_word' id='word_1_259' title='bbox 1282 4121 1397 4171; x_wconf 79' lang='lat' dir='ltr'><strong>uersibus</strong></span> <span class='ocrx_word' id='word_1_260' title='bbox 1409 4121 1467 4170; x_wconf 83' lang='grc'><strong>229.</strong></span> <span class='ocrx_word' id='word_1_261' title='bbox 1488 4121 1547 4170; x_wconf 77' lang='grc'><strong>288.</strong></span> <span class='ocrx_word' id='word_1_262' title='bbox 1560 4121 1619 4170; x_wconf 77' lang='grc'><strong>235.</strong></span> <span class='ocrx_word' id='word_1_263' title='bbox 1633 4119 1693 4171; x_wconf 80' lang='grc'><strong>236.</strong></span> 
     </span>
     <span class='ocr_line' id='line_1_39' title="bbox 370 4202 1691 4272; baseline -0.001 -14"><span class='ocrx_word' id='word_1_264' title='bbox 370 4210 430 4258; x_wconf 86' lang='grc'><strong>238.</strong></span> <span class='ocrx_word' id='word_1_265' title='bbox 454 4210 512 4258; x_wconf 75' lang='grc'><strong>242,</strong></span> <span class='ocrx_word' id='word_1_266' title='bbox 537 4209 597 4257; x_wconf 76' lang='lat' dir='ltr'><strong>att.</strong></span> <span class='ocrx_word' id='word_1_267' title='bbox 618 4207 677 4257; x_wconf 77' lang='lat'><strong>245.</strong></span> <span class='ocrx_word' id='word_1_268' title='bbox 696 4208 746 4258; x_wconf 75' lang='lat'><strong>246</strong></span> <span class='ocrx_word' id='word_1_269' title='bbox 770 4207 873 4257; x_wconf 77' lang='lat' dir='ltr'><strong>litterae</strong></span> <span class='ocrx_word' id='word_1_270' title='bbox 896 4209 929 4257; x_wconf 84' lang='lat' dir='ltr'><strong>de</strong></span> <span class='ocrx_word' id='word_1_271' title='bbox 953 4205 1044 4272; x_wconf 79' lang='lat' dir='ltr'><strong>quibus</strong></span> <span class='ocrx_word' id='word_1_272' title='bbox 1062 4205 1148 4271; x_wconf 80' lang='lat' dir='ltr'><strong>capitur</strong></span> <span class='ocrx_word' id='word_1_273' title='bbox 1166 4207 1191 4256; x_wconf 85' lang='lat' dir='ltr'><strong>in</strong></span> <span class='ocrx_word' id='word_1_274' title='bbox 1211 4205 1242 4255; x_wconf 89' lang='lat' dir='ltr'><em>M</em></span> <span class='ocrx_word' id='word_1_275' title='bbox 1258 4207 1418 4271; x_wconf 79' lang='lat' dir='ltr'><strong>praemissae</strong></span> <span class='ocrx_word' id='word_1_276' title='bbox 1435 4211 1502 4264; x_wconf 78' lang='lat' dir='ltr'><strong>suat,</strong></span> <span class='ocrx_word' id='word_1_277' title='bbox 1521 4204 1549 4258; x_wconf 84' lang='lat' dir='ltr'><strong>F.</strong></span> <span class='ocrx_word' id='word_1_278' title='bbox 1567 4203 1642 4263; x_wconf 88' lang='lat' dir='ltr'><strong>banc,</strong></span> <span class='ocrx_word' id='word_1_279' title='bbox 1661 4202 1691 4258; x_wconf 88' lang='lat' dir='ltr'><strong>L.</strong></span> 
     </span>
     <span class='ocr_line' id='line_1_40' title="bbox 295 4278 1691 4356; baseline -0.002 -13"><span class='ocrx_word' id='word_1_280' title='bbox 295 4327 297 4330; x_wconf 93' lang='lat'>-</span> <span class='ocrx_word' id='word_1_281' title='bbox 371 4307 432 4356; x_wconf 89' lang='lat' dir='ltr'><strong>quo,</strong></span> <span class='ocrx_word' id='word_1_282' title='bbox 462 4293 496 4345; x_wconf 89' lang='grc' dir='ltr'><strong>Μ.</strong></span> <span class='ocrx_word' id='word_1_283' title='bbox 517 4307 555 4352; x_wconf 84' lang='lat' dir='ltr'><strong>nt,</strong></span> <span class='ocrx_word' id='word_1_284' title='bbox 581 4289 610 4345; x_wconf 92' lang='lat' dir='ltr'><strong>N.</strong></span> <span class='ocrx_word' id='word_1_285' title='bbox 630 4303 749 4355; x_wconf 81' lang='lat' dir='ltr'><strong>quartae,</strong></span> <span class='ocrx_word' id='word_1_286' title='bbox 777 4291 803 4340; x_wconf 86' lang='lat' dir='ltr'><strong>li.</strong></span> <span class='ocrx_word' id='word_1_287' title='bbox 824 4293 922 4351; x_wconf 82' lang='lat' dir='ltr'><strong>albrat,</strong></span> <span class='ocrx_word' id='word_1_288' title='bbox 948 4278 975 4346; x_wconf 85' lang='lat' dir='ltr'><strong>S.</strong></span> <span class='ocrx_word' id='word_1_289' title='bbox 995 4303 1141 4356; x_wconf 86' lang='lat' dir='ltr'><strong>promptus,</strong></span> <span class='ocrx_word' id='word_1_290' title='bbox 1165 4289 1199 4341; x_wconf 77' lang='lat' dir='ltr'><strong>X.</strong></span> <span class='ocrx_word' id='word_1_291' title='bbox 1218 4293 1340 4350; x_wconf 87' lang='lat' dir='ltr'><strong>mixtura,</strong></span> <span class='ocrx_word' id='word_1_292' title='bbox 1365 4291 1392 4346; x_wconf 83' lang='lat' dir='ltr'><strong>S.</strong></span> <span class='ocrx_word' id='word_1_293' title='bbox 1411 4291 1481 4353; x_wconf 90' lang='lat' dir='ltr'><strong>quia,</strong></span> <span class='ocrx_word' id='word_1_294' title='bbox 1506 4287 1537 4342; x_wconf 83' lang='lat' dir='ltr'><strong>X.</strong></span> <span class='ocrx_word' id='word_1_295' title='bbox 1563 4303 1691 4340; x_wconf 85' lang='lat' dir='ltr'><strong>retrorsus</strong></span> 
     </span>
    </p>

    <p class='ocr_par' dir='ltr' id='par_1_7' title="bbox 371 4375 1693 4702">
     <span class='ocr_line' id='line_1_41' title="bbox 441 4375 1687 4444; baseline -0.002 -16"><span class='ocrx_word' id='word_1_296' title='bbox 441 4379 492 4430; x_wconf 85' lang='grc'><strong>232</strong></span> <span class='ocrx_word' id='word_1_297' title='bbox 511 4377 574 4442; x_wconf 92' lang='lat' dir='ltr'><strong>quid</strong></span> <span class='ocrx_word' id='word_1_298' title='bbox 598 4378 664 4428; x_wconf 82' lang='lat' dir='ltr'><strong>iuire</strong></span> <span class='ocrx_word' id='word_1_299' title='bbox 692 4379 763 4444; x_wconf 83' lang='lat' dir='ltr'><strong>cogit</strong></span> <span class='ocrx_word' id='word_1_300' title='bbox 783 4378 813 4428; x_wconf 87' lang='lat' dir='ltr'><em>M</em></span> <span class='ocrx_word' id='word_1_301' title='bbox 836 4377 899 4441; x_wconf 88' lang='lat' dir='ltr'><strong>quid</strong></span> <span class='ocrx_word' id='word_1_302' title='bbox 925 4379 998 4443; x_wconf 81' lang='lat' dir='ltr'><strong>cogit</strong></span> <span class='ocrx_word' id='word_1_303' title='bbox 1024 4378 1089 4427; x_wconf 91' lang='lat' dir='ltr'><strong>inice</strong></span> <span class='ocrx_word' id='word_1_304' title='bbox 1120 4377 1329 4441; x_wconf 82' lang='lat' dir='ltr'><strong>Brissaeusquicl</strong></span> <span class='ocrx_word' id='word_1_305' title='bbox 1354 4376 1428 4427; x_wconf 86' lang='lat' dir='ltr'><strong>tinire</strong></span> <span class='ocrx_word' id='word_1_306' title='bbox 1453 4377 1525 4441; x_wconf 82' lang='lat' dir='ltr'><strong>cogit</strong></span> <span class='ocrx_word' id='word_1_307' title='bbox 1543 4375 1687 4426; x_wconf 81' lang='lat' dir='ltr'><strong>Lacbmcrr-</strong></span> 
     </span>
     <span class='ocr_line' id='line_1_42' title="bbox 371 4461 1641 4530; baseline -0.005 -14"><span class='ocrx_word' id='word_1_308' title='bbox 371 4480 427 4518; x_wconf 84' lang='lat' dir='ltr'><strong>aus.</strong></span> <span class='ocrx_word' id='word_1_309' title='bbox 499 4465 550 4516; x_wconf 81' lang='grc'><strong>234</strong></span> <span class='ocrx_word' id='word_1_310' title='bbox 568 4478 601 4513; x_wconf 81' lang='lat' dir='ltr'><strong>cx</strong></span> <span class='ocrx_word' id='word_1_311' title='bbox 621 4463 711 4514; x_wconf 86' lang='lat' dir='ltr'><strong>ordine</strong></span> <span class='ocrx_word' id='word_1_312' title='bbox 728 4463 832 4530; x_wconf 77' lang='lat' dir='ltr'><strong>fulgens</strong></span> <span class='ocrx_word' id='word_1_313' title='bbox 852 4463 894 4513; x_wconf 93' lang='lat' dir='ltr'><strong>cni</strong></span> <span class='ocrx_word' id='word_1_314' title='bbox 912 4463 957 4512; x_wconf 88' lang='lat' dir='ltr'><strong>dat</strong></span> <span class='ocrx_word' id='word_1_315' title='bbox 976 4477 1068 4513; x_wconf 89' lang='lat' dir='ltr'><strong>nomen</strong></span> <span class='ocrx_word' id='word_1_316' title='bbox 1089 4465 1196 4530; x_wconf 86' lang='lat' dir='ltr'><strong>sinopes</strong></span> <span class='ocrx_word' id='word_1_317' title='bbox 1216 4463 1367 4515; x_wconf 77' lang='lat' dir='ltr'><strong>Priscianus</strong></span> <span class='ocrx_word' id='word_1_318' title='bbox 1385 4467 1402 4514; x_wconf 89' lang='lat' dir='ltr'><strong>l.</strong></span> <span class='ocrx_word' id='word_1_319' title='bbox 1421 4461 1500 4514; x_wconf 77' lang='lat' dir='ltr'><em>XIII</em></span> <span class='ocrx_word' id='word_1_320' title='bbox 1518 4478 1545 4528; x_wconf 90' lang='lat' dir='ltr'><strong>p.</strong></span> <span class='ocrx_word' id='word_1_321' title='bbox 1564 4464 1605 4519; x_wconf 78' lang='lat' dir='ltr'><strong>lt,</strong></span> <span class='ocrx_word' id='word_1_322' title='bbox 1626 4465 1641 4511; x_wconf 86' lang='grc'><em>1</em></span> 
     </span>
     <span class='ocr_line' id='line_1_43' title="bbox 372 4547 1693 4616; baseline -0.003 -15"><span class='ocrx_word' id='word_1_323' title='bbox 372 4549 475 4616; x_wconf 81' lang='lat' dir='ltr'><strong>lulgeus</strong></span> <span class='ocrx_word' id='word_1_324' title='bbox 500 4565 537 4601; x_wconf 80' lang='lat' dir='ltr'><strong>esc</strong></span> <span class='ocrx_word' id='word_1_325' title='bbox 558 4549 699 4602; x_wconf 83' lang='lat' dir='ltr'><strong>Prr&#39;sciaao</strong></span> <span class='ocrx_word' id='word_1_326' title='bbox 717 4549 859 4600; x_wconf 85' lang='lat' dir='ltr'><strong>Brissacus</strong></span> <span class='ocrx_word' id='word_1_327' title='bbox 878 4547 966 4616; x_wconf 83' lang='lat' dir='ltr'><strong>puluis</strong></span> <span class='ocrx_word' id='word_1_328' title='bbox 987 4549 1017 4598; x_wconf 93' lang='lat' dir='ltr'><em>M</em></span> <span class='ocrx_word' id='word_1_329' title='bbox 1086 4551 1137 4600; x_wconf 73' lang='lat'><strong>235</strong></span> <span class='ocrx_word' id='word_1_330' title='bbox 1161 4550 1193 4601; x_wconf 85' lang='lat' dir='ltr'><strong>de</strong></span> <span class='ocrx_word' id='word_1_331' title='bbox 1216 4564 1242 4598; x_wconf 92' lang='lat' dir='ltr'><strong>m</strong></span> <span class='ocrx_word' id='word_1_332' title='bbox 1264 4552 1354 4602; x_wconf 83' lang='lat' dir='ltr'><strong>littero</strong></span> <span class='ocrx_word' id='word_1_333' title='bbox 1375 4551 1454 4615; x_wconf 85' lang='lat' dir='ltr'><strong>plura</strong></span> <span class='ocrx_word' id='word_1_334' title='bbox 1476 4549 1569 4612; x_wconf 81' lang='lat' dir='ltr'><strong>lepisse</strong></span> <span class='ocrx_word' id='word_1_335' title='bbox 1591 4549 1693 4598; x_wconf 84' lang='lat' dir='ltr'><strong>uidetur</strong></span> 
     </span>
     <span class='ocr_line' id='line_1_44' title="bbox 372 4619 1693 4702; baseline -0.002 -16"><span class='ocrx_word' id='word_1_336' title='bbox 372 4635 476 4687; x_wconf 86' lang='lat' dir='ltr'><strong>Marius</strong></span> <span class='ocrx_word' id='word_1_337' title='bbox 498 4637 646 4688; x_wconf 81' lang='lat' dir='ltr'><strong>Victorinus</strong></span> <span class='ocrx_word' id='word_1_338' title='bbox 663 4653 689 4701; x_wconf 84' lang='lat' dir='ltr'><strong>p.</strong></span> <span class='ocrx_word' id='word_1_339' title='bbox 710 4639 755 4702; x_wconf 75' lang='lat' dir='ltr'><strong>st,</strong></span> <span class='ocrx_word' id='word_1_340' title='bbox 777 4639 809 4685; x_wconf 88' lang='lat'><strong>12</strong></span> <span class='ocrx_word' id='word_1_341' title='bbox 879 4636 929 4685; x_wconf 87' lang='grc'><strong>238</strong></span> <span class='ocrx_word' id='word_1_342' title='bbox 949 4631 1081 4701; x_wconf 84' lang='lat' dir='ltr'><strong>sonorem]</strong></span> <span class='ocrx_word' id='word_1_343' title='bbox 1104 4634 1234 4701; x_wconf 77' lang='lat' dir='ltr'><strong>longorem</strong></span> <span class='ocrx_word' id='word_1_344' title='bbox 1254 4635 1357 4686; x_wconf 70' lang='lat' dir='ltr'><strong>Mariam</strong></span> <span class='ocrx_word' id='word_1_345' title='bbox 1379 4633 1529 4684; x_wconf 83' lang='lat' dir='ltr'><strong>Victorinus</strong></span> <span class='ocrx_word' id='word_1_346' title='bbox 1547 4619 1575 4700; x_wconf 76' lang='lat' dir='ltr'><strong>p.</strong></span> <span class='ocrx_word' id='word_1_347' title='bbox 1596 4637 1640 4694; x_wconf 74' lang='lat' dir='ltr'><strong>di,</strong></span> <span class='ocrx_word' id='word_1_348' title='bbox 1661 4638 1693 4685; x_wconf 78' lang='lat'><strong>15</strong></span> 
     </span>
    </p>

    <p class='ocr_par' dir='ltr' id='par_1_8' title="bbox 372 4720 1693 4959">
     <span class='ocr_line' id='line_1_45' title="bbox 423 4720 1693 4788; baseline -0.002 -16"><span class='ocrx_word' id='word_1_349' title='bbox 423 4723 472 4772; x_wconf 74' lang='lat' dir='ltr'><strong>itt</strong></span> <span class='ocrx_word' id='word_1_350' title='bbox 493 4731 577 4772; x_wconf 77' lang='lat' dir='ltr'><strong>tamen</strong></span> <span class='ocrx_word' id='word_1_351' title='bbox 601 4724 667 4772; x_wconf 88' lang='lat' dir='ltr'><strong>ictus</strong></span> <span class='ocrx_word' id='word_1_352' title='bbox 687 4733 714 4772; x_wconf 89' lang='lat' dir='ltr'><strong>ut</strong></span> <span class='ocrx_word' id='word_1_353' title='bbox 732 4723 826 4788; x_wconf 87' lang='lat' dir='ltr'><strong>prioris</strong></span> <span class='ocrx_word' id='word_1_354' title='bbox 845 4721 1003 4786; x_wconf 78' lang='lat' dir='ltr'><strong>Praeruptus</strong></span> <span class='ocrx_word' id='word_1_355' title='bbox 1023 4721 1046 4768; x_wconf 86' lang='lat' dir='ltr'><strong>iu</strong></span> <span class='ocrx_word' id='word_1_356' title='bbox 1068 4736 1112 4771; x_wconf 85' lang='lat' dir='ltr'><strong>ore</strong></span> <span class='ocrx_word' id='word_1_357' title='bbox 1131 4735 1170 4772; x_wconf 85' lang='lat' dir='ltr'><strong>eat</strong></span> <span class='ocrx_word' id='word_1_358' title='bbox 1188 4721 1371 4772; x_wconf 80' lang='lat' dir='ltr'><strong>Hotcltkt&#39;sr&#39;us:</strong></span> <span class='ocrx_word' id='word_1_359' title='bbox 1389 4722 1423 4771; x_wconf 84' lang='lat' dir='ltr'><strong>ita</strong></span> <span class='ocrx_word' id='word_1_360' title='bbox 1443 4730 1538 4780; x_wconf 85' lang='lat' dir='ltr'><strong>tamen,</strong></span> <span class='ocrx_word' id='word_1_361' title='bbox 1556 4722 1579 4770; x_wconf 83' lang='lat' dir='ltr'><strong>si</strong></span> <span class='ocrx_word' id='word_1_362' title='bbox 1598 4720 1693 4787; x_wconf 84' lang='lat' dir='ltr'><strong>prioris</strong></span> 
     </span>
     <span class='ocr_line' id='line_1_46' title="bbox 372 4805 1693 4872; baseline 0.002 -16"><span class='ocrx_word' id='word_1_363' title='bbox 372 4809 438 4858; x_wconf 89' lang='lat' dir='ltr'><strong>ictus</strong></span> <span class='ocrx_word' id='word_1_364' title='bbox 457 4822 526 4872; x_wconf 89' lang='lat' dir='ltr'><strong>pone</strong></span> <span class='ocrx_word' id='word_1_365' title='bbox 544 4809 634 4859; x_wconf 84' lang='lat' dir='ltr'><strong>dentes</strong></span> <span class='ocrx_word' id='word_1_366' title='bbox 653 4809 780 4858; x_wconf 79' lang='lat' dir='ltr'><strong>excitatus</strong></span> <span class='ocrx_word' id='word_1_367' title='bbox 799 4807 831 4856; x_wconf 86' lang='lat' dir='ltr'><strong>acl</strong></span> <span class='ocrx_word' id='word_1_368' title='bbox 851 4806 966 4856; x_wconf 86' lang='lat' dir='ltr'><strong>medium</strong></span> <span class='ocrx_word' id='word_1_369' title='bbox 985 4805 1049 4856; x_wconf 88' lang='lat' dir='ltr'><strong>leuis</strong></span> <span class='ocrx_word' id='word_1_370' title='bbox 1068 4810 1181 4872; x_wconf 80' lang='lat' dir='ltr'><strong>agitetur</strong></span> <span class='ocrx_word' id='word_1_371' title='bbox 1195 4808 1298 4858; x_wconf 76' lang='lat' dir='ltr'><strong>blosius</strong></span> <span class='ocrx_word' id='word_1_372' title='bbox 1314 4807 1463 4858; x_wconf 81' lang='lat' dir='ltr'><strong>Victorinus</strong></span> <span class='ocrx_word' id='word_1_373' title='bbox 1510 4849 1514 4857; x_wconf 93' lang='lat'><strong>.</strong></span> <span class='ocrx_word' id='word_1_374' title='bbox 1533 4807 1584 4856; x_wconf 79' lang='lat' dir='ltr'><strong>tt‘t</strong></span> <span class='ocrx_word' id='word_1_375' title='bbox 1602 4819 1628 4858; x_wconf 89' lang='lat' dir='ltr'><strong>et</strong></span> <span class='ocrx_word' id='word_1_376' title='bbox 1645 4825 1693 4864; x_wconf 85' lang='lat' dir='ltr'><strong>oar.</strong></span> 
     </span>
     <span class='ocr_line' id='line_1_47' title="bbox 373 4891 1000 4959; baseline 0 -17"><span class='ocrx_word' id='word_1_377' title='bbox 373 4893 412 4952; x_wconf 81' lang='lat' dir='ltr'><strong>M,</strong></span> <span class='ocrx_word' id='word_1_378' title='bbox 431 4895 492 4944; x_wconf 82' lang='lat' dir='ltr'><strong>add.</strong></span> <span class='ocrx_word' id='word_1_379' title='bbox 512 4895 692 4945; x_wconf 79' lang='lat' dir='ltr'><strong>Locltmunrrrrs</strong></span> <span class='ocrx_word' id='word_1_380' title='bbox 745 4909 812 4959; x_wconf 86' lang='lat' dir='ltr'><strong>pone</strong></span> <span class='ocrx_word' id='word_1_381' title='bbox 832 4907 847 4950; x_wconf 77' lang='grc' dir='ltr'><strong>ς</strong></span> <span class='ocrx_word' id='word_1_382' title='bbox 867 4908 949 4958; x_wconf 84' lang='lat' dir='ltr'><strong>poene</strong></span> <span class='ocrx_word' id='word_1_383' title='bbox 970 4891 1000 4942; x_wconf 86' lang='lat' dir='ltr'><em>M</em></span> 
     </span>
    </p>
   </div>
   <div class='ocr_carea' id='block_1_7' title="bbox 0 0 1945 5556">
    <p class='ocr_par' dir='ltr' id='par_1_9' title="bbox 0 0 1945 5556">
     <span class='ocr_line' id='line_1_48' title="bbox 0 0 1945 5556; baseline 0 0"><span class='ocrx_word' id='word_1_384' title='bbox 0 0 1945 5556; x_wconf 95' lang='lat' dir='ltr'><strong> </strong></span> 
     </span>
    </p>
   </div>
  </div>
 </body>
</html>
