3866 5562
312 313 378 380 484
608 331 712 381 Meilill
736 330 856 380 Pnortl
881 314 934 399 [M.
959 300 1122 400 GLAVDH]
1148 329 1368 380 SACBRDOTIS
1447 405 1449 410 ,

317 421 388 470 pil.
403 420 428 462 62
443 419 472 464 V.

872 574 921 638 DE
944 573 1082 638 vnnuts

402 717 434 780 lu
459 715 516 780 lroc
539 715 618 780 libro
642 717 730 780 etiam
755 715 793 778 dc
816 683 919 778 verbis
942 712 1095 787 tractabo,
1124 715 1203 778 sicut
1226 694 1296 777 artie
1325 711 1463 795 promisi.
1509 735 1639 799 qnorum

313 821 461 883 rationem
486 839 541 903 per
556 813 744 900 singularum
761 819 931 883 litterarum
953 817 1083 901 syllabas
1107 821 1223 900 primae
1247 816 1330 881 verbi
1353 836 1518 901 personae,
1543 819 1640 902 qualis

218 975 226 986 .
312 925 351 987 sit
374 923 506 986 secunda
523 942 670 1005 persono,
695 924 775 987 unde
792 924 963 1003 coniugatio
979 921 1167 992 declaratur,
1192 920 1424 1002 diligentissime
1439 923 1497 986 hoc
1512 922 1638 986 docebo.

313 1035 401 1109 atquc
432 1027 552 1089 interim
583 1027 620 1088 de
651 1025 804 1090 vocalibus
832 1036 997 1090 tractemus
1024 1029 1134 1109 positis
1156 1034 1225 1088 ante
1249 1027 1440 1088 novissimam
1465 1026 1595 1090 litteram
1619 1040 1666 1089 oo

312 1133 428 1213 primae
453 1129 536 1193 verbi
560 1147 720 1212 personae.
766 1133 961 1193 inveniuntur
985 1137 1085 1192 autem
1109 1128 1228 1191 vocales
1252 1137 1321 1190 ante
1344 1131 1535 1192 novissimam
1559 1130 1638 1194 litte·

315 1252 378 1297 ram
406 1253 425 1295 o
455 1242 531 1303 tres,
555 1251 572 1295 e
595 1235 606 1295 i
630 1252 649 1296 u
672 1229 742 1316 [sed
766 1234 776 1294 i
799 1244 829 1297 et
851 1253 870 1296 u
895 1230 1081 1316 correptae}
1115 1241 1318 1294 consonantes
1348 1251 1418 1294 vero
1447 1233 1577 1305 multae,
1602 1233 1639 1294 de

216 1355 223 1370 ·
316 1336 429 1418 quibus
455 1346 559 1419 postea
589 1336 778 1400 docebimus.
825 1339 921 1416 prima
945 1337 1118 1415 coniugatio
1143 1344 1204 1396 tres
1228 1335 1282 1398 has
1306 1333 1423 1398 recales
1446 1346 1515 1398 ante
1540 1339 1638 1399 noris·

313 1443 420 1503 simam
444 1441 574 1505 litteram
592 1461 609 1502 o
626 1442 740 1524 primae
758 1440 841 1502 verbi
856 1457 1003 1522 personae
1027 1440 1147 1520 recipit,
1172 1457 1204 1512 e,
1229 1457 1366 1502 commeo
1382 1457 1535 1502 commeas
1557 1459 1638 1502 com·

313 1555 408 1616 meet,
432 1541 459 1616 i,
483 1543 561 1607 lanio
578 1543 673 1608 lanias
689 1542 795 1622 laniat,
820 1563 855 1614 u,
878 1543 993 1605 fluctuo
1015 1543 1145 1605 lluctuas
1160 1542 1295 1606 iluctuat.
1341 1541 1474 1604 secunda
1498 1529 1637 1622 coniuga-
1654 1565 1678 1602 ro

314 1647 493 1710 tioeaolam
517 1649 625 1729 recipit
647 1657 716 1709 arete
739 1649 932 1709 novissimam
956 1644 1086 1710 litteram
1110 1665 1128 1708 o
1151 1650 1268 1729 primae
1291 1644 1376 1708 verbi
1400 1664 1561 1728 personae,
1585 1645 1631 1708 do·

313 1771 367 1814 ceo
384 1751 476 1814 doces
491 1749 595 1820 docet,
614 1749 701 1812 video
718 1749 800 1812 vides
817 1750 911 1820 videt;
936 1751 1023 1813 tertia
1040 1751 1214 1829 coniugatio
1238 1756 1378 1830 correpta
1395 1747 1486 1830 duas,
1511 1751 1535 1819 i.
1553 1752 1638 1830 rapio

313 1855 394 1936 rapis
416 1855 505 1937 repit,
534 1862 565 1917 et
588 1873 616 1925 u,
640 1873 696 1916 ruo
720 1857 784 1917 ruis
806 1855 881 1924 ruit;
911 1856 998 1918 tertia
1026 1853 1189 1935 producta,
1221 1873 1310 1935 quam
1339 1855 1465 1930 puidam
1496 1860 1634 1934 quartam

312 1959 416 2022 dicunt
430 1959 690 2038 coniugationcm,
715 1967 745 2020 ct
762 1959 824 2039 ipsa
840 1957 927 2028 duas,
945 1978 976 2028 e.
998 1957 1090 2020 redeo
1107 1939 1188 2020 redis
1205 1955 1299 2028 redit,
1325 1965 1356 2018 et
1371 1957 1396 2026 i,
1414 1957 1516 2020 munio
1533 1959 1635 2018 rnuois

313 2065 419 2126 munit.
463 2061 515 2122 sed
540 2063 683 2140 quoniam
708 2067 769 2124 tote
786 2063 829 2123 vis
853 2060 1014 2123 verborum
1039 2067 1068 2122 et
1091 2064 1122 2122 in
1147 2071 1283 2141 tempore
1307 2061 1474 2141 praeterito
1497 2060 1673 2140 perlectum

152 2155 157 2162 ’
223 2189 228 2199 ’
313 2165 395 2228 modi
424 2164 577 2244 indicativi
601 2167 790 2234 continetur,
821 2159 901 2226 sicut
922 2167 955 2226 in
979 2163 1110 2227 secunda
1134 2180 1264 2244 persona
1295 2163 1431 2224 eiusdem
1455 2162 1539 2226 modi
1561 2171 1636 2226 tem·

313 2272 398 2352 poris
421 2269 636 2349 praesentiset
658 2265 844 2350 insecundo
868 2284 998 2348 persona
1024 2265 1104 2328 modi
1128 2268 1299 2346 imperativi
1325 2267 1468 2347 temporis
1492 2283 1635 2346 praesen·

315 2375 353 2434 tis
372 2370 376 2456 Ι
396 2373 571 2448 coaiupctr'o
588 2368 772 2442 declaratur,
797 2389 852 2452 per
874 2369 1006 2450 singulas
1028 2369 1142 2432 litteras
1167 2372 1282 2448 primae
1304 2367 1389 2431 verbi
1413 2388 1559 2450 personae
1583 2369 1635 2431 do·

313 2494 435 2539 cramus
464 2492 625 2555 personam
655 2474 783 2554 primam
817 2471 954 2535 eiusdem
983 2471 1065 2534 modi
1094 2473 1238 2555 temporis
1267 2474 1422 2552 praeteriti
1451 2475 1578 2553 perlecti
1607 2481 1636 2534 ot

253 2563 256 2568 Δ
312 2578 394 2642 modi
422 2578 590 2659 imperativi
614 2578 760 2658 temporis
789 2577 960 2658 praesentis
984 2576 1147 2638 secundam
1172 2593 1348 2656 personatu,
1373 2593 1450 2656 quae
1473 2578 1506 2638 irt
1528 2575 1676 2638 litterisao

313 2676 434 2764 quidem
464 2680 576 2752 tribus,
606 2680 705 2744 modis
734 2698 805 2743 vero
829 2680 896 2752 llll,
927 2683 1004 2742 sicut
1034 2680 1180 2761 exemplis
1210 2678 1297 2758 paulo
1321 2687 1391 2740 ante.
1415 2681 1635 2748 monstravi,a

312 2804 394 2858 ama,
419 2804 435 2847 e
458 2784 604 2864 producta
628 2783 717 2856 doce,
742 2803 759 2846 a
783 2792 924 2866 correpta
947 2782 1027 2863 lege,
1054 2785 1173 2846 imuni.
1220 2791 1303 2844 extra
1328 2781 1384 2843 hos
1408 2779 1513 2843 nendos
1528 2781 1635 2863 siquod
1693 2777 1698 2786 “

381 2921 462 2977 Prod.
481 2919 574 2974 eutici.
595 2885 641 2981 id.
659 2925 748 2975 8-28

398 3042 579 3094 estentona
598 3041 718 3110 promisi]
739 3045 772 3104 rs.
792 3061 818 3110 p.
839 3047 898 3107 ⁴70,
912 3046 945 3094 ²1
963 3043 996 3092 de
1011 3040 1149 3094 carleolicis
1169 3055 1229 3090 vero
1250 3041 1384 3092 pontinum
1403 3051 1481 3104 atqno
1499 3041 1635 3090 verborum

312 3128 388 3178 iterius
412 3143 588 3196 exponemus,
613 3129 693 3182 Prote.
712 3147 739 3196 p.
754 3133 812 3196 a,2
832 3145 899 3180 rrrrnc
922 3129 954 3180 de
972 3127 1107 3179 catholicis
1125 3127 1257 3178 nominum
1281 3127 1470 3190 verborumque
1492 3127 1636 3176 rationibus

312 3213 451 3266 doceamus
521 3230 633 3280 quorum
652 3218 779 3274 rationem
798 3232 845 3283 per
862 3215 1025 3282 sirrgnlurum
1045 3216 1185 3265 litterarum
1205 3211 1318 3277 syllabas
1337 3213 1437 3278 primae
1455 3212 1527 3264 uerbi
1545 3227 1636 3278 pereo-

313 3317 373 3366 nee,
400 3301 501 3377 qualem
526 3300 603 3353 lactat
625 3303 779 3360 secundam,
800 3303 868 3354 rmde
887 3301 957 3353 modi
975 3302 1125 3370 imperatini
1144 3299 1257 3352 secunda
1282 3313 1395 3368 persona
1417 3299 1585 3366 cognoscitur
1604 3314 1636 3349 ex

237 3453 239 3458 Ι
312 3401 365 3452 qua
386 3389 570 3453 coniugatione
593 3399 794 3454 cognosceretur
817 3389 899 3449 (corr.
918 3383 1100 3456 declinaretur)
1120 3391 1204 3452 adque
1223 3387 1325 3436 interim
1343 3385 1430 3436 codro.-
1442 3385 1532 3437 Prodi.
1551 3387 1635 3451 scrip-

311 3480 395 3524 turam
418 3474 527 3534 codicia,
552 3489 618 3540 qnae
641 3475 818 3541 neplepealine
839 3476 1004 3540 grammatici
1017 3473 1157 3524 tribuendo
1176 3488 1232 3524 esse
1250 3473 1365 3531 videtur,
1391 3473 1503 3525 removi.
1540 3475 1653 3522 rectiora·

311 3565 370 3610 erut
388 3571 500 3622 quorum
518 3559 644 3608 rationem
663 3575 711 3626 per
730 3559 850 3626 singulos
869 3559 966 3611 litteras
985 3571 1010 3610 et
1027 3559 1141 3625 syllabas
1160 3559 1259 3625 primae
1277 3557 1347 3608 verbi
1366 3573 1509 3625 personae,
1529 3573 1560 3607 ea
1579 3557 1634 3620 qui-

290 3645 360 3696 drus
379 3644 561 3711 cognoscitur,
580 3644 664 3708 qualia
684 3646 716 3696 sit
734 3645 848 3697 secunda
868 3641 990 3712 persona‘,
1010 3645 1078 3694 unde
1096 3645 1247 3710 coniugatio
1266 3645 1417 3705 declaratur,
1436 3643 1637 3711 diligentissime

268 3721 410 3780 'docebo
482 3730 805 3795 inertissimamq..corr.
825 3732 996 3782 nouissimam
1014 3731 1104 3797 priore
1123 3733 1179 3784 loco
1198 3730 1223 3781 B
1294 3729 1444 3782 isediet
1464 3739 1634 3795 coemptae,

312 3831 378 3882 quoe
398 3816 430 3868 ad
448 3817 571 3869 doctore
590 3819 759 3882 tilionacum,
780 3820 816 3870 od
833 3807 1005 3890 definitionem
1023 3819 1118 3868 tertiae
1136 3819 1325 3882 coniugatioaie
1342 3823 1482 3882 correptae
1499 3819 1634 3882 pertinere

312 3899 432 3954 uidentur
536 3905 553 3955 8
572 3904 657 3969 prima
673 3905 824 3970 coniugatio
848 3914 899 3954 tres
922 3901 1000 3953 liubet
1018 3901 1120 3953 vocales
1139 3915 1198 3954 ante
1217 3905 1386 3956 novissimam
1406 3903 1516 3954 litteram
1536 3903 1635 3966 primae

312 3985 382 4062 verbi
399 4001 540 4053 personae,
561 3989 684 4056 recipite
702 4001 856 4056 correptam,
875 4003 993 4041 commeo
1013 4004 1143 4040 commeate
1167 4005 1283 4041 comnaea
1302 3988 1404 4042 Produc
1508 3991 1523 4040 9
1543 4004 1556 4038 e
1574 3995 1634 4038 ovate

311 4085 431 4122 commeo
451 4089 497 4128 om.
512 4073 537 4124 B
610 4077 641 4126 13
660 4075 764 4139 qnidam
785 4093 831 4127 om.
846 4074 877 4137 B,
898 4075 960 4125 odd.
975 4075 1076 4126 Produc
1148 4078 1179 4126 14
1198 4087 1223 4127 et
1242 4077 1299 4141 ipsa
1319 4075 1384 4126 diras
1402 4091 1417 4126 o
1435 4083 1460 4124 et
1477 4075 1538 4140 ipse
1555 4073 1633 4128 duob.

312 4157 337 4208 B
408 4159 440 4209 16
459 4159 605 4209 continetur
623 4160 930 4228 buemiptmaeetinB
1002 4163 1034 4212 18
1052 4162 1203 4228 coniugatio
1226 4178 1274 4214 om.
1291 4160 1325 4212 B.
1361 4161 1503 4210 declinatur
1519 4176 1570 4227 pro
1589 4157 1635 4210 de·

312 4243 423 4294 claretur
434 4245 521 4296 codex
533 4243 623 4297 Proca
659 4256 801 4311 praeterea
813 4249 963 4298 corrutione
978 4245 1139 4306 Sacerdotis,
1159 4253 1203 4316 qui
1219 4249 1339 4314 exempla
1355 4249 1502 4313 imperativi
1517 4264 1534 4297 a
1547 4245 1634 4298 Probo

312 4334 338 4382 in
360 4331 538 4397 rupea-iordane
558 4331 647 4400 posito
669 4335 764 4392 omiar't,
783 4339 870 4400 potius
892 4333 1054 4385 scribendum
1072 4342 1130 4385 mot
1149 4335 1194 4384 sed
1218 4336 1342 4399 qnoniam
1366 4345 1420 4384 tota
1438 4332 1478 4382 vis
1497 4331 1649 4410 verborum-

193 4445 216 4460 .,
312 4427 337 4468 et
355 4418 381 4468 in
399 4417 513 4468 secunda
531 4433 644 4486 persono
657 4419 727 4469 modi
740 4420 886 4485 imperativi
904 4421 1029 4485 temporis
1049 4423 1194 4486 praesentis
1213 4432 1238 4470 et
1256 4422 1281 4470 in
1295 4434 1412 4487 tempore
1425 4419 1563 4486 praeterito
1576 4433 1634 4485 per-

312 4503 381 4554 lecto
399 4503 469 4554 modi
488 4504 620 4555 indicativi
634 4505 787 4564 continetur,
806 4507 873 4556 sicut
886 4507 910 4555 io
930 4505 1045 4556 secunda
1058 4519 1171 4572 persona
1190 4505 1306 4556 eiusdem
1326 4506 1396 4556 modi
1416 4505 1540 4571 temporis
1559 4517 1634 4570 prae·

311 4590 392 4640 sentis
411 4590 561 4656 coniugatio
574 4589 718 4640 declarator
789 4593 820 4641 19
838 4605 979 4658 personam
992 4589 1113 4658 primam]
1133 4607 1271 4658 personam
1294 4593 1434 4642 secundam
1449 4589 1474 4641 B
1493 4589 1634 4640 secundam

311 4689 450 4741 personam
470 4677 556 4727 codex
569 4675 657 4728 Probi.
694 4675 834 4726 secundam
848 4691 988 4744 personam
1006 4677 1078 4728 modi
1097 4675 1228 4728 indicativi
1248 4681 1373 4744 temporis
1386 4677 1530 4744 praesentis
1544 4687 1569 4725 et
1581 4675 1635 4742 pri-

312 4774 379 4810 mam
399 4775 540 4828 personam
559 4765 617 4815 olim
629 4763 728 4814 conieci
797 4745 830 4812 ii
848 4763 914 4814 sicut
927 4763 1054 4830 exemplis
1074 4763 1152 4831 patilo
1170 4777 1229 4814 ante
1247 4765 1389 4815 monstrari
1409 4764 1445 4813 mi
1456 4763 1577 4827 exempla
1589 4763 1634 4812 im-

310 4847 486 4936 perativorupr
503 4866 520 4900 α
533 4849 620 4902 Probo
637 4865 664 4915 p.
679 4853 724 4912 33,
740 4853 773 4899 17
789 4851 876 4914 posita
893 4856 1013 4915 spectant
1602 4853 1610 4863 “
