3904 5556
637 355 717 408 suu.
738 355 848 410 (ιιιιι.
868 355 939 408 ιιι.
959 355 972 408 ι
990 359 1015 421 ι,
1036 358 1181 409 ιιι-ιιι
1530 352 1573 420 25

275 451 445 508 praetor.
1398 459 1465 510 per.
1480 455 1545 500 reu.

142 559 145 564 ·
250 561 426 619 numerum
452 543 650 610 Athenienses
662 516 901 609 Mediolanenses
917 547 1180 628 Carmogiuiouses
1197 555 1227 610 et
1241 545 1365 610 similla:
1382 558 1572 630 aliquosum

252 646 445 710 harenosum·
463 657 493 712 et
514 649 624 715 similis
647 653 713 714 sine
737 668 767 713 n.
811 671 829 708 ιι
852 669 937 714 coum
964 652 1056 715 innisa
1081 669 1142 714 nou
1165 653 1311 724 cesaries,
1340 650 1392 714 sed
1423 653 1573 714 caesaries

251 760 296 813 ost
318 768 335 813 ι
359 769 445 815 some
467 770 563 816 caesa
609 765 680 817 *et
707 757 737 816 ln
763 773 799 817 eo
828 754 906 834 quod
937 737 1109 819 estimans
1137 755 1293 820 adicienda
1318 766 1364 818 est
1385 757 1396 816 i
1419 754 1519 816 littera
1541 755 1571 816 in

250 851 389 936 genetivo
414 855 537 938 plurali,
566 858 736 940 siquando
760 859 1011 940 suntpnrtioipin
1041 868 1092 921 eut
1115 879 1151 921 ex
1175 861 1340 941 participiis
1363 859 1506 940 figuratim
1537 875 1572 920 ex

225 958 424 1036 torminibus
447 969 547 1024 autem
570 979 734 1043 nusquam,
758 970 789 1024 ut
812 969 895 1024 uetes
918 969 948 1024 et
970 961 1087 1024 similis.

335 1063 597 1128 lnternuntlinium
620 1064 830 1142 scribendum,
856 1074 888 1127 ut
910 1065 1107 1129 interlunium
1131 1065 1177 1150 [et
1200 1063 1390 1151 trinoctium]
1414 1069 1453 1128 ιιι
1478 1068 1573 1128 inter·

251 1166 445 1240 nundinium,
476 1168 555 1250 quod
580 1185 687 1231 uorem
712 1167 776 1230 dies
800 1170 879 1231 iuter
909 1187 942 1232 se
965 1171 1124 1233 continuos
1148 1169 1272 1242 habeat,
1303 1187 1363 1232 non
1388 1169 1467 1252 quod
1492 1186 1572 1232 nono

251 1268 299 1332 die
322 1273 370 1333 sit.

338 1372 404 1437 Non
428 1375 614 1448 ostrianus,
639 1385 671 1438 ut
693 1377 819 1458 putetis,
844 1376 896 1440 sed
921 1376 1039 1448 clusos,
1064 1379 1151 1457 quasi
1173 1376 1327 1441 oouluoes.

214 1493 238 1534 ιι
335 1477 480 1558 contagio
503 1479 581 1561 nputl
610 1461 803 1543 omnes'tere
827 1491 943 1544 veteres
965 1482 1111 1562 scriptum
1136 1491 1181 1544 est
1197 1477 1209 1566 ΙΙ
1227 1484 1409 1544 nominativo
1433 1501 1514 1554 cusu,
1540 1491 1573 1544 ut

250 1579 365 1644 obsidio
388 1600 510 1664 quoque
534 1593 564 1645 et
585 1583 709 1646 oblivio:
743 1585 795 1647 sed
827 1597 984 1666 poetarum
1011 1585 1132 1647 ltcentia
1163 1587 1260 1666 primo
1291 1585 1363 1648 iecit
1384 1585 1521 1664 contagia
1545 1595 1572 1646 et

250 1686 367 1748 obsidia
388 1697 420 1748 et
443 1684 447 1769 1
472 1685 595 1761 oblivia,
625 1698 729 1770 posteo
754 1688 814 1752 ollol
836 1691 936 1771 eoepit
965 1699 994 1752 et
1017 1687 1159 1750 oblivium
1191 1697 1220 1750 et
1243 1687 1392 1752 obsidium
1416 1699 1446 1750 et
1468 1695 1570 1751 couta-

249 1789 344 1870 glum.
391 1808 459 1852 oum
476 1793 686 1871 unuquitetem
711 1795 804 1873 igitur
820 1794 969 1874 posterior
984 1793 1172 1856 consuetudo
1189 1794 1303 1864 vincat,
1329 1811 1381 1854 vos
1399 1802 1466 1854 utro
1483 1791 1572 1854 morlo

249 1895 389 1976 scriptam
420 1913 523 1958 nouem
552 1894 630 1958 hono
659 1897 847 1968 inueneritis,
884 1900 923 1960 its
953 1894 1131 1975 relinquite,
1168 1895 1239 1958 llum
1270 1914 1328 1958 uon
1359 1879 1505 1976 ignoretis
1534 1894 1571 1957 ab

214 2010 237 2052 ιι
251 2001 381 2080 antiquis
404 1999 588 2062 nominativo
610 2000 685 2062 hauc
709 2003 847 2082 contagio
871 2001 995 2064 dictum.

284 2172 286 2176 y
335 2102 403 2164 Non
433 2112 493 2172 est,
523 2113 555 2165 ut
583 2103 778 2175 emendestls,
810 2123 900 2185 poros
928 2104 1143 2186 praeuiinneo,
1179 2102 1231 2166 sed
1260 2101 1463 2184 praecideris,
1494 2121 1572 2183 quse

236 2203 369 2285 ‘iruqum
393 2225 484 2270 cause
507 2206 691 2271 immolatur.
723 2210 775 2287 qui
798 2210 874 2272 iusto
899 2207 1043 2271 deiuncto
1067 2227 1126 2271 nou
1143 2208 1283 2270 iecerunt
1306 2217 1357 2270 eut
1379 2211 1409 2270 ln
1434 2207 1571 2270 iaciendo

250 2317 429 2388 peccarunt,
453 2309 501 2372 his
523 2329 615 2392 porca
638 2313 842 2381 contrahitur,
867 2329 956 2394 quom
974 2312 1115 2376 omuibus
1139 2313 1224 2375 annis
1247 2311 1399 2374 immolari
1422 2319 1570 2392 oporteat,

250 2420 410 2495 antequem
435 2431 541 2476 norum
556 2415 698 2490 frement,
722 2434 799 2497 quae
820 2417 928 2498 dapem
946 2425 1075 2488 mereat,
1100 2415 1137 2477 tle
1153 2435 1209 2480 suo
1225 2417 1358 2496 copiunt:
1383 2413 1571 2498 praecideris

214 2514 339 2586 olleo,
365 2516 445 2598 quod
469 2526 538 2581 onte
562 2519 707 2593 caeditur,
732 2537 821 2602 quam
846 2520 965 2600 frugem
982 2522 1110 2602 capient.
1156 2531 1185 2582 et
1208 2520 1268 2592 ille,
1292 2538 1371 2602 quau
1392 2517 1416 2601 †
1439 2529 1469 2581 et
1491 2520 1522 2580 in
1539 2536 1572 2582 re

252 2628 282 2682 et
302 2621 333 2682 in
361 2633 521 2703 praesente
552 2631 685 2694 mortuo,
715 2641 805 2705 quem
833 2623 982 2686 condituri
1004 2635 1090 2696 sunt,
1120 2623 1309 2693 immoletur,
1338 2625 1406 2704 quis
1430 2626 1453 2698 †
1476 2641 1513 2685 ex
1537 2640 1571 2684 aa

251 2741 357 2806 cepere
380 2743 442 2788 nou
465 2729 581 2809 possint
603 2726 639 2787 ιιι
662 2727 743 2808 quod
766 2730 843 2792 iuste
868 2728 994 2800 inolent,
1019 2739 1236 2810 praesentaneo
1261 2737 1393 2790 roootur.

335 2829 444 2893 Parilia
467 2831 609 2892 ‹liarrutur
633 2847 692 2892 oon
716 2829 835 2903 Palilia,
872 2850 933 2894 non
957 2851 973 2895 ι
997 2830 1067 2896 rate
1091 2831 1162 2902 dea,
1194 2830 1245 2894 sed
1270 2831 1350 2910 quod
1375 2849 1419 2896 eo.
1436 2841 1571 2912 tempore

252 2937 350 2996 omnis
374 2945 437 2997 suta
460 2933 644 3016 arboresque
667 2943 696 2996 et
719 2933 832 2998 lrerbse
855 2937 1026 3014 parturiant
1049 2939 1239 3018 pariuntque.

315 3089 439 3176 oeream
460 3125 533 3182 Paul.
552 3141 613 3179 esra.
633 3125 704 3176 seu.
725 3129 759 3176 35
829 3127 862 3176 10
881 3123 1008 3192 Coniugio
1031 3125 1104 3178 Paul.
1124 3142 1182 3178 eac.
1203 3125 1275 3180 Fert.
1294 3128 1327 3177 59
1347 3127 1417 3177 Fert.
1437 3129 1499 3178 193.
1520 3129 1570 3177 198

253 3195 453 3315 mimator
474 3195 645 3261 pmeoidnueo
670 3196 746 3246 Paul.
763 3211 822 3246 esse.
844 3193 914 3248 Fert.
934 3197 985 3246 219
1009 3194 1079 3248 Fert.
1100 3197 1153 3246 250
1234 3196 1267 3247 23
1293 3193 1384 3246 Parilia
1412 3195 1484 3246 Paul.
1511 3211 1571 3246 ear.

320 3457 333 3505 1
353 3465 379 3505 at
396 3469 525 3516 uqrrosum
545 3468 561 3510 ς
581 3467 608 3504 ιιι
626 3467 755 3518 aquosum
775 3451 836 3504 AB
847 3470 869 3504 ω
943 3455 960 3504 2
978 3443 1053 3504 'corno
1071 3455 1154 3504 inciso
1174 3467 1223 3503 non
1243 3455 1371 3503 caesaries
1391 3453 1438 3504 sed
1457 3457 1571 3522 cesaries

251 3525 372 3588 (essuries
392 3523 447 3588 Bi)
466 3534 506 3574 est
523 3538 539 3572 u
557 3537 632 3574 como
650 3537 727 3573 rosso
746 3521 807 3574 AB
825 3537 900 3572 coma
912 3523 996 3574 iuuisn
1009 3537 1060 3573 non
1075 3525 1203 3574 caesaries
1223 3523 1269 3573 sod
1288 3525 1400 3574 cesaries
1420 3537 1459 3573 est
1472 3539 1486 3572 ι
1499 3539 1571 3574 cumn

251 3593 377 3650 ιιιιιως
399 3607 474 3644 ιοιιιι
491 3594 575 3644 incisu
593 3607 644 3644 non
664 3593 794 3642 censentes
814 3593 860 3652 sed
878 3593 1007 3643 unesnuies
1026 3605 1066 3642 est
1084 3609 1098 3641 ι
1118 3606 1192 3642 como
1210 3605 1286 3642 russo
1300 3591 1474 3644 Camerarius.
1502 3596 1573 3658 apud

251 3670 388 3721 aratorem,
412 3679 485 3730 wear
507 3661 658 3714 Victorinus
680 3668 782 3712 secutus
805 3669 853 3724 est,
875 3663 1000 3726 scriptum
1019 3663 1103 3722 fuisse
1125 3663 1229 3714 udatur
1252 3661 1428 3713 l'nesurieu-is
1453 3662 1485 3713 ab
1509 3663 1572 3712 urire

251 3729 376 3782 Caesario
393 3748 449 3782 cum
467 3747 492 3788 u.
516 3732 644 3782 eumenes
664 3748 681 3782 a
698 3730 840 3788 rasindo.
865 3731 935 3796 prend
951 3737 1019 3782 esset
1037 3747 1109 3783 curua
1130 3747 1216 3792 caesa,
1241 3733 1296 3782 siae
1316 3747 1331 3780 u
1350 3733 1489 3782 scribenda
1508 3748 1573 3782 esse.

251 3802 342 3852 auae
360 3803 504 3866 participia
521 3808 547 3851 et
566 3817 632 3866 puae
651 3817 686 3852 es
704 3800 853 3866 participiis
867 3802 983 3865 flpurata
1002 3808 1095 3859 esseut,
1119 3809 1146 3852 ut
1165 3815 1266 3855 amoos.
1291 3816 1346 3851 auru
1366 3817 1390 3862 n,
1414 3803 1523 3859 uomina,
1546 3809 1573 3850 ut

251 3883 328 3926 netes,
352 3873 408 3922 siae
428 3887 442 3919 u
462 3869 549 3927 scribi,
572 3872 600 3918 in
617 3871 769 3935 participiis
787 3877 870 3919 autem
895 3877 920 3920 et
943 3871 976 3920 iis
994 3885 1060 3935 quas
1084 3886 1119 3920 es:
1135 3872 1284 3935 participiis
1303 3872 1420 3935 flpurata
1443 3875 1528 3920 esserrt
1546 3871 1572 3919 iu

249 3941 364 4005 prastino
388 3940 486 4002 plurali
507 3939 513 3985 ι
538 3939 616 3995 adiri,
639 3943 665 3988 tu
690 3937 830 3989 nominibus
853 3940 934 3989 omitti
955 3941 1040 3990 voterit.
1074 3941 1123 3990 sed
1145 3940 1209 3989 laer
1232 3941 1272 3990 ret
1295 3955 1311 3988 a
1334 3937 1469 3989 Victorino
1494 3943 1534 3990 ael
1556 3957 1573 3988 a

251 4007 363 4058 librariis
381 4011 419 4059 ita
437 4008 554 4059 meditata
571 4014 639 4070 suut,
663 4014 690 4058 ut
709 4021 740 4056 ea
759 4022 827 4073 puae
848 4009 885 4058 ari
902 4009 1076 4074 quaestionem
1094 4009 1126 4058 de
1146 4025 1160 4058 n
1180 4012 1269 4060 littera
1289 4007 1456 4074 pertinebant
1474 4010 1573 4059 omitte·

251 4085 348 4132 rentur.
432 4079 449 4129 6
472 4075 663 4128 iuternundium
684 4077 884 4133 serit-endum&
966 4077 981 4126 7
1005 4076 1075 4140 qnod
1095 4073 1200 4146 uorem]
1221 4077 1264 4140 qui
1286 4091 1378 4127 uouem
1399 4075 1423 4125 B
1505 4077 1521 4125 8
1540 4079 1574 4127 sit

251 4145 337 4202 usli
357 4145 384 4195 it
404 4149 429 4198 Α
485 4148 516 4198 10
540 4147 688 4213 seriptnest
709 4144 769 4195 AB
824 4148 852 4196 ll
874 4145 1225 4202 contorquerentur
1279 4149 1310 4196 lt
1329 4146 1473 4195 irweniritis
1494 4147 1519 4196 A

255 4215 284 4266 16
302 4229 381 4282 porco
397 4215 568 4282 proscideuen
587 4227 604 4272 ς
628 4228 707 4283 poros
727 4213 898 4280 proedionuen
918 4215 942 4264 Α
952 4213 978 4268 B
989 4231 1011 4264 ω
1084 4217 1115 4266 17
1138 4230 1217 4265 corma
1242 4214 1389 4265 immoletur
1410 4212 1433 4263 B
1450 4215 1509 4266 Val.
1522 4228 1573 4270 ως

253 4281 512 4362 cousirmmolmuM
597 4313 665 4362 iusta
683 4308 805 4360 (leluouto
829 4321 924 4366 αιως
948 4311 1015 4360 iuste
1034 4308 1154 4361 deiuncte
1173 4313 1197 4360 Α
1222 4292 1295 4360 imita
1313 4307 1433 4360 oleiuncre
1451 4307 1477 4359 B
1504 4311 1573 4361 iusto

245 4379 387 4446 ⁴(ieiunetur
414 4379 473 4432 Vol.
564 4381 595 4432 19
624 4393 720 4430 nouom
745 4377 845 4445 frugem
874 4394 941 4442 quere
968 4379 1061 4445 dapem
1086 4393 1182 4430 mereor
1205 4379 1237 4430 elo
1266 4393 1314 4429 suo
1339 4381 1444 4446 cupiunt
1467 4378 1573 4444 Sciturip

252 4466 278 4513 p.
297 4451 330 4500 44
348 4462 445 4498 narrem
464 4464 532 4512 quae
550 4447 638 4513 (quom
657 4445 695 4511 B)
718 4445 811 4513 elopem
830 4460 928 4498 merear
946 4447 978 4499 de
996 4463 1045 4498 suo
1063 4449 1168 4516 eupiunt
1186 4449 1247 4501 AB
1271 4463 1364 4499 nouom
1384 4449 1459 4512 eprosl
1479 4449 1573 4517 dupem

254 4531 347 4568 merom
371 4516 404 4567 de
423 4532 452 4567 se
470 4531 564 4583 cupere
581 4530 633 4573 ως
661 4531 753 4568 uorem
777 4517 852 4580 qeinsi
876 4515 970 4582 dapem
993 4531 1108 4567 men-ont
1130 4519 1162 4570 do
1186 4533 1274 4584 segete
1297 4532 1389 4583 cupere
1412 4520 1499 4569 arseio
1524 4535 1573 4584 pua

254 4595 356 4638 auctore
379 4588 462 4636 citant
484 4587 647 4638 huibertus
670 4593 769 4654 quaest.
793 4587 908 4650 pontific.
932 4603 958 4650 p.
979 4590 1011 4638 78
1035 4595 1059 4638 et
1084 4588 1273 4656 alirapuarrltus
1292 4585 1400 4636 Huadb.
1423 4588 1472 4636 der
1494 4602 1573 4638 roera.

256 4657 364 4708 Altertll.
384 4653 434 4706 IV
448 4672 476 4721 p.
497 4657 550 4708 253
621 4657 655 4708 20
673 4655 774 4721 lrugem
792 4655 879 4721 sepiat
896 4667 948 4711 urs
1021 4657 1182 4720 fortassean
1201 4654 1574 4720 illuquueCereuiprnesente

255 4737 353 4776 mortuo
371 4730 412 4776 rel
429 4737 456 4774 ut
474 4723 517 4774 illu
535 4741 602 4788 quoe
620 4738 646 4775 et
664 4726 688 4774 ln
708 4723 798 4775 iuuere
817 4737 842 4773 et
860 4737 996 4790 praesente
1011 4728 1111 4775 mortuo
1182 4727 1214 4775 21
1234 4726 1295 4788 ιμιιι
1314 4739 1346 4774 ex
1365 4740 1395 4774 eu
1414 4739 1506 4790 cupere
1521 4741 1573 4776 uon

256 4796 355 4860 possint
372 4795 404 4844 ιιι
424 4793 496 4858 qnod
515 4795 583 4844 iusto
602 4793 698 4845 ioeluut
720 4800 847 4860 tamquam
865 4803 991 4859 corrupta
1009 4803 1053 4845 aut
1072 4797 1156 4847 alieno
1175 4797 1231 4845 luco
1248 4797 1348 4845 inserta
1369 4795 1472 4844 instruit
1489 4795 1573 4846 Lusi·

255 4863 338 4914 bertus
359 4867 377 4915 l.
401 4880 423 4915 a.
446 4879 475 4928 p.
501 4865 542 4913 74.
571 4866 689 4925 sortasse
712 4864 772 4926 qulu
797 4875 856 4912 exto
880 4864 986 4914 euellere
1011 4880 1061 4913 ιιυιι
1086 4865 1195 4930 possint,
1219 4877 1356 4925 urrtequnm
1382 4865 1449 4913 iustu
1469 4863 1573 4916 luriunt.

320 4935 352 4984 ‘2⁶3
371 4947 423 5004 ιιοιι
444 4934 549 4999 possint
568 4931 593 4982 B
605 4950 621 4983 a
638 4933 697 4985 Val.
710 4945 762 4988 ως
783 4947 831 4981 riou
846 4933 931 4998 possit
953 4935 975 4983 A
1052 4935 1084 4983 ’33
1104 4949 1153 4982 riou
1176 4931 1264 4998 purilio
1284 4949 1355 4984 corr.
1376 4949 1426 4982 ιιοιι
1441 4933 1529 4999 pullllu
1549 4937 1572 4983 fl
