3874 5556
337 343 401 411 358
886 359 1104 409 rnneurraur

338 462 359 500 p.
374 449 425 491 ttot
439 448 465 496 Ρ,

545 537 682 616 suggerit
705 545 736 598 et
759 545 893 617 tempus,
917 545 1063 617 quantum
1087 535 1234 618 producta
1258 533 1382 598 solebat.

546 638 625 721 quod
650 657 705 700 nos
728 637 871 720 exemplis
895 657 991 720 aeque
1014 641 1135 702 firmare
1158 639 1294 703 decebit:

547 741 645 804 unde
669 743 787 804 scissa
811 759 914 804 corna
939 751 997 806 est
1019 751 1071 806 aut
1093 745 1189 806 unde
1213 745 1339 825 spissa
1364 760 1524 815 corona,

547 863 634 907 ecce
658 853 789 926 stagna
815 845 974 909 madent:
997 846 1113 928 triplici
1136 849 1180 909 sic
1202 846 1315 929 syllaba
1339 855 1426 927 pacto

482 967 533 1009 noc
548 951 691 1031 temporis
714 967 837 1012 accessu
860 967 920 1010 uon
945 958 1061 1013 tautum
1085 963 1131 1038 est
1152 950 1270 1013 reddita
1293 949 1392 1030 longa,

546 1054 598 1116 sed
623 1052 704 1115 dedit
727 1062 757 1114 et
780 1054 858 1114 vires
880 1054 1009 1134 geminis
1032 1072 1145 1134 augere
1168 1055 1354 1117 trochaeum.

591 1155 731 1239 Dactylus
754 1158 784 1218 iu
809 1155 953 1220 brevibus
976 1157 1093 1220 vocales
1115 1158 1235 1240 quaudo
1259 1176 1417 1239 supremas

547 1259 679 1323 servabit
702 1260 846 1342 verbique
869 1261 961 1324 simul
985 1281 1053 1324 curn
1077 1263 1135 1324 lirae
1160 1263 1288 1332 resistet.

548 1365 573 1426 si
596 1364 681 1446 pedis
704 1363 827 1428 alterius
850 1364 1014 1447 primordia
1038 1384 1169 1429 consona
1193 1375 1223 1428 et
1245 1365 1303 1429 uda

485 1467 748 1541 racosubnectent,
771 1486 826 1548 pes
848 1468 1008 1531 incolumis
1030 1481 1213 1552 vegetusque
1237 1469 1383 1533 mauebit:

534 1581 681 1634 'consona
705 1575 732 1636 si
755 1573 872 1652 gentina
897 1583 956 1642 est,
981 1589 1042 1651 qua
1064 1577 1221 1655 proximus
1244 1577 1369 1656 incipiet
1391 1593 1454 1656 pes,

550 1676 635 1737 cuius
658 1676 841 1757 principium
865 1685 947 1738 serta
972 1676 1061 1749 baec,
1086 1696 1175 1759 quarn
1200 1680 1285 1752 (lico,
1309 1678 1435 1751 tenebit,

550 1776 685 1859 dactylus
707 1777 757 1840 ille
781 1782 879 1861 prior,
904 1782 1038 1859 quamvis
1060 1799 1201 1845 sermone
1225 1793 1348 1865 peracto

550 1882 698 1944 discretus
719 1880 856 1966 liberque
879 1884 965 1964 pedis
988 1904 1134 1968 compage
1158 1887 1293 1958 secundi,

486 2007 537 2050 cru
550 1986 661 2048 sentiet
683 2003 837 2048 accessum
861 1991 1005 2052 rnornenti
1029 1999 1059 2052 et
1082 1994 1229 2073 temporis
1251 2002 1383 2056 auctum.

551 2088 690 2171 exemplo
713 2094 817 2153 versus
841 2093 929 2154 unius
951 2101 1113 2176 utrumque
1136 2093 1288 2172 probabis.

510 2277 514 2285 ι
552 2197 655 2256 ‘aute
678 2195 878 2275 supinatas
901 2197 1072 2278 aquiloni
1096 2197 1299 2260 ostendere
1323 2197 1485 2279 glebas’.

552 2297 711 2360 tendere
735 2315 804 2360 curn
828 2296 911 2360 verbi
935 2302 1024 2360 linem
1048 2300 1139 2362 simul
1163 2312 1193 2363 et
1215 2301 1301 2384 pedis
1323 2300 1433 2382 explet.

553 2400 594 2464 nil
618 2401 738 2464 obstant
760 2401 846 2481 pedis
868 2399 992 2464 alterius
1016 2403 1105 2465 modo
1128 2423 1261 2468 consona
1285 2415 1316 2466 et
1338 2405 1407 2466 uda.

489 2527 539 2569 creo
553 2503 664 2586 syllaba
687 2507 712 2567 si
735 2515 839 2567 contra
863 2509 980 2576 veniat,
1004 2505 1122 2587 qualem
1147 2509 1237 2570 niodo
1260 2507 1332 2582 dixi,

552 2609 741 2693 temporibus
764 2609 883 2671 vitiatus
905 2611 964 2672 erit
986 2629 1040 2690 pes
1062 2611 1181 2690 integer
1203 2622 1281 2682 ante,

554 2725 637 2776 aute
660 2714 858 2795 supinatas
881 2713 1054 2795 aquiloni
1077 2715 1285 2778 ostendere
1308 2725 1475 2795 strages:

556 2819 645 2880 tertia
668 2819 712 2879 sic
735 2815 823 2896 longa
848 2818 992 2888 eflicitur,
1018 2834 1070 2896 pes
1094 2818 1224 2881 creticus
1247 2823 1317 2881 exit.

553 2918 600 2982 vel
624 2930 654 2983 tu
679 2921 757 3000 dage
780 2918 876 2990 aliud,
900 2919 970 2982 dum
995 2920 1060 2981 talis
1083 2919 1195 3002 syllaba
1220 2924 1322 2985 detur:

490 3045 541 3086 11²5
555 3025 607 3088 sed
632 3024 745 3086 nullam
769 3025 920 3096 invenies,
946 3019 1007 3086 nisi'
1026 3023 1125 3087 littera
1147 3028 1186 3086 sit
1208 3027 1291 3106 prior
1315 3027 1379 3096 ista,
1471 3102 1473 3106 .

555 3147 633 3210 quae
655 3137 740 3191 sexto
763 3130 950 3210 praescripta
974 3127 1041 3190 loco
1066 3135 1112 3190 est
1133 3138 1223 3210 atque
1245 3131 1352 3192 ordine
1376 3144 1489 3200 earum,

556 3232 713 3295 dimidium
738 3234 817 3292 vocis
841 3250 915 3312 quas
939 3230 1030 3293 edere
1053 3231 1182 3295 diximus
1204 3243 1283 3296 ante.

600 3334 718 3416 Syllaba
742 3334 873 3397 dildcilis
896 3337 1034 3416 quotiens
1057 3345 1197 3418 correpta
1220 3339 1352 3401 secunda

557 3439 671 3519 indiget
694 3439 821 3508 anxilio,
846 3458 906 3521 quo
930 3449 1065 3520 tempora
1091 3439 1159 3503 bina
1184 3441 1340 3512 ministret,

493 3565 543 3605 raso
558 3543 691 3624 dactylos
715 3543 786 3604 inde
811 3545 919 3623 trragis.
943 3543 1096 3624 spondeus
1120 3545 1217 3607 rarior
1240 3549 1309 3608 erit.

560 3666 629 3710 nam
654 3665 722 3708 cunt
747 3647 849 3709 linitur
873 3645 966 3709 vocali
990 3665 1090 3709 sermo
1115 3649 1291 3712 trocbaeunr

560 3751 741 3822 destituens,
767 3753 825 3812 iarn
850 3770 903 3832 pes
926 3752 956 3811 in
980 3750 1118 3832 dactylon
1142 3753 1186 3814 ire
1212 3754 1337 3826 ridetur,

560 3859 652 3936 inque
678 3854 783 3916 breves
807 3856 941 3932 geminas
964 3852 1083 3934 longam
1108 3854 1208 3918 laxare
1231 3858 1406 3928 secundam,

560 3959 713 4041 spondens
736 3977 795 4038 quo
818 3977 901 4021 inore
925 3956 1001 4020 solet
1024 3958 1096 4020 dare
1120 3959 1259 4041 dactylon
1283 3981 1318 4022 ex
1342 3981 1384 4023 se.

356 4085 561 4100 -—-¹-

424 4159 489 4208 1103
514 4155 589 4218 Serg.
610 4153 642 4201 rie
660 4152 718 4216 cyil.
739 4151 826 4211 4ἳ9,5
845 4149 919 4199 Sero.
938 4151 964 4198 in
986 4149 1050 4200 Dua.
1073 4153 1180 4213 424,18
1199 4151 1305 4204 Cledon.
1324 4154 1366 4210 29,
1378 4153 1412 4202 28
1426 4151 1539 4214 Pompei.
1560 4153 1617 4211 m.
1632 4151 1666 4200 23

354 4247 475 4297 Consenti.
496 4244 557 4302 399,
582 4241 615 4288 22
637 4233 775 4303 [Pictor]
798 4237 830 4285 de
857 4237 929 4298 final.
950 4239 1012 4298 230,
1033 4239 1067 4286 13
1093 4237 1224 4292 alluvta'nrt.
1253 4239 1351 4302 l'ttptell.
1373 4236 1423 4286 III
1443 4239 1494 4286 275
1518 4254 1545 4302 p.
1571 4239 1616 4300 ⁶9,

353 4333 394 4383 erl.
414 4329 492 4395 Egra.

354 4416 559 4427 ——-—-—

341 4506 344 4512 .
424 4469 490 4520 1103
518 4467 601 4530 Verg.
625 4467 691 4516 Aen.
719 4461 815 4514 v’tJIJ
837 4464 888 4512 478
910 4461 993 4510 scissa
1018 4474 1117 4511 comum
1140 4476 1229 4512 muros
1254 4477 1342 4512 amens
1365 4473 1442 4526 atque
1464 4464 1570 4528 agtnina
1592 4477 1668 4514 cursu

353 4555 439 4606 Prima
462 4556 538 4618 petit.
563 4553 595 4602 tt.
615 4554 666 4603 508
689 4550 872 4612 interlucetque
891 4561 987 4598 corona
1008 4545 1063 4596 Non
1083 4561 1134 4597 torn
1154 4551 1242 4615 spissa
1261 4549 1321 4598 viris
1393 4552 1460 4601 ilbi
1482 4551 1561 4616 l'erg.
1578 4565 1668 4616 georg.

350 4640 405 4690 ΙΙΙ
423 4641 475 4690 428
496 4653 521 4689 et
543 4638 604 4688 dvnn
625 4637 691 4687 Vere
713 4637 816 4686 ntadeut
835 4635 885 4685 udo
906 4647 987 4686 terrae
1004 4650 1033 4684 nc
1052 4635 1209 4701 pluvialibus
1228 4637 1338 4698 austris,
1359 4647 1451 4700 stagna
1470 4636 1531 4686 colit
1601 4637 1667 4686 1117

359 4727 438 4789 Very.
456 4741 544 4790 georg.
561 4725 658 4775 41264
730 4724 796 4774 1118
815 4722 933 4773 accudere
952 4721 1092 4772 Bvireaeur
1164 4721 1229 4774 1123
1248 4723 1284 4770 sie
1303 4721 1379 4786 longa
1393 4721 1533 4772 Briasueus
1551 4724 1573 4772 si
1593 4721 1669 4788 longa

356 4811 386 4861 ,14
456 4813 521 4861 1126
546 4811 705 4878 praescripta
727 4809 865 4860 Brivaaene
888 4809 1034 4874 proscripta
1059 4809 1090 4858 rii
1160 4811 1225 4859 ttae
1249 4823 1301 4870 qno
1326 4821 1441 4873 tempora
1466 4809 1524 4856 bina
1543 4809 1671 4858 ministret

356 4897 532 4948 Lacbmunnns
551 4911 602 4960 quo
622 4911 738 4963 tempora
758 4897 816 4946 bina
837 4895 964 4944 ruinisnat
984 4894 1015 4944 ,tl
1030 4895 1100 4958 quod
1120 4905 1237 4961 tempora
1257 4895 1315 4944 bina
1335 4895 1465 4944 tuirristrat
1483 4893 1624 4946 Brissaeua
