3874 5556
276 461 282 472 ,
330 393 420 467 ,318
554 373 557 378 ⁵
740 439 742 442 -
931 405 1150 489 raarxrrsrrr

280 643 283 648 Α
321 659 323 662 ,
355 597 477 650 secutus
507 594 552 648 est
582 593 612 646 et
640 583 751 665 reliqui
778 584 843 646 iere
868 601 987 655 omnes,
1019 585 1070 664 qui
1097 583 1169 646 huie
1205 585 1348 666 scriptori
1372 603 1495 667 operam
1524 583 1680 655 dederuut,

357 689 452 754 solam
475 687 565 769 vulgo
589 697 825 769 usurpaverunt.
870 705 930 769 quo
961 687 1073 750 iactum
1106 696 1154 750 est
1183 697 1215 751 ut
1239 687 1384 768 neglectis
1407 687 1561 771 prioribus
1584 707 1682 751 erenr-

356 793 491 876 plaribus
507 793 708 856 Terentianus
725 793 856 855 Brissaei
872 790 1160 874 interpolationibus
1176 791 1356 874 depravatus
1372 789 1423 854 diu
1438 791 1604 872 legeretur.
1629 811 1681 855 ne·

358 915 416 980 que
432 897 604 968 Santenius,
629 899 717 960 euius
734 896 829 958 editio
846 895 959 977 aliquot
972 897 1059 958 annis
1074 905 1143 979 pust
1167 904 1296 958 mortem
1312 896 1377 958 eius
1392 913 1407 956 a
1426 895 1582 977 Lennepio
1605 895 1681 961 edita

358 995 553 1072 utalaae,
570 1001 643 1063 satis
659 1007 782 1080 paratus
798 997 834 1060 ad
851 1016 917 1062 rem
930 1009 1111 1060 accesserat.
1135 1017 1204 1062 nam
1220 1017 1319 1080 neque
1335 1016 1424 1080 quam
1441 997 1530 1062 fidem
1547 998 1682 1081 exempla

358 1104 431 1168 olim
455 1104 605 1185 impressa
628 1101 777 1165 baberent
805 1101 849 1164 rel
873 1103 954 1164 unde
977 1104 1172 1183 incorruptae
1195 1105 1363 1184 scripturae
1385 1105 1530 1166 memoria
1553 1103 1681 1186 petenda

264 1213 268 1220 ’
357 1217 437 1272 esset
451 1205 653 1278 intellexerat,
670 1222 769 1286 neque
786 1208 908 1271 omnino
924 1206 1100 1288 operi·satis
1115 1204 1232 1268 difficili
1249 1215 1397 1288 parerat.
1430 1205 1559 1289 plurium
1571 1215 1682 1278 autem,

357 1329 434 1392 quae
457 1313 489 1374 in
512 1309 707 1392 amplissimis
723 1311 948 1372 commentariis
972 1309 1009 1372 dc
1026 1309 1150 1373 metrica
1174 1317 1238 1372 arte
1259 1307 1437 1391 disputarit,
1461 1331 1478 1373 a
1502 1329 1534 1372 re
1558 1329 1683 1391 prorsus

358 1414 455 1478 aliena
471 1421 552 1478 sunt.
599 1432 780 1496 quamquam
797 1413 997 1476 omittendum
1015 1431 1075 1475 non
1100 1420 1145 1476 est
1162 1411 1271 1476 multas
1288 1413 1417 1477 Brissaei
1433 1412 1683 1494 interpolationes

357 1539 373 1584 a
397 1519 542 1582 Santenio
566 1529 697 1581 remotas
727 1527 756 1580 et
779 1515 925 1600 quaedam
950 1527 1033 1580 reete
1056 1515 1215 1580 emendata
1240 1537 1315 1580 esse.
1362 1536 1440 1581 unus
1463 1516 1682 1603 Lachmannus

358 1625 444 1688 culus
467 1622 559 1685 editio
575 1621 686 1704 prodiit
709 1618 847 1683 berolini
870 1638 895 1682 a.
922 1617 1019 1696 1836,
1044 1621 1115 1700 quid
1139 1637 1188 1682 res
1211 1619 1378 1702 postularet
1400 1623 1566 1702 perspexit.
1612 1639 1680 1682 nam

358 1745 428 1789 oum
449 1724 545 1788 solam
560 1725 731 1806 prinoipem
754 1721 930 1794 editionem,
960 1724 1046 1784 cuius
1075 1720 1247 1804 exemplum
1272 1743 1308 1785 ex
1332 1723 1516 1786 bibliotheca
1539 1724 1683 1806 gymnasii

259 1899 268 1910 ,
357 1829 532 1892 loaohirnici
547 1825 756 1891 Beroliuensis
772 1835 941 1908 acceperat,
966 1826 1079 1888 lentem
1096 1828 1247 1905 genuinae
1263 1825 1402 1890 lectionis
1419 1845 1485 1890 csse
1501 1825 1630 1897 vidisset,
1648 1826 1683 1888 ad

358 1933 449 1996 huius
465 1931 554 1996 iidem
578 1937 694 1993 textum
718 1932 887 2001 recensuit,
917 1949 951 1992 ea
975 1929 1107 2011 quaein
1131 1937 1231 1991 vetere
1255 1931 1421 2013 exemplari
1445 1939 1590 2011 corrupta
1618 1949 1683 1993 esse

358 2034 560 2118 deprehendit
576 2032 755 2105 emendarit,
779 2033 910 2114 denique
926 2033 1072 2114 principis
1095 2029 1240 2096 editionis
1255 2035 1436 2116 scripturam
1452 2035 1492 2097 ita
1508 2051 1684 2116 repraesen·
1757 2045 1760 2049 ·

358 2141 440 2211 terit,
464 2147 511 2209 ut,
536 2135 720 2218 ubicumque
743 2135 788 2198 rel
805 2155 859 2198 sua
883 2135 928 2198 rel
952 2135 1079 2197 aliorum
1096 2129 1270 2199 coniectura
1294 2137 1331 2200 ab
1351 2136 1401 2199 illa
1424 2136 1596 2211 recederet,
1621 2139 1684 2200 eius

359 2236 595 2322 discrepantiam
618 2237 651 2302 in
675 2235 812 2323 margine
837 2247 976 2301 accurate
998 2235 1160 2302 iudicaret.
1207 2239 1313 2302 eodem
1338 2239 1402 2302 lere
1426 2249 1561 2324 tempore
1578 2258 1684 2302 noram

151 2417 157 2426 ‚
211 2317 215 2323 ἐ
282 2352 313 2386 ’-
355 2340 527 2411 editionem
550 2341 928 2424 paraverathhluarcltus,
953 2337 1041 2404 cuius
1057 2339 1184 2423 epistula
1208 2341 1247 2406 de
1270 2361 1305 2405 ea
1328 2362 1362 2406 re
1385 2352 1595 2424 postmortem
1620 2341 1685 2406 eius

360 2444 440 2511 edita
464 2457 511 2510 est
532 2443 565 2509 in
589 2442 734 2510 Seebodii
757 2441 940 2508 bibliotheca
965 2441 1071 2508 critica
1094 2465 1120 2509 a.
1147 2443 1230 2509 1830
1253 2466 1282 2527 p.
1307 2441 1381 2509 319.
1427 2444 1554 2508 schedas
1584 2456 1684 2532 autem

359 2550 397 2614 ah
421 2569 458 2614 eo
481 2548 605 2614 relictas
628 2555 787 2629 acceperat
810 2543 1052 2618 Lindemanuus,
1077 2545 1129 2630 qui
1151 2545 1218 2628 ipse
1242 2568 1363 2631 quoque
1385 2545 1563 2631 incorpore
1586 2568 1685 2629 gram·

360 2651 543 2718 malleorum
566 2651 729 2716 latinorum
746 2648 965 2714 Terentianum
990 2651 1081 2714 edere
1105 2649 1224 2716 volebat
1249 2651 1403 2734 multaque
1427 2649 1498 2714 huie
1521 2649 1609 2734 operi
1632 2671 1685 2736 pa·

360 2769 496 2828 raserat,
526 2775 603 2839 quae
633 2773 702 2820 cum
732 2750 858 2836 reliquls
882 2751 1083 2818 Lindemanni
1110 2752 1233 2819 schedis
1256 2755 1292 2818 ad
1317 2775 1365 2818 rne
1389 2753 1486 2818 delata
1509 2766 1588 2819 sunt.
1633 2755 1685 2820 sed

360 2859 393 2925 in
409 2857 457 2924 bis
474 2857 616 2924 omnihus
638 2877 734 2941 pauca
751 2876 827 2941 quae
844 2857 976 2939 aliquam
993 2857 1156 2923 utilitatem
1172 2859 1355 2942 praeberent
1372 2854 1485 2920 iuveni.
1533 2845 1685 2941 postremo

359 2960 564 3027 Terentianus
592 2979 649 3025 una
678 2981 746 3024 cum
775 2959 1000 3042 Hephaestione
1034 2962 1065 3026 in
1096 2961 1190 3025 altera
1220 2959 1353 3026 editione
1383 2957 1547 3024 Gaisiordii
1576 2957 1686 3025 Oronii

361 3087 388 3130 a.
415 3063 498 3131 laea
521 3063 620 3130 editus
648 3072 703 3127 est.
750 3061 941 3127 Gaisiordius
963 3076 1065 3129 autem
1088 3063 1154 3147 ipse
1178 3063 1254 3129 nibil
1283 3061 1353 3127 novi
1380 3064 1417 3126 ad
1442 3062 1684 3128 emendationem

361 3169 409 3236 vel
432 3165 715 3252 interpretationem
739 3165 853 3239 attulit,
877 3167 929 3230 sed
953 3165 985 3230 in
1009 3165 1114 3249 priore
1139 3164 1289 3232 uolumine
1312 3166 1484 3250 exemplum
1501 3164 1686 3230 Lachmauui

362 3270 469 3356 paucis
498 3269 589 3344 locis,
621 3267 653 3334 in
682 3267 794 3354 quihus
823 3267 1005 3352 scripturam
1034 3267 1183 3352 principis
1206 3268 1348 3333 editionis
1372 3267 1521 3343 restituit,
1551 3267 1686 3352 exeeptis

362 3372 527 3458 descripsit
559 3383 588 3438 et
611 3370 807 3437 adnotatione
831 3369 967 3437 subiecta
998 3391 1119 3436 omnem
1147 3371 1284 3454 priorum
1315 3375 1533 3458 exenrplariunr
1570 3373 1686 3439 discre-

328 3491 330 3495 “
361 3483 497 3563 pantiam
521 3478 685 3559 diligenter
708 3495 775 3540 ase
793 3476 931 3540 collatam
955 3487 984 3540 et
1007 3473 1199 3542 coniecturas
1222 3478 1381 3544 doctorum
1404 3477 1539 3544 virorum
1564 3479 1601 3542 cle
1624 3479 1685 3542 sin·
1799 3554 1804 3565 Ι

363 3584 441 3664 gulis
465 3582 601 3647 uersibus
630 3580 763 3666 prolatas
790 3578 948 3652 iudicarim
978 3583 1009 3644 in
1040 3579 1135 3645 altero
1160 3580 1311 3647 roltrmiue
1334 3581 1470 3665 integros
1495 3580 1628 3646 lirissaei
1659 3591 1687 3644 et

261 3701 264 3708 '
363 3688 515 3750 Petraeini
538 3688 774 3748 commentarios
797 3683 947 3766 repetivit.

451 3789 494 3852 Ex
517 3786 556 3852 iis
572 3787 624 3871 qui
647 3797 770 3870 praeter
785 3789 917 3852 editores
939 3792 969 3852 in
987 3787 1185 3853 emendandis
1209 3791 1384 3854 Terentiani
1401 3789 1541 3854 versibus
1564 3809 1687 3873 operam

364 3892 589 3957 collocaverunt
617 3889 747 3954 maxime
777 3892 983 3956 memorabilis
1012 3903 1058 3956 est
1086 3893 1233 3957 Ricardus
1265 3892 1430 3966 [lauesius.
1468 3897 1520 3977 qui
1551 3898 1583 3957 in
1614 3891 1685 3956 mis·

365 3995 509 4060 cellaneis
531 3995 726 4076 allurgessio
751 3995 837 4060 editis
860 3998 898 4059 de
921 3996 1024 4060 multis
1047 3995 1121 4061 locis
1138 4009 1278 4061 accurate
1302 3999 1461 4081 disputarit
1485 4007 1515 4061 et
1538 3999 1685 4081 quaedam

364 4112 447 4166 reete
472 4099 649 4162 emendavit.
695 4087 748 4162 sed
773 4119 842 4162 cuna
859 4100 1107 4164 Sanetandreano
1132 4099 1269 4183 exenrplo
1292 4098 1580 4184 interpolationibus
1604 4101 1685 4166 Bris-

366 4206 427 4267 saei
450 4212 594 4285 corrupto
618 4211 772 4275 uteretur,
796 4199 868 4265 lieri
891 4185 951 4265 nora
976 4205 1072 4285 potuit
1094 4206 1167 4286 quiu
1191 4223 1282 4286 saepe
1300 4204 1411 4268 trustra
1434 4206 1465 4267 iu
1489 4205 1687 4269 emendandis

366 4308 534 4388 scripturae
565 4303 645 4368 vitiis
674 4303 826 4369 laboraret
850 4307 894 4368 vel
918 4326 933 4369 a
958 4324 1029 4369 uero
1053 4307 1221 4371 aberraret.
1269 4304 1390 4370 inutiles
1412 4308 1592 4391 plerumque
1622 4311 1688 4372 iue-

365 4418 438 4474 runt
465 4412 657 4474 coniecturae
688 4407 871 4481 Hetchltisii,
900 4429 1029 4492 quarum
1060 4429 1203 4491 magnum
1232 4428 1392 4474 numerum
1422 4409 1609 4475 Gaislordius
1636 4414 1688 4474 ad-

367 4511 496 4596 scripsit.
543 4532 613 4578 uam
642 4521 677 4576 ut
705 4514 774 4576 huie
804 4510 974 4577 tribuerem
1003 4533 1080 4596 quae
1108 4513 1146 4576 ab
1179 4513 1231 4578 illo
1260 4516 1291 4576 in
1315 4511 1509 4579 adnotatione
1538 4513 1688 4579 additall

366 4617 466 4680 littera
489 4615 586 4700 posita
609 4630 680 4682 sunt
702 4621 853 4702 persuasit
875 4613 1051 4681 coniectura
1075 4619 1111 4680 ad
1136 4637 1160 4679 ν.
1181 4614 1263 4682 1893
1286 4617 1403 4700 prolata
1425 4621 1498 4680 birro
1520 4627 1609 4682 tuens
1632 4639 1688 4703 pro

293 4761 297 4768 ·
367 4719 446 4783 Ione
472 4729 576 4796 tuens,
607 4739 696 4800 quam
726 4717 934 4783 coniecturam
962 4721 1041 4783 idern
1066 4721 1256 4784 Galsiordius
1284 4721 1441 4802 inpriore
1470 4718 1604 4785 editione
1629 4723 1687 4786 lle·

257 4907 259 4912 ι
367 4823 553 4905 phaestionis
576 4841 604 4903 p.
622 4821 686 4886 297
711 4823 788 4902 (uam
812 4825 842 4886 in
866 4827 1034 4904 posteriore
1052 4824 1184 4888 editione
1209 4824 1282 4887 haee
1306 4825 1415 4886 omissa
1431 4827 1510 4902 suast)
1535 4824 1690 4908 adscripto

253 4955 258 4966 ¹
343 4924 538 4989 ·Hotehlrisii
566 4930 690 4990 nomine
719 4927 863 4989 exhihuit.
908 4946 1002 5008 pauca
1031 4929 1200 4990 emendavit
1221 4927 1384 4991 Rciriertus
1406 4929 1437 4990 iu
1463 4927 1580 4993 duabus
1603 4949 1688 4994 cena-
