3906 5564
356 342 399 410 Q
853 345 1175 400 mmm

382 459 402 500 p.
417 447 476 489 ιω).
489 449 514 489 ιι
529 446 552 490 l’.
1486 459 1509 503 p.
1524 451 1569 490 iri.
1582 449 1608 492 28
1622 447 1648 490 G.

803 535 931 616 Paphias
954 554 1039 600 amor
1061 537 1225 601 columbas.

355 660 425 705 nam
454 661 534 715 mor,
569 638 718 704 secundae
752 630 974 720 coniugatiouis
1001 640 1127 704 initialis
1155 639 1284 722 syllaba,
1320 658 1397 722 quac
1426 639 1528 704 breuis
1555 650 1672 712 natura,

354 754 458 827 utpote
481 748 513 809 in
536 746 636 810 ionico
659 743 823 836 aminore,
848 762 914 806 esse
930 744 1070 819 deberet,
1094 746 1230 810 derivato
1252 745 1285 806 iu
1302 762 1334 806 se
1357 746 1525 826 superioris
1540 744 1673 828 syllabae

354 859 492 932 tempore
515 840 703 912 ἀνακλάσει
720 851 802 912 inter
818 850 954 931 syzygias
973 849 1050 913 lacta
1068 848 1254 913 trochaicam
1274 846 1360 910 basin
1383 845 1387 932 1
1409 850 1509 912 ionico
1526 849 1672 921 subdidit,

354 973 430 1038 quae
454 953 536 1016 basis
558 956 640 1016 inter
662 961 805 1035 utrasque
828 955 974 1036 syzygias,
998 955 1030 1016 id
1054 963 1101 1017 est
1123 955 1253 1036 primam
1278 959 1308 1014 et
1330 952 1512 1024 secundam,
1536 953 1593 1016 sub
1616 953 1699 1018 hacs

354 1059 420 1140 lege
442 1056 623 1121 versabitur.
669 1065 699 1120 at
721 1055 941 1134 labeneste,
972 1060 1024 1139 qui
1049 1061 1128 1121 inter
1154 1039 1299 1120 metricos
1321 1059 1532 1120 auctoritatem
1555 1059 1673 1140 primae

354 1162 536 1226 eruditionis
551 1161 698 1234 obtinuit,
723 1163 868 1226 insistens
883 1161 1041 1226 Heliodori
1059 1163 1211 1243 vestigiis,
1235 1162 1287 1244 qui
1303 1159 1382 1223 inter
1398 1158 1530 1224 Graecos
1545 1159 1672 1225 huiusce

353 1267 428 1330 artis
450 1269 578 1330 antistes
600 1275 651 1330 aut
674 1267 791 1349 primus
813 1273 866 1328 aut
888 1265 971 1329 solus
994 1274 1055 1337 est,
1080 1274 1170 1347 negat
1192 1265 1251 1328 hcc
1273 1265 1397 1336 villum,
1422 1273 1456 1327 ut
1477 1264 1599 1348 quidam
1622 1266 1671 1328 ad·

353 1378 470 1442 mount,
494 1371 698 1452 rhythmicum
720 1371 800 1442 lore,
825 1369 879 1433 sed
903 1387 990 1451 mage
1014 1371 1139 1432 metrica
1162 1372 1279 1432 ratione
1303 1370 1489 1448 contingere,
1514 1369 1595 1452 quod
1617 1386 1673 1449 per

354 1470 555 1556 ἐπιπλοκάς,
586 1474 617 1538 id
642 1483 689 1538 est
712 1481 879 1538 metrorum
903 1475 984 1536 inter
1006 1491 1039 1536 se
1068 1472 1289 1557 amplexioues,
1322 1482 1355 1535 ιιι
1384 1491 1475 1555 supra
1498 1472 1669 1544 docuimus,
1688 1495 1713 1535 n

351 1579 532 1662 plerumque
555 1579 663 1642 evenit.
711 1595 780 1640 nam
803 1571 982 1660 cnapedane}
1007 1573 1176 1660 ἑιιιιιλοκή
1191 1585 1222 1640 et
1237 1572 1402 1660 dandami,
1426 1576 1458 1640 id
1474 1585 1521 1640 est
1536 1577 1671 1660 quadrua

353 1689 382 1745 et
403 1682 523 1747 binaria
548 1682 715 1764 amplexio,
739 1681 811 1744 huic
833 1681 950 1752 versui,
974 1683 1026 1762 qui
1051 1683 1169 1744 ionicus
1189 1680 1400 1744 anaclomenos
1416 1689 1549 1753 vocatur,
1574 1681 1671 1744 diver·

352 1789 472 1852 sltatem
506 1787 741 1867 varietatemque
777 1785 926 1847 lecerunt.
973 1786 1085 1847 etenim
1119 1785 1312 1864 antispastica
1342 1792 1370 1848 st
1400 1784 1607 1850 choriambica
1641 1796 1672 1848 et

351 1901 481 1975 utraque
504 1891 602 1953 ionica
625 1896 722 1952 metra
746 1888 783 1952 de
806 1889 943 1969 quadrua
967 1888 1157 1971 amplexione
1180 1888 1366 1962 subsistunt;
1395 1889 1524 1953 iambica
1548 1907 1619 1952 vero
1642 1897 1672 1950 et

352 1996 522 2067 trochaica,
546 1997 626 2058 sicut
648 2010 738 2075 supra
762 1992 936 2062 docuimus,
967 1993 1004 2055 de
1028 1991 1158 2056 binaria.
1204 1996 1305 2057 evenit
1330 2000 1431 2056 autem
1459 2000 1492 2055 ut
1520 1992 1670 2056 choriam-
1686 2015 1712 2055 aa

352 2099 420 2163 bica
443 2107 474 2162 et
490 2099 685 2178 antispastica
709 2096 848 2160 iambicis
870 2095 1149 2178 coniugationibus,
1180 2099 1280 2161 ionica
1304 2116 1375 2160 vero
1398 2096 1570 2168 trochaicis,
1594 2115 1671 2179 quae

351 2211 423 2268 sunt
452 2203 640 2267 diversarum
671 2200 910 2283 amplexionem,
944 2203 1139 2264 misceantur.
1186 2200 1266 2264 unde
1284 2202 1404 2270 ,accidit
1432 2209 1465 2263 ut
1493 2201 1671 2264 contusione

352 2326 458 2371 eorum
481 2316 664 2378 metrorum,
689 2323 766 2388 quae
790 2322 825 2367 ex
842 2305 970 2367 dirersis
986 2303 1228 2386 amplexionlhus
1241 2307 1458 2377 informantur,
1482 2302 1573 2367 huius
1590 2304 1671 2366 modi

351 2414 434 2474 inter
462 2411 596 2493 syzygias
625 2411 726 2491 passio
754 2409 815 2471 slve
838 2411 1026 2480 communio,
1062 2427 1140 2491 quac
1169 2408 1317 2472 eraclesis
1346 2425 1362 2468 a
1391 2407 1515 2472 musicis
1543 2408 1670 2478 dicitur,

351 2499 459 2578 meritc
488 2515 607 2578 eveniat
635 2522 666 2576 et
692 2514 822 2576 varietas
845 2514 946 2574 versui
975 2511 1013 2574 de
1041 2510 1266 2594 amplexionem
1296 2512 1467 2576 dillsrentla
1495 2513 1556 2576 ssat
1602 2530 1712 2574 ιιιιιιιι

350 2621 375 2680 si
399 2635 475 2701 puro
504 2615 708 2682 choriambico
732 2617 863 2698 primam
892 2613 1026 2678 decutias
1048 2613 1207 2698 syllabam,
1237 2617 1270 2678 llt
1298 2633 1387 2678 caune
1410 2616 1491 2698 quod
1515 2616 1671 2680 residuum

353 2730 401 2786 est
422 2723 555 2786 ionicum
579 2740 595 2783 a
620 2721 741 2783 minori.
788 2727 819 2782 et
840 2737 963 2782 rursum
991 2721 1017 2782 si
1041 2721 1174 2782 ionicum
1197 2739 1213 2782 a
1236 2720 1346 2782 minari
1375 2718 1487 2800 syhaba
1518 2739 1578 2784 una
1605 2739 1671 2782 mu·

355 2825 469 2897 tiletur,
494 2823 574 2907 quod
598 2831 737 2886 remanet
759 2823 985 2904 antispastieum
1001 2822 1221 2903 deprehendas.
1267 2825 1342 2888 item
1364 2823 1463 2888 ablata
1478 2825 1671 2906 antispastico

349 2931 447 3012 prima
471 2925 585 3011 syllaba
609 2927 742 2990 ionicum
765 2928 910 2989 amatori
934 2923 945 3009 ΙΙ
968 2927 1113 3008 perficiet.
1160 2945 1264 2990 rerum
1287 2925 1345 2990 hoc
1367 2937 1440 2992 tunc
1456 2929 1576 3001 accidit,
1601 2947 1669 2992 cum

350 3050 447 3115 purus
470 3039 516 3095 est
539 3029 762 3096 choriambicua
785 3047 901 3092 versus.
947 3038 976 3092 at
992 3033 1073 3092 enim
1097 3038 1200 3092 contra
1224 3048 1293 3092 cum
1309 3033 1505 3112 interpositae
1521 3033 1669 3098 iambicus
1684 3052 1711 3093 aa

350 3137 584 3218 coniugationes
625 3135 835 3218 reperiuntur,
879 3132 926 3196 lex
966 3131 1014 3196 itta
1051 3133 1208 3216 quadruae
1245 3133 1445 3216 amplexionis
1480 3137 1669 3218 infringitur,

349 3241 524 3324 diversique
547 3239 669 3320 generis
684 3236 815 3301 admixta
832 3236 1021 3317 amplexione
1045 3240 1180 3301 nascitur
1194 3239 1250 3300 ista
1270 3239 1413 3308 varietas,
1437 3247 1471 3302 ιιι
1485 3239 1670 3321 praecedens

350 3345 466 3416 colum,
490 3363 560 3407 cum
584 3363 651 3406 esse
675 3360 746 3404 sena
771 3349 907 3422 tempora
930 3341 962 3402 iu
984 3337 1109 3420 singulis
1133 3340 1398 3422 coniugationibus
1421 3352 1572 3424 oporteat,
1596 3363 1669 3425 pen·

350 3459 501 3514 tasemum
525 3450 591 3519 liat,
615 3462 745 3528 sequens
768 3463 839 3507 vero
863 3443 1038 3524 heptasemo
1062 3442 1215 3508 subsistat.
1255 3446 1364 3525 recipit
1385 3455 1485 3510 autem
1507 3446 1670 3512 molossum

349 3562 380 3616 st
403 3562 612 3635 anapaestum,
636 3549 689 3614 sed
712 3567 782 3613 raro
804 3549 908 3612 iuncto
930 3545 1089 3630 pariambo
1112 3554 1143 3610 et
1166 3546 1326 3630 dactylum.
1365 3551 1474 3614 lenitur
1489 3559 1590 3615 autem
1614 3569 1669 3632 per
1683 3573 1710 3614 so

348 3655 503 3738 dipodian.

435 3759 488 3823 Est
509 3762 612 3842 itaqua
635 3757 797 3820 dimetrum
819 3753 1019 3820 acatalectum
1043 3755 1118 3838 tale,

830 3861 907 3922 viret
929 3857 989 3920 alte
1012 3857 1180 3930 cumulato;
1208 3868 1211 3941 ι

349 3973 520 4032 trimetrum
545 3984 615 4029 vero
638 3966 730 4028 huius
753 3963 851 4034 modi,

640 4085 803 4149 procerum
827 4067 893 4150 quis
916 4066 1057 4130 Cererem
1083 4083 1142 4127 nun
1167 4063 1246 4128 colat
1268 4069 1364 4145 agris;

271 4179 272 4182 ’
348 4183 557 4239 tetrametrum
581 4190 700 4255 quoque
723 4169 933 4241 huiusmodi,

418 4349 941 4458 xmmmm'

416 4585 433 4635 b
456 4597 523 4645 littae
544 4580 616 4631 basis
640 4589 762 4641 utrasque
782 4575 845 4626 ΑΒ
869 4589 935 4640 qnae
959 4573 1029 4624 basis
1053 4575 1196 4626 sacrandum
1221 4589 1343 4640 latrasque
1360 4589 1386 4632 ς.
1415 4581 1511 4630 aeonas
1534 4579 1666 4630 dicereeas·

347 4666 413 4716 quae
431 4650 530 4716 syllaba
548 4649 614 4700 inter
633 4661 756 4710 utrmque
826 4645 935 4711 primam
954 4655 979 4692 et
995 4645 1172 4701 sectandams
1199 4647 1312 4712 primurn
1332 4649 1515 4698 sesecundum
1535 4646 1596 4699 AB

348 4723 380 4772 10
397 4717 490 4788 supra]
508 4722 594 4786 Md,
610 4721 641 4769 11
696 4718 728 4768 14
746 4714 778 4765 tle
796 4713 895 4777 quadra
914 4714 938 4764 A
949 4710 975 4761 B
1034 4715 1065 4766 lh
1084 4714 1221 4766 docuimus
1239 4715 1346 4766 decuriae
1359 4715 1664 4768 uenitABdoeuimns

345 4789 436 4840 drraria
454 4790 574 4845 evenias
635 4799 663 4838 ut
681 4783 854 4837 clrorienahien
874 4783 1037 4835 Omnerarim
1054 4795 1079 4835 et
1097 4784 1270 4835 elloriambica
1289 4781 1381 4838 Alte
1443 4787 1475 4837 ln
1494 4786 1586 4837 ionicis
1602 4801 1663 4838 uem

343 4858 491 4910 trcelaaiene
509 4857 603 4924 Αῌς
690 4859 721 4908 21
745 4853 895 4904 choriambo
914 4851 977 4904 ΑΒ
991 4865 1008 4907 ς
1094 4856 1127 4904 22
1150 4855 1173 4904 si
1192 4853 1276 4903 ionico
1296 4853 1390 4902 minori
1409 4853 1470 4905 AB
1493 4856 1516 4905 si
1539 4856 1625 4908 lonico
1648 4871 1663 4906 n

346 4929 475 4984 minoris
539 4929 572 4977 25
595 4925 760 4978 elica-iambus
778 4922 804 4973 B
873 4923 906 4972 27
925 4921 1089 4984 diuerslsque
1107 4921 1133 4971 B
1203 4925 1236 4974 33
1254 4921 1384 4974 cumulato
1404 4922 1467 4974 AB
1484 4939 1559 4976 conta
1576 4925 1665 4983 latos
