3888 5550
835 404 884 454 nn
907 405 1039 455 tenente
1113 422 1117 428 ·
1140 395 1141 400 ’

268 509 283 546 p
307 494 359 536 etse
374 494 397 535 Ρ.
521 518 526 524 -

529 599 584 644 nee
607 579 731 646 alterius
756 581 898 663 indigens
920 584 987 664 opis
1010 585 1091 652 reni,

462 699 515 742 nes
529 685 582 747 sed
606 685 670 767 ipse
693 703 783 748 rerus
806 689 987 767 integerque
1012 687 1141 756 sexiens,

529 787 633 850 aduste
657 787 725 852 ieiie
749 791 847 872 qereiis
870 799 939 853 onte
963 793 1097 854 eerminu

531 891 624 954 debes
647 910 782 962 emerus,
807 891 888 955 nitor
911 895 1063 974 impotens
1088 896 1140 958 tui.

528 995 612 1058 vides
634 1005 667 1058 ut
689 999 747 1060 icto
772 995 864 1058 rerho
887 1005 987 1076 raptet
1009 998 1169 1078 impetus·

529 1097 715 1182 brevemque
738 1099 847 1161 crebre
871 1099 1084 1181 consequendo
1106 1097 1229 1178 iougnia

463 1215 516 1257 nso
530 1205 624 1266 citum
647 1202 778 1265 subinde
801 1183 1014 1265 retentantes
1037 1219 1156 1264 sonum.

529 1293 649 1367 iambus
672 1307 739 1387 ipse
762 1323 815 1368 sex
839 1308 921 1368 enim
943 1305 1018 1367 iocis
1042 1314 1154 1376 menet,
1221 1325 1223 1330 ·

529 1418 560 1472 et
583 1408 654 1472 inde
678 1425 789 1471 nomen
814 1409 945 1472 inditum
970 1417 1016 1471 est
1039 1411 1176 1478 senario:

529 1512 581 1574 sed
606 1521 653 1573 ter
675 1513 798 1585 teritur,
822 1511 894 1576 hine
919 1516 1074 1575 trimetros
1098 1513 1216 1577 dieitur.

529 1613 704 1678 seendendo
726 1614 816 1678 hines
839 1615 920 1698 quod
943 1617 1037 1697 pedes
1060 1619 1283 1694 coniungimur,

465 1732 518 1774 noo
532 1735 609 1801 quae
632 1737 723 1782 eausa
747 1729 844 1800 coget,
869 1737 929 1782 non
954 1719 1098 1782 morabor
1121 1719 1222 1786 edere.

530 1839 599 1884 nem
623 1839 691 1884 mox
716 1831 832 1905 poetae,
857 1843 895 1886 ne
919 1825 1008 1886 nimis
1031 1823 1055 1905 †
1077 1833 1162 1886 seret
1184 1822 1284 1885 bret-is

530 1924 578 1988 iex
601 1924 677 1989 haec
700 1925 793 1989 iambi
816 1926 907 1988 verbe
931 1944 1028 2008 peuce
1051 1925 1235 1998 admitteret,

530 2027 603 2090 dum
625 2046 717 2108 poree
741 2029 861 2110 iongem
885 2048 1007 2110 semper
1031 2029 1148 2092 alterno
1171 2031 1266 2109 gretie
1328 2108 1335 2123 ι

445 2170 446 2173 =
531 2139 619 2212 urget
642 2151 700 2196 neo
723 2135 800 2216 eptis
824 2135 952 2218 exprimi
976 2132 1078 2196 verbis
1100 2135 1172 2196 sinit

463 2252 637 2299 rsoosensus
661 2245 765 2320 reperte
789 2237 955 2300 dissidente
978 2234 1093 2317 reguis,

530 2339 689 2423 spondoeo
713 2347 742 2403 et
765 2358 840 2423 qnos
863 2341 922 2403 iste
945 2357 999 2420 pes
1023 2358 1060 2402 ex
1083 2357 1115 2402 se
1140 2350 1224 2404 creet

530 2445 773 2512 admiscuerunt,
797 2447 907 2526 imperi
930 2453 1031 2506 tamen
1055 2441 1132 2514 ioco,

530 2547 702 2629 pedemque
725 2549 873 2628 primum,
898 2549 1037 2618 tertium,
1061 2551 1200 2630 quintum
1224 2567 1354 2629 quoqne,

532 2655 636 2715 iuvere
659 2650 782 2735 paulum
806 2650 928 2734 spiiebis
952 2650 1125 2714 maioribus.

466 2769 518 2812 220⁵
533 2765 564 2819 et
586 2759 637 2838 qni
660 2755 817 2820 cothurnis
840 2757 943 2835 regios
966 2763 1052 2817 ectus
1075 2753 1183 2826 ierant,

530 2869 563 2922 ιιι
585 2877 686 2922 sermo
709 2841 838 2942 pompoe
861 2861 964 2938 regiae
988 2875 1083 2940 cnpex
1105 2859 1192 2932 ieret,
1235 2885 1239 2891 ·

530 2965 625 3044 magis
647 2965 803 3044 magisque
827 2961 986 3024 ietiorihus
1009 2963 1092 3024 sonis

476 3135 479 3141 Α
530 3065 623 3148 pedes
647 3065 855 3148 frequentant,
879 3065 945 3146 iege
968 3073 1085 3127 servate
1109 3073 1220 3138 tamen,

530 3172 602 3232 dum
626 3188 679 3252 pes
702 3170 855 3232 secundus
877 3179 1004 3252 quartus
1027 3179 1058 3230 et
1081 3171 1263 3232 norissimus

465 3287 517 3330 eno
532 3291 653 3356 semper
675 3273 792 3336 dicatus
816 3289 876 3334 noo
898 3271 998 3336 iambo
1023 3275 1150 3335 serviet:

531 3396 601 3440 neni
624 3377 724 3440 nuiius
746 3375 822 3439 eiius
846 3377 984 3458 ponitur,
1010 3384 1126 3439 tentum
1151 3377 1230 3439 soiet

532 3481 723 3562 temporibus
747 3497 861 3562 aequus
885 3497 944 3541 non
970 3477 1075 3560 repetit
1099 3480 1279 3560 tribrachys.

531 3583 625 3667 quidi
648 3603 708 3648 non
732 3583 892 3646 trochaeus
916 3591 1086 3665 temporum
1111 3594 1156 3646 est
1180 3603 1275 3662 oeque
1300 3585 1411 3645 trium?

531 3684 590 3749 est:
613 3688 666 3750 sed
690 3687 833 3751 trochaeo
857 3687 944 3768 ionga
968 3689 1052 3768 prior
1074 3697 1119 3748 est
1140 3687 1263 3768 syliahe,

466 3806 518 3846 2215
533 3791 634 3854 brevis
657 3803 757 3855 eutem
780 3791 890 3862 iambo,
916 3789 1005 3870 ionga
1030 3798 1112 3873 post;
1136 3792 1184 3853 eui
1210 3809 1269 3852 non
1293 3801 1392 3872 potest

341 4051 514 4102 eles-2242
534 4049 606 4106 Mar.
631 4049 731 4103 Victor.
751 4053 794 4116 80,
816 4053 910 4118 i-et‚
931 4055 948 4104 3

340 4258 412 4310 21811
433 4257 538 4310 sexiens
559 4259 739 4310 Lachmannur
762 4261 852 4310 exiens
873 4260 903 4310 M
922 4262 1036 4326 gestiens
1057 4261 1141 4311 Aldus
1158 4261 1218 4311 inst.
1235 4275 1340 4326 protom,
1359 4277 1385 4326 p.
1407 4261 1459 4310 370
1528 4259 1596 4311 etet

273 4343 341 4394 nitor
359 4345 489 4410 impotens
509 4345 544 4395 uri
564 4347 650 4397 Aldus
669 4347 797 4412 impotens
817 4345 884 4395 nitor
903 4348 938 4397 tui
960 4348 990 4398 M
1060 4347 1128 4398 etue
1148 4347 1227 4396 nimis
1246 4359 1330 4396 cesset
1350 4347 1435 4397 breuis
1456 4345 1539 4395 Atrine
1558 4345 1598 4394 ui·

272 4431 323 4480 mis
342 4445 434 4482 secans
458 4431 546 4482 breuis
567 4431 708 4482 Bri-esoces
727 4433 804 4481 nimis
823 4447 909 4482 secum
936 4433 1021 4482 irrenis
1044 4433 1231 4482 Lachmannus.
1268 4434 1351 4481 mutim
1371 4433 1448 4482 nimis
1467 4431 1555 4480 stricto
1574 4441 1598 4480 et

271 4515 426 4580 breviores.
448 4517 518 4568 Mar.
542 4517 642 4570 Victor,
665 4535 692 4583 p.
710 4519 752 4575 80,
773 4520 795 4569 1.
815 4521 878 4579 132,
898 4522 930 4568 11
1001 4519 1070 4568 22οὔ
1088 4531 1114 4567 ιιι
1133 4519 1176 4581 qut
1195 4531 1212 4572 ς
1232 4519 1308 4581 Αιῳιι
1324 4518 1355 4569 M
1424 4517 1491 4567 2212
1510 4515 1599 4582 repeiii

263 4587 289 4658 Ις
306 4603 409 4670 repetiit
426 4602 461 4655 M
510 4605 578 4655 2213
598 4605 669 4655 Man
693 4605 793 4656 Vtetur.
811 4619 838 4669 p.
857 4606 902 4659 83,
925 4607 957 4653 27
976 4617 1134 4667 qtrnmqnnm
1153 4603 1334 4667 Terentianus,
1355 4617 1407 4654 non
1425 4601 1598 4669 poenitendus

273 4688 339 4739 inter
363 4701 463 4741 ceteros
486 4692 550 4740 sitis
574 4691 695 4740 metr-tene
717 4701 817 4748 auctor,
841 4689 931 4739 sedulo
957 4688 1110 4754 retrogetur.
1146 4702 1205 4738 nem
1224 4689 1364 4738 seeundum
1391 4688 1479 4738 sedem
1498 4687 1524 4737 in
1542 4699 1598 4738 tro·

273 4775 362 4826 ehsioo
381 4791 458 4828 versu
476 4776 590 4827 trimetro
608 4775 748 4825 nentateoto
767 4775 838 4824 reiut
855 4774 1000 4840 legitimum
1018 4775 1104 4824 iambo
1123 4774 1254 4839 adsignet,
1273 4789 1331 4823 enm
1350 4775 1418 4823 idem
1438 4775 1469 4823 nh
1488 4773 1598 4823 iambico

272 4875 354 4912 metro
374 4864 521 4914 trochaeum
541 4863 679 4914 excluserit
748 4862 817 4912 2214
837 4861 907 4928 prior
926 4873 965 4911 est
983 4861 1083 4925 spiinbn
1096 4861 1230 4911 Doreeer'ue
1248 4865 1317 4910 meter.
1335 4863 1393 4916 erit.
1405 4877 1433 4927 p.
1453 4862 1502 4921 2³,
1526 4861 1599 4927 prior

276 4945 375 5011 spiiehu
395 4949 425 4999 M
