3888 5550
330 383 395 450 466
609 399 712 448 naon
736 397 856 447 nnonn
882 383 929 469 [u.
954 381 1112 467 convoti]
1137 381 1357 448 snosanoms

331 499 355 538 p.
369 487 404 529 li.
417 489 444 529 li
458 489 487 530 V.

419 577 460 638 lle
485 575 585 638 colasi.
632 573 745 637 Colasis
762 584 805 637 est
822 575 914 638 dictio
929 573 1157 656 reprehendens
1180 581 1211 635 et
1232 575 1359 654 puniens
1382 576 1548 636 orationem
1574 548 1652 637 ultra

332 697 422 761 quam
445 678 528 740 credi
552 687 650 759 potest
673 677 805 762 elatam..
820 697 855 740 ac
871 680 895 740 si
919 681 1000 739 <liras
1024 677 1170 738 ‘velocior
1193 675 1273 738 Euro
1296 678 1579 763 paene',·quouianr
1604 697 1651 740 re-

331 781 427 846 locius
451 789 538 844 vento
564 780 637 844 nihil
662 783 774 862 poterit
798 782 936 862 reperiri.
1033 759 1039 770 ⁸
1277 851 1281 856 ,Ἴ
1342 834 1346 842 ,

418 883 460 946 lle
484 883 660 966 hyperbato.
707 883 900 965 Hyperbaton
924 893 970 946 est
985 885 1081 946 oratio
1098 902 1157 945 non
1181 901 1305 944 servans
1328 880 1466 944 ordinem
1490 901 1575 952 mox..
1598 884 1652 945 sed

331 995 446 1068 postea.
492 987 583 1067 huius
605 991 722 1068 species
744 999 814 1050 sunt
836 987 897 1060 llll,
922 986 1112 1070 parenthesis
1134 985 1338 1067 hysterologia
1360 987 1515 1068 synchysis
1542 993 1679 1050 crassost

399 1089 460 1178 'De
489 1089 673 1171 parenthesi.
719 1091 911 1153 Pareuthesis
934 1100 995 1163 est,
1026 1109 1094 1153 cum
1119 1089 1260 1150 dictionis
1283 1089 1358 1150 ordo
1382 1089 1560 1172 interposita
1582 1110 1651 1154 sen·

242 1205 246 1208 ·
291 1197 295 1201 ’
331 1193 423 1254 tentia
448 1191 614 1266 diducitur,
638 1204 740 1256 otest

485 1303 521 1358 at
543 1298 674 1377 regina
698 1296 804 1359 dolos
828 1299 925 1378 (quis
949 1297 1087 1358 lallerc
1111 1297 1231 1379 possit
1255 1295 1481 1374 amantemi).

485 1401 730 1480 praesensit.

415 1502 458 1565 Dc
482 1495 690 1582 hysterologia.
737 1501 943 1584 llysterologia
967 1502 1015 1565 vel
1033 1501 1323 1584 hysteronproteron
1341 1513 1401 1574 est,
1427 1522 1495 1566 cum
1513 1505 1543 1566 irl
1571 1504 1649 1584 quod
1664 1522 1689 1560 ao

331 1606 462 1687 primum
494 1625 558 1668 esse
588 1603 678 1667 debet
705 1611 808 1688 postea
832 1608 970 1687 ponitur,
1001 1617 1034 1667 ut
1062 1607 1187 1668 ‘scuta
1211 1605 1373 1669 latentia
1397 1607 1595 1690 condunt',
1622 1607 1651 1667 id

333 1717 379 1772 cst
402 1707 536 1771 condunt
563 1716 592 1770 ει
619 1706 742 1771 latentia
770 1708 892 1772 iaciunt.
939 1712 1018 1772 inter·
1050 1709 1252 1789 anastrophen
1277 1728 1351 1788 ergo
1374 1721 1404 1772 et
1427 1711 1652 1791 hysterologian

277 1809 279 1813 ’
330 1809 389 1874 hoc
419 1819 479 1883 est,
504 1809 583 1892 quod
613 1811 794 1892 anastrophe
824 1811 952 1874 duorum
983 1811 1143 1874 rethorum
1168 1831 1330 1893 perversus
1354 1813 1428 1876 crdo
1452 1815 1589 1895 ponitur,
1622 1823 1654 1874 ut

297 1905 299 1912 ’
330 1913 524 1996 Thestylis
547 1915 598 1976 et'
619 1932 679 1992 pro
701 1915 745 1976 ‘et
773 1914 953 1995 Thestylis’;
985 1914 1184 1996 hysterologia
1211 1935 1280 1978 vero
1304 1935 1446 1978 sensuum
1470 1915 1561 1978 hahet
1584 1903 1651 1979 curu

334 2015 436 2080 uerbis
458 2025 688 2100 praeposterum
713 2017 867 2088 ordinem,
893 2027 924 2080 ut
947 2028 991 2078 est
1666 2037 1690 2076 n

485 2129 641 2203 postera
666 2112 834 2184 Phoebea
858 2115 1050 2184 lustrabat
1073 2120 1246 2201 lampade
1272 2133 1398 2184 terras

476 2223 780 2306 ‘humentemque
804 2242 943 2294 aurora
967 2224 1052 2308 polo
1076 2225 1289 2286 dimoverat
1313 2225 1495 2286 umbram:

330 2329 430 2408 primo
453 2329 533 2390 enim
559 2327 655 2388 noctis
678 2325 785 2390 umbra
809 2326 950 2396 discedit,
975 2327 1071 2390 etsie
1094 2325 1137 2389 sol
1161 2330 1270 2390 oritur.

418 2431 460 2493 lle
490 2429 639 2511 synchysi.
688 2428 852 2511 synchysis
882 2441 927 2492 est
955 2428 1058 2491 multis
1087 2429 1381 2511 hyperbatis'unius
1411 2433 1557 2492 orationis
1581 2429 1654 2492 ordo

233 2526 236 2538 '
332 2533 428 2610 lactus
451 2551 626 2612 perversus,
652 2541 683 2593 ut
707 2543 752 2594 est
1667 2554 1693 2594 ao

486 2636 558 2697 tris
581 2643 692 2697 notus
715 2633 892 2716 abreptas
915 2637 951 2696 in
975 2653 1064 2698 saxa
1086 2635 1245 2700 latentia
1271 2646 1440 2718 torquet,
1562 2617 1567 2624 ⁴

486 2756 576 2801 saxa
601 2747 735 2800 vocant
759 2737 848 2800 ltali
871 2737 1004 2800 mediis
1028 2757 1120 2817 qnae
1143 2741 1179 2810 in
1203 2737 1394 2802 lluctihus
1418 2724 1518 2802 aras:

331 2841 405 2904 ordo
434 2851 479 2904 est
508 2843 575 2904 ‘tris
605 2850 694 2902 notus
723 2841 864 2921 abreptas
894 2844 926 2902 in
963 2859 1031 2903 saxa
1063 2850 1183 2919 torquet
1215 2829 1324 2904 mediis
1355 2842 1476 2904 latentia
1501 2843 1654 2915 fluctibns,

271 3019 273 3024 ,
330 2962 406 3026 quae
430 2964 499 3008 saxa
524 2943 589 3006 itali
610 2963 678 3007 aras
703 2949 829 3007 vocant!
1036 2937 1037 2942 ’
1470 3017 1474 3026 Ι
1531 2939 1535 2946 '

418 3047 458 3110 lle
481 3049 577 3111 tmesi.
611 3045 728 3110 Tmesis
744 3057 798 3118 est,
817 3067 884 3110 curn
903 3067 959 3110 una
980 3067 1051 3128 pars
1066 3050 1210 3110 orationis
1226 3059 1348 3112 secatur
1364 3047 1419 3110 alia
1440 3047 1447 3130 l
1467 3051 1653 3132 interposita,
1667 3069 1692 3110 ss

332 3160 364 3211 ut
387 3158 434 3212 est
457 3155 621 3231 ‘septem
647 3161 831 3230 conpacta
857 3153 1027 3221 triones',
1052 3151 1082 3212 id
1106 3159 1152 3214 est
1175 3155 1418 3232 septemtriones.

419 3251 460 3314 De
485 3254 670 3335 metaphora.
717 3252 891 3336 hletaphora
917 3262 962 3315 est
985 3255 1080 3315 oratio
1104 3273 1119 3316 a
1143 3257 1266 3336 propria
1289 3255 1509 3334 significatione
1533 3256 1569 3318 ad
1596 3275 1654 3317 uon

331 3356 483 3437 propriam
509 3355 660 3418 translata.
708 3359 860 3428 litantem
886 3356 981 3418 modis
1005 3355 1069 3418 llll:
1095 3355 1132 3416 ah
1156 3355 1278 3418 auirnali
1302 3355 1338 3416 ad
1362 3357 1509 3427 animale,

487 3458 858 3539 atqueguhernator
884 3477 1016 3538 magna
1041 3461 1376 3540 contorsiteryuos
1401 3463 1447 3530 vi,

331 3579 389 3642 pro
418 3563 521 3641 auriga
545 3565 676 3648 animoli
701 3561 829 3624 animale
853 3559 953 3643 pos'uit
976 3562 1227 3641 gubernatorem:
1254 3563 1290 3623 ab
1315 3563 1470 3627 inanimali
1496 3565 1531 3626 ad
1557 3567 1692 3626 inarari-so

332 3662 419 3734 male,
444 3673 476 3725 ut
501 3675 547 3726 est
577 3667 664 3746 ‘qua
688 3683 823 3747 sequar
846 3665 1004 3744 lastigie
1028 3667 1187 3760 rerum’;
1218 3684 1285 3727 tram
1310 3675 1341 3727 et
1364 3675 1515 3729 tectorum
1539 3668 1654 3745 fastigia

404 3871 521 3938 121inter
539 3869 716 3938 artastropheu
733 3889 761 3936 p.
781 3874 840 3930 450,
861 3874 904 3921 21.
925 3873 984 3930 402,
1004 3875 1038 3944 20
1109 3872 1142 3921 25
1160 3869 1197 3920 De
1217 3872 1289 3921 tmesi
1308 3889 1335 3938 p.
1355 3873 1414 3931 tlt,
1434 3873 1449 3922 'l

401 4044 417 4092 4
431 4039 587 4110 hyperbato]
603 4043 764 4108 hyperbaton
779 4043 803 4094 B
875 4047 890 4094 5
909 4055 970 4093 suin
983 4042 1016 4092 lll
1028 4045 1120 4094 omisso
1140 4043 1261 4095 uocabulo
1276 4043 1363 4093 tratesis
1383 4061 1410 4104 a,
1430 4045 1500 4110 quod
1511 4044 1604 4093 addidi
1620 4058 1658 4092 ec:

334 4129 414 4179 Dium.
434 4145 461 4194 p.
475 4131 535 4187 100,
549 4131 583 4179 25
597 4136 623 4179 et
636 4128 737 4180 Charis.
757 4147 783 4194 p.
799 4133 889 4190 275,7
942 4129 1032 4178 tmesis
1052 4129 1139 4182 orn.B
1193 4125 1507 4198 illiducitnrjdieiturli
1578 4123 1651 4194 Sar]

337 4216 416 4282 Ver-p.
427 4217 492 4268 Aen.
503 4215 572 4266 1111
583 4217 634 4265 296
696 4217 728 4265 10
747 4227 785 4264 est
797 4214 835 4264 uel
847 4225 1074 4281 ysterouproternu
1085 4213 1111 4263 B
1174 4217 1203 4264 11
1224 4208 1313 4280 setara]
1331 4216 1410 4279 Verg.
1425 4217 1491 4264 .·len.
1508 4213 1558 4264 111
1569 4215 1623 4264 237

334 4303 366 4353 13
386 4313 412 4351 ut
432 4300 542 4351 thestilis
562 4314 586 4350 et
605 4300 722 4364 thesrylis
744 4299 848 4361 (omisso
868 4315 914 4365 pro
934 4299 968 4362 ει)
989 4299 1028 4348 B:
1051 4299 1130 4366 Verp.
1150 4300 1232 4354 bucol.
1251 4301 1277 4360 2,
1297 4303 1330 4350 10
1400 4301 1433 4350 tt
1451 4313 1557 4350 sensum
1581 4297 1656 4348 lrahet

332 4401 390 4436 eum
411 4386 497 4436 uerbis
517 4387 693 4452 praeposteris
715 4387 830 4435 ordinem
851 4385 876 4437 B
949 4385 979 4434 16
999 4382 1115 4453 postero]
1141 4385 1395 4452 Verp.Aen.IlII
1414 4387 1429 4435 0
1501 4385 1531 4434 17
1553 4383 1655 4434 umbras

332 4471 358 4522 B
429 4475 461 4523 21
483 4469 540 4538 tris]
564 4471 643 4538 Verp.
658 4473 722 4527 Aen.
742 4470 758 4521 1
778 4477 828 4524 108
899 4475 932 4524 ‘23
959 4469 1010 4538 est]
1031 4483 1054 4522 et
1073 4471 1099 4521 B
1168 4471 1195 4522 iu
1214 4487 1262 4522 sax
1282 4472 1375 4522 mediis
1394 4487 1460 4534 quae
1479 4467 1621 4519 latentiaB

333 4561 366 4612 26
387 4553 504 4626 septem]
529 4559 607 4625 Ver-p.
625 4575 715 4625 georg.
735 4559 786 4610 Ill
806 4561 858 4610 301
934 4559 966 4610 ‘di
986 4559 1019 4608 ad
1039 4572 1087 4608 nou
1104 4559 1240 4625 propriam
1260 4557 1455 4608 similitudinem
1477 4555 1610 4606 Charisius
1627 4572 1655 4619 p.

332 4647 394 4709 272,
414 4649 430 4696 9
449 4653 475 4697 ει
494 4645 631 4696 Diomedes
647 4663 675 4712 p.
697 4650 757 4712 ⁴57,
777 4650 794 4696 5
865 4647 896 4698 '28
916 4646 947 4698 ah
967 4644 1072 4696 animali
1090 4644 1123 4695 ad
1142 4643 1280 4695 inanimale
1293 4641 1318 4692 B
1388 4645 1421 4694 29
1440 4653 1467 4692 nt
1485 4655 1655 4706 cumquegn-

244 4719 251 4726 ⁸
334 4732 455 4782 beruaror
475 4731 606 4782 Charisius
624 4749 650 4797 p.
671 4734 731 4793 272,
750 4733 784 4781 26
803 4739 829 4783 ει
846 4733 986 4784 Diomedes
1005 4749 1036 4798 p.
1056 4735 1115 4790 ⁴5⁷,
1135 4734 1182 4783 28:
1203 4730 1272 4782 Ean.
1292 4733 1380 4784 annal.
1399 4747 1420 4780 o.
1447 4730 1495 4779 160
1513 4729 1556 4780 ed.
1580 4726 1655 4778 Vati.

177 4863 186 4872 .
244 4809 247 4814 ¹
333 4819 367 4868 30
386 4832 433 4883 pro
453 4819 546 4884 auriga
563 4816 659 4868 anirnol
680 4817 810 4882 poeniali
882 4821 911 4868 31
933 4815 1108 4884 qtrasequur]
1135 4817 1213 4883 Verp.
1235 4817 1300 4867 Aera.
1322 4814 1337 4866 Ι
1358 4813 1657 4867 312εειιειιιηωεεε-

334 4915 400 4968 quer
418 4901 522 4967 lastigie
543 4917 628 4952 rerum
