3906 5564
830 1269 1003 1354 LIBER
1031 1268 1272 1354 TERTIVS

400 1609 669 1678 CONIVNCTIS
692 1611 831 1678 INTER
854 1610 907 1678 SE
930 1611 987 1678 ET
1011 1610 1163 1679 MIXTIS
1186 1611 1350 1678 METRIS
1374 1607 1691 1676 PRAGMATICVS

413 1781 434 1821 p.
449 1767 508 1810 ura.
521 1769 548 1810 aa
562 1767 585 1808 r.
637 1727 641 1742 ι
970 1775 1121 1781 ···-·--
1518 1779 1539 1821 p.
1556 1767 1599 1808 rsa.
1613 1766 1638 1806 aa
1653 1764 1679 1808 u.

472 1909 615 1972 Decursis
640 1918 805 1972 metrorum
828 1929 885 1992 per
908 1929 1013 1972 novem
1037 1910 1153 1992 species
1176 1909 1303 1990 fastigiis
1320 1909 1536 1992 elementisque
1553 1909 1705 1990 principa-

386 2011 478 2084 iiirus,
504 2030 581 2093 quae
603 2012 710 2074 Graeci
730 2009 938 2092 πρωτότυπα
953 2013 1034 2076 reiut
1050 2015 1164 2094 primas
1179 2015 1289 2094 figuras
1305 2011 1483 2096 appellando
1500 2015 1703 2104 nominarunt,
1719 2027 1732 2068 s

384 2115 498 2178 scilicet
521 2117 595 2178 artis
618 2114 742 2178 iruiusce
765 2119 877 2198 primo,
904 2126 936 2178 ut
958 2119 997 2179 ita
1022 2117 1160 2188 dixerim,
1185 2121 1314 2189 semina,
1338 2117 1499 2179 dicendum
1523 2115 1632 2178 deirinc
1657 2135 1704 2177 se·

384 2219 515 2281 cundum
544 2221 640 2301 ipsam
670 2219 847 2302 disciplinae
877 2221 1024 2301 originem
1053 2231 1289 2284 consentaneum
1319 2238 1405 2291 reor,
1441 2238 1517 2301 quae
1545 2237 1580 2281 ex
1610 2217 1704 2280 isdem

386 2321 476 2385 reiuti
501 2322 634 2386 sontibus
658 2322 789 2386 derivata
814 2323 850 2384 ad
879 2323 1114 2386 innumerabiles
1138 2334 1304 2394 metrorum
1332 2323 1450 2404 species
1474 2340 1553 2386 nuuc
1576 2341 1631 2405 per
1653 2321 1705 2384 ad·

386 2425 556 2497 iectiunem,
581 2445 660 2490 nunc
684 2427 901 2490 detractionem
926 2438 976 2490 aut
997 2430 1279 2491 transmutationem
1296 2425 1340 2488 vei
1356 2428 1618 2489 concinnationem
1635 2444 1705 2508 pro·

386 2531 514 2593 cessisse
530 2529 696 2592 rideantur.
743 2540 773 2593 et
795 2533 928 2612 quamvis
944 2548 1003 2594 non
1020 2541 1131 2612 queant
1146 2533 1246 2593 omnia
1270 2531 1309 2593 ob
1325 2533 1501 2593 immensam
1525 2529 1570 2592 sui
1586 2532 1704 2610 copiam
1720 2544 1747 2582 10

384 2633 618 2712 comprehendi,
647 2643 749 2716 utpote
772 2653 842 2697 cum
865 2635 926 2697 siut
949 2634 1185 2698 innumerabiles
1214 2635 1326 2715 figurae
1354 2634 1622 2715 compositionum,
1651 2652 1705 2695 seu

385 2755 460 2818 quas
482 2738 581 2817 prisca
604 2747 685 2820 aetas
708 2737 803 2808 dedit,
836 2755 888 2800 seu
911 2756 986 2818 quas
1014 2756 1146 2819 sequens
1169 2737 1284 2801 aemuia
1315 2737 1481 2799 imitatione
1508 2735 1706 2817 excogitando

384 2840 542 2924 produxit,
573 2851 673 2904 tamen
704 2860 738 2903 ex
763 2841 809 2903 iris
833 2861 908 2924 quae
932 2851 982 2904 aut
1008 2845 1152 2923 frequens
1176 2859 1249 2904 usus
1272 2840 1406 2903 celebrat
1432 2851 1484 2902 aut
1511 2844 1611 2921 potior
1634 2857 1704 2903 auc·

385 2948 492 3008 toritas
515 2945 690 3027 recipiendo
714 2945 921 3018 commendat,
946 2954 1036 3028 prout
1058 2953 1181 3027 potero,
1211 2944 1338 3008 sollicita
1367 2946 1595 3024 investigatione
1624 2963 1705 3006 com·

386 3049 536 3131 prehensa
577 3049 769 3131 depromam:
806 3068 865 3131 quo
900 3049 1028 3112 subinde
1058 3069 1091 3112 ea
1121 3067 1199 3131 quae
1227 3048 1335 3112 iatiunt
1371 3048 1448 3130 apud
1478 3060 1581 3128 poetas
1610 3057 1746 3111 metram

389 3153 558 3235 praeceptis
591 3152 770 3235 disciplinae
808 3153 994 3216 instruendis
1032 3153 1147 3215 iaciiius
1182 3152 1415 3232 intellegantur,
1451 3170 1509 3232 qua
1538 3161 1704 3214 metrorum

385 3257 502 3336 origine
526 3266 643 3328 exorta,
674 3275 731 3337 qua
761 3259 863 3337 specie
887 3249 1018 3336 'iigrrrnta
1042 3267 1092 3321 aut
1114 3259 1172 3319 situ
1204 3266 1374 3337 temporum
1399 3254 1514 3336 digesta
1538 3264 1590 3317 aut
1612 3274 1705 3336 capu·

385 3358 496 3422 latione
518 3377 633 3422 conexa
658 3361 825 3423 videantur.
872 3360 974 3440 itabat
992 3362 1074 3423 enim
1104 3371 1269 3422 metrorum
1299 3362 1378 3421 iuter
1400 3377 1433 3420 se
1456 3360 1533 3420 ratio
1556 3376 1705 3422 summam

385 3465 415 3524 in
439 3463 650 3542 cognoscendo
674 3463 872 3545 voluptatem,
894 3461 908 3548 ΙΙ
929 3483 986 3545 qua
1011 3472 1041 3524 et
1064 3471 1197 3524 ueterum
1222 3463 1278 3524 sub
1302 3480 1491 3544 quacumque
1515 3461 1581 3542 iege
1597 3461 1704 3524 tradita

385 3565 526 3628 celeriter
545 3565 806 3647 comprehendere
825 3576 854 3630 et
869 3568 959 3629 muita
972 3568 1029 3649 ipsi
1044 3566 1213 3628 aemuiante
1232 3565 1332 3628 studio
1344 3585 1418 3628 rrova
1432 3567 1593 3647 concipere
1605 3567 1705 3628 animo
1720 3587 1746 3628 ai

385 3680 474 3748 atque
493 3668 656 3734 iniormare
674 3671 835 3751 possimus.
870 3671 907 3733 ita
931 3672 1009 3732 enim
1029 3679 1210 3742 metrorum,
1235 3688 1311 3752 qrrae
1331 3689 1365 3732 ex
1391 3671 1506 3750 origine
1523 3670 1707 3732 noscendae

386 3773 552 3854 prototypis
568 3792 675 3836 novem
692 3773 855 3854 profluunt,
880 3776 958 3835 inter
979 3793 1012 3836 se
1028 3774 1156 3836 varietas
1173 3773 1364 3836 mnitiiormis
1380 3772 1461 3834 etde
1481 3775 1639 3853 praefinito
1655 3791 1704 3834 ve·

387 3876 442 3939 iuti
458 3876 647 3957 quorundam
662 3877 811 3939 seminum
832 3895 958 3940 numero
971 3877 1201 3940 inunmerabiiis
1216 3879 1302 3958 copia
1319 3887 1379 3947 est,
1405 3885 1438 3938 ut
1452 3874 1503 3938 iiie
1519 3875 1634 3940 locutus
1649 3879 1704 3938 Ar-

281 4057 285 4074 .
386 3979 555 4042 cirimedius
571 3979 838 4062 equattuordecim
858 3981 965 4042 crustis
979 3979 1132 4047 eburneis,
1157 3996 1237 4042 nunc
1252 3979 1415 4062 quadratis,
1439 3997 1519 4041 nunc
1536 3980 1702 4060 triangulis,

386 4102 466 4146 nurrc
489 4101 525 4144 ex
547 4091 673 4163 utraque
697 4085 797 4165 specie
815 4086 895 4146 varie
916 4084 1058 4163 figuratis,
1077 4079 1137 4165 [et]
1157 4083 1160 4165 i
1178 4082 1257 4144 velut
1278 4081 1453 4164 quibusdam
1471 4083 1615 4146 membris
1631 4085 1703 4147 artis
1716 4105 1743 4146 aa

385 4187 547 4250 struendae
571 4205 659 4250 causa
683 4189 867 4266 compositus
891 4186 1037 4268 proditur.
1085 4205 1152 4248 nam
1177 4197 1209 4247 ut
1231 4189 1261 4247 in
1292 4187 1341 4248 iiio
1366 4187 1522 4267 praefinito
1545 4204 1580 4248 ac
1603 4186 1702 4248 deter-

387 4325 594 4336 ————

456 4396 488 4447 18
505 4393 582 4444 habet
600 4395 667 4443 euim
687 4419 715 4430 —
739 4394 796 4456 101,
815 4397 832 4444 t
851 4405 1010 4460 propagatur
1030 4395 1093 4446 Atii.
1114 4392 1221 4448 Fortun.
1240 4395 1309 4444 2684

455 4581 693 4650 aquae1qotaB
780 4583 985 4634 8adiectiouem
1004 4595 1020 4638 ς
1039 4582 1211 4633 adiectionem
1231 4581 1292 4632 ΑΒ
1381 4583 1412 4632 10
1434 4579 1566 4648 qrranrvis]
1586 4583 1621 4645 qn
1642 4583 1704 4634 AB

387 4667 480 4710 cume
535 4657 565 4704 11
585 4663 675 4719 utpute
694 4651 719 4703 B
773 4653 805 4701 12
824 4668 870 4703 seu
888 4667 953 4716 quas
973 4653 1059 4718 prisca
1078 4665 1148 4703 uetes
1167 4653 1238 4702 dedit
1256 4655 1282 4703 in
1299 4667 1378 4715 marry.
1399 4649 1504 4701 addai
1573 4653 1604 4702 tu
1622 4649 1701 4720 qtrae]

388 4740 453 4788 quas
473 4721 566 4778 Aue
638 4723 669 4773 19
688 4723 713 4770 ἰιι
733 4723 916 4786 cognoscendo
935 4721 1117 4778 §AcitFort
1137 4720 1297 4788 ignoscendo
1317 4717 1377 4768 ΑΒ
1447 4721 1478 4770 21
1498 4715 1577 4787 quae]
1597 4723 1658 4784 quia
1678 4721 1703 4772 B

456 4788 597 4858 noscenda]
614 4789 735 4841 nascoudi
756 4791 779 4839 A
791 4788 816 4839 B
828 4804 844 4847 ς
931 4794 964 4842 ⁶23
983 4791 1109 4840 seminum
1125 4787 1242 4857 numero]
1264 4789 1436 4839 senrinumero
1453 4790 1480 4840 A
1491 4787 1515 4838 B
1533 4791 1673 4842 seminario
1686 4804 1704 4847 ς

455 4860 554 4912 loculus
582 4859 754 4910 arcirimedius
781 4855 807 4907 B
841 4858 940 4910 iocnius
964 4859 977 4908 ἐ
999 4859 1172 4910 archimedius
1201 4863 1225 4910 A
1263 4857 1361 4908 iocuins
1396 4874 1453 4908 esse
1486 4857 1659 4910 arcirimedius
1687 4874 1704 4917 ς

456 4931 489 4980 ut
506 4929 657 4994 ‹pirattuurd
668 4945 704 4978 ,ιη
724 4927 750 4978 Β
1475 4956 1488 4962 --
