3888 5550
740 341 853 394 naras
877 341 1137 392 annarnrarrcar.
1545 326 1609 394 423

285 538 313 600 p.
340 518 382 582 td
405 489 507 599 (i‘rob.
532 539 561 602 p.
584 516 637 592 40,
663 518 713 600 10)
739 523 777 584 de
799 523 859 584 bac
882 529 983 584 tuanen
1007 523 1130 582 ratione
1152 527 1181 582 et
1210 521 1249 581 cle
1276 522 1367 582 artorio
1396 523 1514 592 tiranno
1539 523 1607 601 ple·

280 628 350 686 rrius
372 625 403 686 in
419 627 564 688 institutis
580 628 710 699 artium,
741 627 775 686 id
796 634 839 688 est
860 626 939 686 libro
957 627 1074 702 prima,
1100 624 1274 694 docelinum·
1300 633 1330 685 et
1352 624 1491 688 similitor
1515 627 1607 706 primi

286 725 358 788 libri
374 727 550 809 inscriptio.
571 746 649 810 quae
666 728 724 789 luit
739 730 877 790 instituta
893 731 1016 800 artium,
1036 735 1269 790 commemorata
1288 737 1334 790 est
1349 747 1378 808 p.
1396 724 1441 790 69
1458 727 1560 808 (Proh.
1577 747 1606 810 p.

280 826 332 902 39,
356 827 397 906 3).
444 830 576 913 denique
605 830 642 892 de
673 829 766 905 verbo
795 829 943 892 cleiectlvo
971 835 1073 894 saluca
1104 830 1208 892 codem
1237 831 1326 893 ruodo
1357 829 1472 893 dictum
1501 840 1546 894 est
1575 835 1606 895 in
1671 861 1673 864 ·

284 935 382 1015 primo
406 932 487 996 libro
510 952 540 1015 p.
564 931 585 998 8
609 943 639 996 et
662 935 693 995 in
717 931 849 996 secundo
873 952 903 1014 p.
927 930 968 996 68
994 933 1094 1015 [Prob.
1119 951 1147 1013 p.
1165 929 1217 1004 38,
1244 931 1304 1011 15).
1351 935 1381 994 ln
1398 953 1459 1016 quo
1482 934 1548 997 loco
1572 933 1607 996 ll·

284 1037 334 1099 lud
365 1055 487 1119 quoque
510 1034 709 1100 memorabile
730 1046 789 1111 est,
819 1035 917 1100 Plauti
940 1036 1072 1100 tabulam
1093 1036 1328 1108 Truculentum,
1360 1055 1397 1100 ex
1420 1054 1478 1116 qua
1503 1057 1607 1100 exem·

286 1139 369 1224 plum
393 1141 581 1224 adscriptum
605 1150 661 1212 est,
685 1142 806 1220 saepius
829 1159 846 1202 a
868 1142 1067 1220 grammatico
1092 1149 1265 1220 usurpatam
1290 1159 1370 1212 esse,
1394 1159 1423 1222 p.
1447 1137 1489 1204 27
1507 1141 1544 1204 de
1559 1161 1607 1206 so·

283 1244 444 1317 loecismo,
468 1265 498 1328 p.
521 1241 562 1308 31
587 1245 625 1308 de
648 1242 873 1326 aeschrologia,
898 1262 925 1325 p.
949 1239 991 1316 38
1015 1242 1053 1306 de
1076 1245 1209 1306 astismo.

366 1347 489 1412 Tertius
517 1348 597 1412 liber
624 1345 662 1412 de
685 1349 804 1418 metris,
832 1350 864 1410 in
893 1367 953 1430 quo
975 1345 1039 1410 solo
1064 1356 1149 1408 uetus
1172 1349 1307 1412 auctoris
1336 1367 1446 1412 nomen
1470 1347 1606 1412 relictum

282 1459 342 1520 est.
367 1471 384 1514 a
406 1451 562 1534 prioribus
585 1450 720 1522 duobus,
745 1459 904 1534 antequam
928 1449 970 1512 illl
991 1453 1024 1512 in
1048 1449 1125 1514 hanc
1141 1451 1269 1513 sormam
1293 1470 1369 1533 quae
1394 1469 1474 1514 nunc
1497 1461 1543 1516 est
1558 1471 1606 1516 re·

283 1553 479 1635 digerentur,
507 1563 666 1635 separatus
695 1564 770 1618 erat.
816 1571 997 1636 quamquam
1026 1561 1126 1616 autem
1157 1555 1188 1616 in
1211 1552 1268 1616 boc
1292 1572 1410 1636 quoque
1434 1554 1471 1618 ab
1495 1557 1531 1618 ils
1554 1558 1607 1638 qui

279 1667 383 1740 postea
408 1657 520 1722 librum
538 1665 743 1721 tractaverunt
758 1658 838 1721 baud
861 1656 955 1720 dubie
971 1657 1118 1740 quaedam
1134 1665 1245 1720 mutata
1269 1667 1353 1729 sunt,
1378 1668 1496 1730 tamen,
1514 1678 1605 1742 prop·

281 1770 363 1824 terea
393 1761 474 1842 quod
507 1763 572 1841 ipse
596 1761 745 1824 Sacerdos
773 1760 866 1824 multa
890 1761 1086 1842 neglegenter
1113 1763 1277 1842 scripserat
1306 1770 1337 1824 et
1366 1763 1510 1826 metricae
1533 1766 1606 1826 artis

280 1883 386 1946 parum
417 1865 533 1948 peritus
557 1873 637 1936 erat,
667 1868 767 1930 minus
791 1873 872 1928 certa
899 1873 970 1928 sunt
999 1883 1104 1928 eorum
1132 1882 1208 1946 qliae
1232 1873 1334 1944 postea
1364 1874 1508 1947 corrupta
1537 1879 1607 1930 sunt

280 1969 403 2032 indicia.
449 1970 550 2052 ltaque
578 1987 639 2031 non
667 1968 798 2030 dubitavi
827 1969 1018 2048 grammatici
1046 1967 1252 2050 neglegentiae
1281 1976 1311 2028 et
1340 1969 1510 2049 imperitiae
1552 1971 1604 2031 tri·

281 2070 389 2142 buere.
415 2071 494 2152 quod
518 2075 549 2136 in
573 2071 720 2154 exemplis
744 2079 912 2134 metrorum
935 2070 974 2132 ab
990 2071 1055 2150 ipso
1071 2071 1159 2132 lactis
1181 2070 1227 2132 vol
1251 2070 1280 2131 in
1304 2069 1532 2135 delinitionibus
1554 2091 1605 2134 eo·

280 2193 346 2237 rum
375 2193 452 2258 quae
475 2193 492 2238 e
514 2175 701 2238 carminibus
729 2183 889 2254 poetarum
919 2173 1070 2255 adscripta
1099 2182 1170 2236 sunt
1197 2190 1287 2252 saepe
1312 2191 1484 2236 mensuram
1516 2174 1604 2257 sylla·

280 2276 388 2342 barum
413 2288 444 2340 et
466 2280 601 2343 rationes
625 2297 766 2342 versuum
791 2278 878 2340 ioede
902 2275 1042 2358 neglexit.
1089 2277 1119 2338 ln
1143 2295 1203 2357 quo
1220 2294 1332 2356 genere
1356 2286 1416 2340 tam
1441 2275 1532 2340 multa
1551 2297 1606 2361 per

283 2391 379 2446 totum
404 2381 516 2446 librum
540 2392 673 2464 peccata*
689 2389 771 2454 sunt,
793 2390 826 2445 ut
849 2399 946 2462 neque
970 2377 1124 2463 probabili
1146 2380 1356 2444 emendatione
1379 2383 1478 2444 vitiosi
1501 2400 1606 2446 versus

282 2485 318 2549 ad
342 2504 411 2549 suas
434 2485 518 2566 leges
542 2487 678 2550 revocari
702 2503 801 2568 neque
816 2483 1039 2566 interpolationl
1062 2481 1154 2546 tribui
1180 2485 1332 2565 possintf)
1378 2493 1485 2546 contra
1502 2501 1606 2548 recen·

281 2592 395 2653 tiorum
418 2591 685 2670 grammaticorum
709 2587 808 2671 culpa,
833 2607 893 2650 non
918 2585 1091 2649 Sacerdotis
1114 2586 1314 2666 neglegentia.
1338 2589 1451 2650 lactum
1475 2607 1540 2650 esse
1565 2590 1605 2650 vl·

281 2692 370 2756 detur
398 2702 431 2757 ut
459 2711 568 2774 graeca
598 2690 751 2774 exempla,
787 2708 916 2773 quorum
947 2708 1073 2770 magnus
1103 2707 1248 2753 numerus
1278 2691 1307 2753 in
1339 2689 1487 2774 dactylico
1517 2701 1547 2756 et
1573 2695 1605 2756 in

351 2879 377 2945 ⁸)
398 2877 524 2950 Exempla
542 2882 598 2932 eius
624 2882 726 2948 generis
752 2897 873 2947 versuum
893 2895 977 2947 nuper
995 2879 1089 2946 collegi
1108 2889 1209 2943 quaest.
1230 2894 1340 2946 gramm.
1359 2891 1426 2948 part.
1443 2881 1475 2932 lll
1489 2882 1522 2932 de
1541 2883 1605 2935 liar.

279 2967 345 3019 Plot.
365 2965 471 3024 Sacerd.
491 2968 556 3019 libro
575 2967 699 3018 demetr.
720 2983 746 3033 p.
759 2967 818 3017 l'lll
837 2983 888 3030 sq.‚
910 2981 976 3031 quiae
995 2965 1044 3015 lroc
1064 2965 1120 3016 loco
1140 2975 1260 3032 repetam.
1299 2965 1419 3018 llrrnlibus
1438 2966 1546 3032 syllabis
1566 2971 1606 3019 in-

278 3052 426 3106 differenter
445 3069 508 3106 usus
533 3065 580 3112 est,
604 3065 629 3104 et
646 3053 736 3104 breves
756 3053 861 3117 quidem
880 3052 1004 3120 produxit
1027 3053 1053 3101 ln
1077 3051 1126 3111 luis,
1146 3067 1172 3119 p.
1193 3053 1261 3103 2629
1279 3059 1452 3120 armatumque
1471 3070 1535 3106 acero
1554 3071 1605 3105 su-

277 3141 390 3206 epeoeit
410 3139 525 3205 Oriona,
545 3142 636 3191 Iuntina
655 3142 699 3206 qui
713 3141 790 3204 finem
808 3145 876 3191 ottae
892 3141 962 3205 feci
968 3147 977 3189 t
996 3145 1026 3190 et
1044 3139 1098 3198 iile,
1119 3152 1145 3205 p.
1165 3141 1233 3190 2630
1252 3147 1280 3190 at
1298 3139 1358 3190 tuba
1377 3139 1517 3191 terribilem
1535 3143 1604 3192 aoni-

264 3227 329 3276 'tum
344 3229 530 3292 proculcare
548 3242 639 3286 curvo,
660 3227 839 3277 Dardanidum
848 3225 991 3290 fortissime
1008 3241 1116 3291 anagnae
1133 3229 1242 3290 pentir
1256 3225 1369 3285 Hector,
1390 3242 1414 3292 p,
1430 3227 1497 3278 2632
1518 3227 1604 3292 Dupl-

278 3314 346 3364 nidia
369 3313 418 3364 boc
440 3320 545 3366 metrum
563 3314 602 3364 oei
624 3311 760 3378 Tigrridie
782 3318 989 3373 eneconem,
1014 3327 1040 3377 p.
1059 3312 1127 3364 2633
1145 3313 1294 3376 exempla
1313 3327 1373 3362 uero
1393 3328 1439 3363 aas
1457 3314 1541 3364 ornrria
1560 3331 1605 3364 no·

278 3407 335 3450 atra
353 3399 455 3462 damus,
480 3398 614 3450 Musarum
633 3400 718 3449 cecini
734 3413 800 3449 nunc
818 3405 934 3449 cuncta
952 3405 1034 3448 naetra
1053 3396 1105 3457 tibi,
1128 3405 1311 3462 praecepta
1329 3413 1470 3448 memorans
1491 3401 1523 3448 cie
1541 3416 1603 3464 pec·

280 3491 338 3535 tore
362 3486 481 3542 caelesti,
506 3500 532 3551 p.
551 3485 619 3536 2634
641 3486 822 3548 grammaticus
845 3486 901 3535 ciat
923 3483 987 3535 baec
1005 3485 1121 3534 carmina
1138 3486 1176 3533 ric
1195 3485 1272 3550 alepi,
1293 3500 1319 3549 p.
1339 3485 1406 3533 2642
1425 3486 1507 3536 latina
1526 3488 1603 3536 trado

279 3573 425 3622 carmina
446 3572 485 3621 sic
508 3569 653 3633 Sacerdos,
678 3586 702 3637 p.
722 3571 790 3622 2643
812 3571 882 3621 aaloe
906 3585 921 3620 o
941 3568 1058 3620 Lesbia
1082 3569 1199 3634 Sappho,
1226 3584 1250 3634 p.
1274 3569 1341 3620 2667
1365 3585 1431 3620 nunc
1454 3577 1480 3621 te
1499 3569 1604 3622 Bacclle

278 3671 369 3707 canam
392 3672 439 3708 nec
462 3671 512 3706 non
529 3658 701 3708 silvestria
725 3665 819 3720 tecnam,
844 3671 871 3722 p.
891 3657 960 3707 2668
978 3657 1060 3706 istaec
1077 3636 1209 3721 conposui
1232 3663 1314 3706 metra
1333 3654 1466 3708 Sacerdos
1483 3659 1604 3722 optima

279 3758 358 3802 nnnc,
379 3757 524 3808 pauperum
543 3742 666 3794 tabernas
689 3745 778 3810 regie
796 3759 811 3794 a
830 3742 903 3793 beate
921 3758 1059 3809 regumque
1078 3743 1166 3792 turris.
1205 3755 1296 3792 aarum
1314 3743 1408 3808 longas
1431 3744 1558 3809 corripuit
1576 3759 1602 3809 p.

279 3829 348 3880 2634
365 3827 413 3880 boc
430 3835 536 3880 metrum
553 3812 670 3895 coeptum
689 3829 838 3894 Simplici
855 3829 927 3880 iussa
946 3835 1022 3886 tenet,
1042 3842 1068 3895 p.
1089 3829 1156 3881 2637
1175 3827 1323 3894 Simplici
1339 3845 1431 3880 sumana
1448 3837 1528 3880 utrum
1543 3830 1603 3879 aliar·

278 3916 453 3966 cimesumme
465 3916 553 3972 einen,
574 3929 598 3981 p.
611 3915 679 3965 2664
697 3930 778 3980 carpe
797 3916 863 3966 diem
881 3931 956 3982 paam
975 3915 1098 3964 minimum
1117 3916 1253 3966 dolendo
1278 3931 1334 3966 aros.
1371 3915 1469 3966 medius
1488 3915 1602 3980 syllabas

246 4025 250 4031 ·
280 4010 371 4050 natura
397 3999 489 4050 breves
515 4013 622 4067 propter
645 4011 777 4050 accentum
801 4000 999 4064 vocabalorum,
1027 4013 1056 4050 ut
1083 3999 1195 4060 ridetur,
1226 4001 1351 4068 produxit
1378 4016 1404 4067 p.
1428 4003 1494 4051 2634
1520 4002 1603 4064 defuit

278 4088 422 4152 exemplum
445 4087 491 4137 tibi
512 4101 610 4153 ponere
634 4089 723 4137 lectum
744 4090 851 4152 priua.
874 4102 900 4154 p.
924 4087 992 4137 2649
1016 4101 1088 4136 arma
1107 4085 1177 4148 serie
1201 4087 1276 4137 date
1299 4091 1352 4138 teia
1375 4091 1473 4149 celata,
1496 4087 1537 4136 bic
1558 4103 1603 4137 arc-

277 4171 385 4238 perbum
406 4171 541 4224 Tantalum
559 4174 687 4225 concinam
707 4171 796 4224 inuia
817 4175 871 4223 alti.
893 4173 1024 4240 positione
1048 4171 1140 4239 longas
1164 4172 1289 4240 corripuit
1313 4189 1337 4240 p.
1356 4175 1424 4224 2637
1446 4176 1502 4239 ipse
1524 4183 1603 4239 pater

278 4265 361 4309 tuam
385 4257 507 4325 Iuppiter
530 4261 602 4325 erige
626 4261 736 4316 danum,
761 4273 786 4324 p.
811 4260 879 4309 2646
898 4260 1053 4327 fractosque
1081 4275 1165 4311 remos
1193 4261 1302 4325 differat
1326 4261 1447 4310 ardicus
1464 4261 1601 4323 ocrearius,

279 4359 305 4410 p.
324 4345 392 4396 2662
410 4342 516 4396 Boreas
538 4349 631 4414 pelago
647 4345 778 4410 feruido
802 4347 947 4410 crepitans,
974 4360 1001 4413 p.
1025 4347 1093 4396 2663
1111 4347 1139 4396 di
1161 4345 1222 4397 boni
1243 4354 1373 4398 seruate
1392 4345 1602 4398 Sacerdotem

277 4445 333 4480 ooo
351 4432 509 4482 colentem
527 4447 589 4487 uos.
625 4431 759 4482 elisionem
780 4431 907 4481 vocalium
930 4433 956 4482 in
976 4431 1028 4482 ilne
1047 4431 1232 4482 vocabulorum
1252 4432 1340 4482 omisit
1353 4447 1378 4499 p.
1391 4433 1457 4482 2634
1470 4433 1601 4482 scnemata

277 4516 433 4568 omninibus
450 4519 555 4568 cecini
572 4517 636 4570 baec
648 4517 718 4568 oobir
729 4521 815 4582 plane,
836 4533 861 4583 p.
875 4519 942 4569 2637
960 4519 999 4568 sic
1019 4517 1065 4567 tibi
1082 4520 1151 4568 arilia
1170 4520 1226 4569 dies
1244 4519 1472 4582 maiumiafecat,
1492 4534 1517 4584 p.
1532 4521 1599 4571 2643

275 4605 365 4653 ealoe
384 4587 407 4654 a
421 4601 517 4654 Lesbia
535 4603 658 4670 Sappllo‚
678 4619 705 4670 p.
724 4603 793 4654 2646
816 4619 904 4654 cessar
927 4605 1075 4654 arodicum
1099 4620 1175 4655 errae
1197 4605 1315 4662 dicundo,
1341 4619 1366 4671 p.
1392 4606 1458 4655 2647
1477 4620 1534 4655 ore
1552 4607 1600 4656 arl-

276 4687 446 4740 iaborancium
464 4697 504 4740 eat
523 4688 577 4748 tibi,
596 4704 621 4754 p.
636 4689 704 4740 2662
722 4689 824 4754 lapidet
842 4703 912 4740 mare
931 4691 1018 4754 turpi
1023 4691 1041 4740 ci
1047 4707 1090 4739 rant
1109 4693 1204 4749 eluens,
1224 4707 1249 4756 p.
1263 4691 1331 4740 2663
1351 4693 1494 4757 quaesieris
1511 4694 1599 4744 scire

277 4773 334 4835 boc,
354 4782 498 4840 nepotem
516 4777 670 4838 oconficere
688 4775 816 4834 studebat,
836 4790 861 4840 p.
882 4775 950 4825 2636
973 4777 1041 4826 scire
1066 4777 1142 4840 aresces
1158 4779 1254 4840 finem
1273 4793 1327 4827 eum
1346 4793 1417 4844 quem
1442 4778 1487 4828 tibi
1510 4779 1538 4828 cii
1555 4780 1599 4830 cie-

277 4860 351 4923 dere,
371 4876 397 4926 p.
416 4861 484 4912 2660
506 4864 584 4936 siluae
603 4862 665 4912 dna
692 4865 746 4912 uita
765 4864 833 4912 aloe
851 4861 983 4912 obruebat.
