3888 5550
420 363 492 430 444-
698 363 1023 451 nocturnorum.
1049 365 1212 454 curvom]
1236 381 1457 434 stennoorts

420 464 575 516 μηῆῐ

423 573 552 636 quorum
569 554 691 644 quidem
708 556 826 636 species
848 558 987 636 genetivo
1010 558 1192 642 dinoscitur,
1222 567 1255 620 ut
1277 557 1392 643 cultusj,
1418 561 1442 620 si
1459 561 1497 620 sit
1513 577 1632 630 nomen,
1657 559 1744 622 huius

421 656 520 720 cultus
544 659 651 728 laciet,
675 658 700 720 si
716 659 909 738 participium
926 664 1073 742 temporis
1089 661 1262 741 praeteriti,
1287 660 1378 724 huius
1401 661 1484 724 culti.
1531 681 1601 724 nam
1624 665 1742 747 sapiens

423 769 561 842 tempore
585 763 795 842 participium.
826 765 1053 844 comparatione
1076 781 1186 827 nornen
1210 763 1399 827 declaratur:
1423 783 1492 829 nam
1516 767 1541 826 si
1569 768 1677 829 iecerit
1698 767 1742 829 lu·
1830 749 1833 754 ¹

421 872 491 926 turo
514 872 650 946 tempore
674 865 843 946 sapiturus.
867 867 987 948 sapiens
1003 870 1196 950 participium
1220 875 1282 940 est;
1306 870 1331 931 si
1355 869 1461 942 lecerit
1482 869 1602 951 sapiens
1625 874 1741 952 sapien·

422 968 481 1030 tior
503 968 756 1048 sapientissimus,
790 987 899 1032 nomen
929 979 985 1032 est.
1030 980 1100 1050 sunt
1124 975 1244 1034 nomina
1279 989 1357 1052 quae
1385 972 1519 1051 speciem
1541 973 1653 1036 habent
1676 986 1767 1053 par-⁵

421 1073 608 1154 tlcipiorum.
634 1091 693 1134 nun
718 1081 817 1134 tamen
842 1082 913 1135 suot
935 1075 1112 1155 participia,
1134 1084 1166 1136 ut
1188 1074 1299 1138 decens
1322 1074 1450 1155 pudens.
1488 1084 1557 1138 sunt
1571 1079 1742 1156 participia

421 1176 486 1238 sine
510 1174 594 1237 verbi
618 1175 744 1237 alicuius
766 1175 947 1250 substantia,
972 1185 1005 1240 ut
1028 1177 1178 1239 tunicatus
1202 1177 1335 1258 galeatus
1355 1179 1521 1260 pudendus.
1568 1183 1667 1242 omnia
1689 1182 1741 1259 igi·

421 1290 470 1342 tur
495 1281 653 1362 participia
677 1291 729 1343 aut
753 1298 771 1341 u
795 1291 863 1342 ets
887 1282 1090 1343 terminantur
1113 1283 1257 1362 temporis
1281 1285 1468 1364 praesentis,
1494 1294 1527 1345 ut
1549 1301 1668 1352 amans,
1694 1291 1742 1344 aut

421 1400 474 1445 rus
501 1385 649 1464 temporis
672 1383 765 1445 luturi
790 1385 966 1453 activitatis.
992 1393 1024 1446 ut
1047 1392 1218 1456 amaturus,
1243 1394 1294 1447 aut
1316 1386 1372 1447 dtts
1395 1387 1540 1465 temporis
1563 1387 1655 1448 iuturi
1677 1404 1740 1465 pas·

420 1487 562 1557 civitatis.
588 1497 621 1549 ut
644 1487 804 1549 amandus:
831 1489 976 1568 temporis
1000 1488 1156 1568 praeteriti
1180 1497 1231 1550 ant
1253 1498 1316 1562 tus,
1340 1497 1373 1552 ιιι
1387 1499 1518 1560 amatus,
1542 1497 1593 1551 aut
1616 1507 1688 1558 sus,
1711 1499 1741 1551 ut
1754 1503 1779 1543 1⁰

420 1608 531 1661 nexus,
555 1599 607 1653 aut
628 1607 697 1661 sus,
722 1599 754 1651 ut
776 1591 856 1652 visus
877 1599 976 1653 tersus
999 1609 1125 1654 mersus.
1169 1591 1226 1654 hoe
1249 1601 1350 1656 tamen
1373 1595 1451 1656 scire
1473 1593 1635 1664 debemus,
1665 1591 1740 1674 quod

419 1694 614 1774 participium
644 1712 695 1756 sus
719 1695 914 1755 terminatum
939 1701 989 1756 aut
1011 1695 1049 1756 de
1071 1693 1203 1758 secunda
1228 1697 1286 1758 erit
1308 1683 1528 1777 coniugatione
1549 1705 1600 1758 aut
1623 1696 1661 1758 de
1683 1705 1740 1758 ter·

418 1799 458 1858 tia
488 1805 639 1880 corrupta.
684 1795 736 1859 sed
766 1795 841 1858 ltaec
865 1797 1001 1879 exempla
1024 1799 1062 1860 de
1085 1815 1197 1879 genere
1220 1799 1387 1862 masculino
1410 1808 1481 1862 sum
1503 1807 1618 1862 tantum
1643 1800 1739 1862 modo.

419 1909 555 1982 excepto¹
578 1913 715 1982 tempore
744 1903 900 1983 praesenti
929 1909 1029 1964 cetera
1057 1904 1157 1965 omnia
1180 1920 1293 1984 genere
1321 1904 1466 1966 feminino
1488 1921 1505 1964 a
1530 1906 1738 1974 terminantur,

420 2011 528 2066 neutro
551 2022 606 2067 nt:
638 2007 759 2068 numeri
782 2008 814 2068 in
838 2005 1005 2085 participiis
1029 2005 1193 2078 duosam,
1217 2005 1396 2086 singularis,
1421 2016 1454 2070 ut
1470 2007 1520 2070 ltic
1536 2006 1653 2077 doctus.
1678 2008 1775 2088 plu-1⁵

423 2107 506 2179 ralis,
525 2117 557 2172 ut
574 2107 604 2170 hi
620 2107 712 2170 docti.
744 2115 814 2171 sunt
830 2125 891 2169 non
906 2108 985 2170 nulla
1004 2111 1162 2192 participia
1179 2127 1256 2192 quae
1272 2110 1389 2172 adiecta
1407 2112 1630 2192 praepositione
1645 2120 1741 2174 trans·

421 2220 495 2274 eunt
518 2213 547 2274 in
572 2229 704 2284 nomen,
731 2220 763 2274 ut
785 2212 933 2274 innocens
956 2213 1096 2276 indoctus
1118 2213 1283 2277 indomitus
1298 2215 1440 2278 insciens.
1487 2233 1544 2277 nec
1567 2219 1650 2277 eninr
1673 2233 1738 2297 pos·

419 2326 492 2378 sunt
513 2318 557 2377 sic
581 2333 649 2378 cum
675 2315 898 2396 praepositione
923 2334 940 2376 a
965 2315 1058 2378 verbo
1082 2319 1203 2380 tenire:
1235 2335 1325 2380 uento
1349 2317 1429 2380 enim
1453 2317 1526 2379 dicit
1549 2321 1676 2380 innocen
1700 2321 1744 2379 ccl

418 2418 563 2481 lttdoceor
586 2415 632 2480 'vel
657 2417 795 2480 indomor
819 2417 863 2480 vel
888 2420 998 2490 inscio,
1029 2421 1108 2482 sicut
1130 2419 1266 2498 indicens
1289 2429 1318 2482 et
1341 2419 1479 2482 iudicans
1499 2421 1628 2492 iudic0‚'
1646 2435 1674 2484 et
1696 2426 1739 2482 in-

418 2521 531 2604 sipiens
553 2523 673 2602 insipie.
1751 2541 1774 2580 at

897 2675 945 2738 DE
968 2675 1253 2741 coutvncrtotts

506 2816 686 2880 Coniunctto
711 2822 848 2896 estpars
871 2817 1016 2879 orationis
1038 2816 1203 2880 adnectens
1225 2815 1430 2899 ordinansque
1453 2817 1627 2879 dictionem.
1673 2835 1739 2880 con·

418 2919 565 2982 iunctioni
588 2917 731 2982 accidunt
755 2920 825 2990 tria.
849 2928 984 2998 potestas
1007 2920 1102 3000 figura
1126 2921 1210 2982 ordo.

508 3023 644 3086 Potestas
666 3025 698 3086 in
722 3024 855 3105 quinque
878 3022 1029 3084 dividitur.
1075 3033 1146 3086 sunt
1168 3025 1249 3084 enirn
1272 3022 1459 3103 copulativae
1475 3023 1670 3088 disiunctlvae
1690 3045 1738 3087 ex·

420 3125 550 3209 pletivae
567 3126 703 3188 causales
720 3126 892 3188 rationales.
938 3123 1122 3207 copulativae
1143 3135 1214 3187 sunt
1237 3143 1302 3195 sex,
1327 3134 1357 3186 et
1379 3144 1437 3204 que
1461 3136 1490 3188 at
1513 3137 1601 3209 atque
1625 3147 1660 3190 ac
1683 3138 1737 3191 nst:
1752 3129 1775 3170 ἦ

418 3239 450 3291 ιιι
474 3232 527 3290 ‘et
555 3237 588 3292 te
611 3216 799 3292 montosae
821 3229 985 3298 misere’,
1015 3229 1137 3311 ‘teque
1161 3229 1230 3292 isto
1258 3247 1410 3308 corpore
1434 3233 1484 3302 s.’,
1513 3235 1562 3292 ‘at
1586 3229 1670 3293 tuba
1692 3225 1738 3310 ι.Ἰ

342 3357 345 3362 ·
419 3333 545 3413 ‘atque
574 3349 614 3393 ea
638 3331 812 3400 diversa’‚
837 3330 896 3392 ‘ac
921 3350 974 3394 me
1002 3350 1082 3394 cum
1106 3330 1147 3394 ab
1171 3331 1429 3410 reliquorum',
1454 3335 1525 3396 ‘ast
1547 3333 1589 3394 de
1614 3353 1665 3397 nte
1688 3335 1738 3396 di·

417 3439 523 3498 vum'.
571 3434 768 3496 disiunctivae
797 3451 868 3494 vero
896 3436 1044 3514 qttiuque,
1074 3445 1124 3498 aut
1152 3434 1198 3518 vel
1229 3453 1263 3518 re
1287 3453 1343 3498 uec
1372 3454 1484 3518 neque:
1516 3446 1549 3498 ut
1579 3437 1653 3498 ‘aut
1675 3453 1737 3516 age

418 3539 617 3608 diversos',
656 3537 728 3598 ‘vel
763 3548 800 3601 tu
828 3538 924 3618 quod
953 3543 1000 3608 s.’,
1029 3539 1244 3602 ‘miscerive
1275 3539 1410 3618 probet
1437 3538 1626 3621 pupulos’‚
1656 3547 1737 3602 ‘nec

416 3639 624 3652 ..υ-ὰ-

487 3679 520 3729 19
538 3675 583 3726 ΒΕ
603 3673 852 3727 CONlVNCTlONE
874 3677 939 3730 Bon.
959 3677 1019 3736 388,
1039 3678 1074 3724 27
1093 3676 1174 3726 lllont.
1196 3679 1256 3738 ets,
1277 3679 1310 3726 1²

486 3797 633 3863 especiem
653 3795 747 3846 liabent
769 3797 966 3864 participiorum
991 3807 1018 3846 ut
1036 3795 1131 3845 docens
1151 3797 1252 3862 pudens
1273 3811 1324 3847 non
1344 3809 1427 3848 tamen
1448 3811 1508 3848 sum
1528 3799 1666 3865 participia
1683 3801 1736 3850 siue

416 3885 486 3936 uerbi
511 3881 597 3946 aliqua
622 3883 767 3934 substantia
787 3881 819 3934 B.
854 3883 948 3934 decens
972 3883 1062 3947 recepi
1084 3897 1119 3932 ec
1139 3880 1220 3934 Diem.
1243 3900 1270 3948 p.
1291 3885 1352 3946 381,
1372 3886 1407 3942 29,
1434 3882 1638 3949 iopen-sonalium
1660 3885 1736 3936 decli-

419 3973 489 4021 natio
509 3983 561 4020 non
586 3967 661 4018 laclle
687 3967 800 4020 admittit
822 3969 972 4035 participia,
996 3979 1020 4018 et
1039 3978 1125 4017 errant
1143 3969 1188 4031 qui
1211 3967 1305 4018 decens
1324 3968 1426 4036 pudens
1445 3971 1582 4037 participia
1600 3972 1736 4038 opinentur

417 4071 491 4116 esse,
515 4069 573 4105 cnm
601 4055 654 4105 sint
676 4054 865 4121 appellationes
920 4057 952 4105 tu
971 4065 998 4102 ιιι
1016 4063 1117 4104 amatus
1136 4064 1181 4104 aut
1198 4069 1229 4104 ns
1249 4069 1331 4104 nexus
1351 4067 1376 4104 et
1394 4071 1440 4106 sus
1460 4055 1485 4106 B
1556 4058 1736 4108 torrentesut

417 4143 450 4194 ad
464 4144 547 4206 (corr.
560 4138 598 4209 in)
612 4155 705 4193 nomen
723 4141 749 4192 B
821 4143 851 4192 ts
871 4143 980 4190 innocen
999 4139 1037 4190 vel
1051 4156 1097 4191 om.
1112 4139 1146 4196 B.
1159 4139 1193 4202 cf.
1211 4141 1275 4191 Dan.
1288 4159 1316 4206 p.
1331 4143 1391 4201 388,
1406 4145 1439 4192 tt
1451 4154 1513 4192 sunt
1531 4143 1591 4192 item
1609 4143 1661 4193 alis
1679 4157 1734 4210 par-

415 4229 516 4296 ticipia,
540 4241 606 4294 qnae
624 4239 729 4295 accepta
748 4227 944 4299 praepositione
963 4241 987 4277 et
1005 4241 1019 4276 a
1039 4227 1123 4276 verbis
1147 4240 1172 4277 et
1189 4241 1203 4276 a
1223 4227 1367 4293 participiis
1388 4227 1521 4291 recedunt,
1539 4239 1567 4278 ut
1585 4243 1681 4280 nocens
1700 4229 1737 4278 in-

416 4330 527 4366 nocens:
541 4329 600 4365 ntun
614 4327 695 4364 noceo
708 4314 810 4376 dicitur,
823 4315 932 4364 iunoceo
946 4327 996 4363 ιιοιι
1011 4312 1104 4363 dicitur
1158 4314 1190 4364 ts
1204 4313 1243 4362 uel
1257 4313 1354 4362 inscior
1366 4311 1391 4362 B
1443 4315 1477 4364 24
1490 4325 1605 4380 potestas
1618 4315 1737 4365 cottiunc-

417 4402 517 4453 tionum
536 4401 561 4450 in
581 4402 696 4465 quinque
715 4398 865 4460 (distributa
882 4401 945 4452 add.
963 4399 1061 4462 Dione.)
1081 4399 1182 4467 species
1205 4399 1329 4450 dividitur
1351 4399 1467 4452 Donatus
1490 4409 1516 4452 et
1535 4401 1671 4453 Diomedes

348 4499 352 4503 ·
418 4489 451 4538 16
469 4499 494 4538 et
513 4483 548 4553 te]
565 4486 644 4554 Verp.
666 4489 732 4537 Aen.
756 4485 818 4541 VII
836 4489 887 4537 141
976 4499 1052 4552 teque
1074 4487 1124 4536 isto
1147 4501 1219 4553 corp.
1239 4504 1261 4536 s.
1283 4485 1321 4536 B:
1344 4485 1424 4552 Verp.
1442 4489 1509 4538 Aen.
1527 4485 1600 4537 1111
1617 4490 1669 4538 idi

415 4585 442 4623 at
459 4573 520 4624 tutto
540 4589 560 4624 r.
578 4570 619 4623 B:
642 4573 721 4640 Verp.
741 4574 809 4626 Aen.
833 4572 929 4624 VIIII
947 4575 1001 4625 503
1022 4584 1049 4623 at
1073 4573 1133 4623 tuba
1152 4573 1290 4623 terribilem
1313 4573 1427 4623 sonitum
1448 4571 1535 4638 procul
1560 4585 1619 4623 nere
1643 4587 1734 4624 canoro

450 4660 483 4710 at
507 4656 595 4723 atque]
623 4659 703 4726 Verp.
728 4656 797 4712 Aen.
822 4658 918 4712 VIIII
937 4664 951 4710 1
1057 4675 1088 4708 ac
1110 4655 1161 4726 me]
1190 4658 1294 4711 Sallust.
1319 4657 1394 4712 Catil.
1415 4660 1475 4717 3,5
1579 4655 1633 4724 ast]
1657 4657 1733 4726 Verp.

417 4747 484 4796 Aen.
506 4745 531 4796 Χ
552 4749 604 4797 713
674 4747 708 4796 ts
726 4756 770 4796 aut
795 4743 855 4813 age]
881 4745 1134 4813 Verp.Aen.170
1204 4747 1237 4795 19
1256 4744 1294 4792 vel
1314 4742 1352 4808 tu]
1379 4742 1459 4809 Verp.
1482 4745 1549 4794 Aen.
1578 4745 1605 4796 V
1620 4749 1669 4796 ost

450 4831 571 4882 miserive
589 4849 603 4882 c
622 4831 647 4882 B
666 4829 715 4898 [lle
744 4833 825 4898 Vero.
852 4834 917 4884 Aen.
942 4831 1014 4883 1111
1035 4833 1085 4883 112
1184 4843 1279 4898 prouet
1302 4827 1327 4879 B
1414 4843 1461 4880 neo
1483 4825 1541 4897 tibi]
1569 4829 1650 4898 Verp.
1669 4834 1731 4884 Aen.

414 4915 484 4968 1111
504 4919 557 4969 365
