3874 5556
834 431 883 486 na
908 392 1073 508 erramus

300 520 470 576 mitti-M.

296 613 301 622 “
410 621 411 626 ’
585 629 625 674 ne
648 611 728 675 dicta
751 615 837 696 prius
859 633 908 677 me
931 613 1054 696 subigat
1076 614 1193 678 reterre
1216 631 1339 679 rursum

412 707 417 715 ’
534 737 573 780 ree
587 716 694 780 ricinia
717 735 826 780 vocum
849 711 968 780 modico
992 717 1142 800 dirempta
1165 728 1289 801 puncto.

630 818 776 884 Blittera
801 822 846 884 rel
869 835 890 882 Ρ
914 823 1000 911 qnasi
1023 820 1155 904 syllabae
1179 823 1319 887 videntur

585 923 778 1005 iunguntque
800 941 891 987 sonos
914 923 952 986 de
975 927 1096 1005 gemina
1119 925 1194 988 sede
1217 926 1386 1008 proiectos:

585 1023 656 1089 nam
679 1035 763 1090 muta
787 1025 872 1089 iubet
893 1029 992 1109 portio
1014 1030 1176 1108 comprimi
1199 1027 1317 1102 labella.

584 1127 695 1192 vocalis
717 1131 852 1192 at'lntns
875 1129 960 1193 locus
984 1132 1097 1194 exitum
1120 1134 1280 1198 ministrat.

448 1256 453 1262 ·
534 1257 572 1299 roo
586 1233 774 1316 compressio
796 1251 890 1315 porro
913 1241 958 1296 est
980 1235 1011 1295 lo
1036 1242 1164 1314 utraque
1187 1236 1362 1302 dissonora:

586 1353 655 1400 nam
678 1337 777 1418 prima
800 1354 857 1418 per
880 1355 950 1399 oras
973 1339 1063 1400 etiam
1087 1337 1195 1402 labella
1219 1340 1293 1421 tigit.

585 1439 666 1502 velut
689 1440 770 1502 intus
793 1449 900 1522 agatur
923 1459 1029 1512 sonus:
1054 1449 1100 1504 aet
1123 1440 1218 1506 altera
1242 1454 1348 1508 contra

585 1542 672 1624 pellit
693 1544 829 1606 sonitum
847 1543 890 1620 ⁴de
913 1545 1021 1609 mediis
1043 1545 1125 1610 loras
1147 1545 1276 1612 labellis.

587 1653 750 1729 utrumque
774 1645 850 1710 latus
873 1645 1015 1712 dentibus
1038 1649 1191 1732 applicare
1214 1653 1347 1734 linguam

407 1745 411 1752 ’
454 1793 460 1798 -
496 1811 499 1818 ,
534 1761 607 1817 rosc
629 1751 765 1830 pressius
788 1762 894 1831 urget:
919 1749 993 1818 dein
1014 1751 1086 1816 hinc
1109 1762 1139 1816 et
1161 1754 1231 1818 hinc
1254 1757 1389 1829 remittit,

447 1859 454 1866 ’
587 1871 647 1936 quo
670 1855 752 1917 vocis
774 1853 944 1919 adhaerens
966 1873 1059 1920 sonus
1082 1857 1250 1940 explicetur
1273 1879 1336 1924 ore.

588 1969 729 2039 (aporro
752 1949 923 2021 retrorsum
943 1959 1004 2021 coit
1027 1968 1058 2022 et
1080 1977 1189 2023 sonum
1212 1964 1322 2046 prioris

587 2058 725 2123 obtusius
746 2060 804 2146 ipsi
826 2079 922 2146 prope
944 2063 1056 2126 scilicit
1078 2062 1188 2145 palato.

587 2171 619 2226 at
640 2165 742 2246 portio
765 2163 873 2228 dentes
897 2168 1039 2246 quotiens
1062 2185 1204 2250 suprema
1228 2167 1348 2250 linguae

414 2315 418 2323 .
534 2291 575 2334 see
587 2263 755 2348 pulsaverit
776 2270 856 2330 imos
878 2269 1057 2354 modiceque
1078 2289 1169 2334 curra
1194 2290 1337 2347 summos,

588 2377 662 2432 tnnc
683 2384 709 2432 1>
731 2371 866 2434 sonitum
888 2373 1009 2454 perficit
1031 2375 1220 2456 explicatque
1242 2395 1348 2440 uocem

588 2485 621 2546 r,
644 2491 702 2555 qna
725 2476 845 2556 superis
867 2475 1009 2539 dentibus
1032 2479 1137 2541 intima
1161 2489 1207 2542 est
1230 2481 1325 2561 origo,

588 2593 705 2641 summa
728 2580 801 2641 satis
824 2587 870 2642 est
892 2577 929 2640 ad
953 2581 1092 2644 sonitum
1108 2583 1210 2646 ferire.
1225 2582 1337 2664 lingua.

588 2695 614 2745 x
635 2683 834 2764 perspicuum
858 2689 904 2744 est
926 2680 1027 2747 littera
1050 2683 1129 2767 quod
1154 2703 1259 2749 vacare
1281 2687 1387 2770 possit,

535 2797 620 2850 aeret
642 2797 665 2860 Q
688 2782 805 2848 similis.
851 2803 993 2866 namque
1005 2786 1110 2850 eadem
1134 2790 1177 2853 vis
1201 2791 1230 2851 in
1255 2798 1384 2872 utraque
1408 2800 1468 2862 est:
1565 2811 1569 2820 ·

589 2889 659 2970 quia
682 2888 733 2971 qui
757 2887 841 2952 locus
865 2898 926 2962 est,
952 2891 1094 2972 primitus
1118 2893 1197 2955 unde
1222 2895 1360 2956 exoritur
1383 2908 1414 2966 c,

588 3009 795 3074 quascumque
818 2991 963 3073 deinceps
985 2992 1077 3057 libeat
1099 2996 1204 3076 ingere
1226 3015 1325 3068 voces,

502 3151 510 3164 ,
589 3103 708 3158 mutare
731 3113 856 3159 necesse
880 3105 925 3158 est
947 3098 1076 3159 sonitum
1100 3098 1223 3180 quidem
1246 3119 1432 3182 supremum,

589 3197 685 3262 relert
708 3199 855 3272 nihilum,
878 3213 903 3262 K
925 3201 1010 3280 prior
1034 3219 1071 3263 an
1096 3215 1118 3277 Q
1141 3201 1259 3267 sieten
1283 3215 1311 3268 c.
1423 3211 1428 3218 ’

387 3303 391 3308 “
460 3335 462 3340 v
537 3309 643 3368 areant
664 3317 688 3368 n
712 3319 832 3385 quoque
856 3304 899 3366 rel
925 3317 945 3366 c
968 3301 1059 3367 simili
1081 3307 1210 3387 parique
1233 3301 1304 3387 lege

589 3405 674 3478 addi,
698 3407 783 3490 quasi
807 3405 900 3478 desit,
925 3403 1062 3471 numero
1076 3417 1174 3490 potest
1196 3411 1342 3492 priorum.

590 3510 664 3573 nulli
688 3507 814 3572 dubium
838 3517 884 3572 est
906 3510 1046 3574 trucibus
1069 3515 1180 3574 emicet
1201 3513 1282 3595 quod
1305 3515 1380 3596 ipsis

589 3627 615 3675 Η
638 3612 753 3692 littera,
776 3614 839 3676 slve
862 3624 909 3677 est
931 3621 1016 3686 nota,
1042 3634 1119 3696 quae
1142 3616 1237 3698 spiret
1260 3616 1411 3698 anlrelum.

591 3719 665 3796 quin
689 3715 768 3779 hanc
791 3719 881 3779 etiam
904 3717 1096 3798 grammatici
1120 3716 1222 3781 volunt
1245 3738 1359 3792 vacare.

538 3841 578 3883 au
593 3821 661 3902 quia
685 3839 746 3882 non
769 3819 861 3883 adicit
885 3820 1026 3884 litterulis
1050 3839 1159 3884 novum
1183 3840 1333 3894 sonorem,

591 3922 643 3985 sed
667 3921 807 4003 graecula
831 3909 984 4006 quaedam
1001 3923 1149 3987 sclrolioae
1174 3925 1266 3988 nitela
1289 3927 1371 3988 vocis

482 4080 486 4086 .
591 4023 745 4088 vocalibus
767 4036 836 4107 apte
858 4027 947 4089 sedet
969 4035 1037 4090 ante
1060 4041 1145 4109 posta
1170 4033 1301 4099 cunctis,

591 4129 720 4194 lrastas
749 4127 912 4194 hederas
941 4150 1010 4194 cum
1033 4131 1159 4211 loquor.
1184 4131 1319 4196 Hister
1341 4131 1484 4216 lrospes
1506 4132 1626 4198 liuius.

375 4377 515 4432 uns—2⁰9
532 4393 556 4428 o.
576 4373 714 4426 tet-804
782 4371 918 4424 212-221
937 4389 960 4424 a.
979 4373 1118 4425 tet-⁷88

379 4623 428 4672 tet
446 4619 551 4686 lingulae
569 4617 724 4670 Petrecimra
795 4615 844 4666 195
862 4614 921 4665 dein
946 4613 1006 4664 hinc
1025 4625 1050 4665 et
1067 4614 1128 4664 lrinc
1146 4615 1252 4665 remittit
1270 4613 1410 4666 Sontenius
1427 4613 1521 4665 delriuc
1540 4623 1564 4665 et
1583 4614 1628 4666 de·
1678 4673 1684 4682 ι

309 4705 368 4758 ltine
389 4707 496 4758 remittit
514 4705 545 4757 Μ
613 4704 665 4755 206
684 4701 832 4753 ‘uidendum
858 4717 893 4751 on
915 4701 1016 4768 aliquid
1036 4701 1180 4752 exciderit:
1204 4701 1308 4752 Murius
1335 4701 1484 4752 Victorinus
1505 4717 1533 4766 p.
1557 4703 1628 4751 2455

309 4791 347 4858 (p.
367 4795 414 4853 33,
434 4792 480 4855 30)
500 4805 559 4842 nam
578 4799 663 4840 marta
687 4797 716 4839 et
734 4788 842 4839 otiosa
860 4795 946 4852 parte,
971 4800 1021 4850 qua
1041 4801 1055 4834 c
1074 4785 1178 4852 incipit,
1203 4799 1251 4852 pro
1268 4785 1390 4848 qrrolitate
1403 4786 1556 4836 coniunctae
1576 4787 1627 4836 sibi

310 4879 382 4928 nocis
409 4891 560 4944 supremum
584 4877 707 4942 exprimit
730 4871 1040 4924 sonrrmtcactmanmo
1108 4873 1160 4922 214
1183 4885 1275 4921 uacare
1299 4871 1458 4924 Parrhasiam
1480 4887 1575 4922 trooere
1598 4872 1628 4923 M
1737 4909 1739 4914 ,

309 4963 361 5014 tto
378 4963 456 5014 adicit
473 4975 491 5018 ς
509 4961 597 5014 adiicit
616 4961 645 5012 M
715 4961 788 5012 sedet
806 4969 943 5025 auteposta
964 4958 1115 5009 Petrecinus
1134 4959 1179 5008 sed
1199 4967 1300 5008 stante
1319 4970 1380 5024 post
1397 4973 1412 5006 n
1431 4959 1464 5010 M

1398 5059 1446 5112 Ὦ*
