3888 5550
380 357 445 425 380
643 356 647 361 '
911 369 1132 419 rnenurruur

378 475 401 513 p.
416 461 467 502 raes
482 461 507 502 e.

640 545 699 610 erit
723 546 827 610 ultima
850 543 963 626 syllaba
986 553 1054 626 post
1078 529 1149 608 tres

639 652 813 716 catalectica
837 668 913 730 quae
937 649 1131 731 perhibetur;

574 769 626 816 1⁸2⁵
640 775 697 820 nee
720 773 779 818 non
804 753 878 817 alias
901 771 1022 836 quoque
1045 752 1132 815 binas

640 870 671 925 et
695 870 757 924 tres
779 875 925 941 superare
949 857 1058 928 solere,

634 982 695 1044 pes
717 967 756 1026 sit
778 961 849 1026 licet
871 963 989 1044 integer
1012 963 1086 1042 ipse,
1133 1031 1134 1035 Ἰ

640 1071 667 1130 sl
690 1085 751 1129 non
773 1065 855 1128 bunc
878 1065 981 1144 regola
1004 1072 1116 1147 poscet.

641 1169 837 1240 catalecticon
862 1169 919 1230 hoe
942 1187 1038 1249 genos
1062 1187 1151 1231 omne

576 1287 627 1330 reso
641 1284 672 1336 et
694 1271 879 1352 semipedem
904 1273 1030 1334 vocitari

642 1397 734 1459 supra
758 1394 880 1458 quoque
902 1376 961 1437 lam
985 1375 1159 1440 meministi.

643 1483 752 1544 mirum
777 1479 832 1541 tibi
855 1497 911 1540 uec
934 1463 1070 1542 videatur

642 1583 799 1666 spoudeon
824 1585 925 1644 inesse
948 1583 1129 1662 anapaestis.

641 1705 695 1750 rex
719 1695 749 1748 et
771 1685 912 1748 dominos
936 1687 1020 1766 prior
1043 1687 1107 1765 ipse
1130 1695 1185 1754 est,

577 1805 628 1850 teas
644 1790 692 1853 bio
716 1788 827 1850 advena
851 1799 990 1870 sumptus
1014 1799 1044 1851 et
1067 1788 1177 1869 hospes

642 1893 679 1956 de
704 1892 827 1956 loedere
852 1894 1126 1974 temperiemque·

643 1999 781 2080 quotiens
803 1997 889 2058 loeus
912 2003 1049 2077 expetet,
1075 1996 1154 2056 ultro

643 2099 750 2162 reddet
773 2117 826 2162 sua
851 2101 915 2161 iura
938 2099 1043 2181 priori.

686 2203 776 2266 Alias·
791 2211 890 2264 tauron
915 2203 988 2264 liaeo
1012 2201 1116 2264 eadent
1140 2218 1219 2281 pars,

580 2321 632 2366 tato
646 2309 787 2389 quotiens
810 2303 1025 2386 itlryplralllcon
1049 2304 1131 2367 addit
1230 2377 1234 2382 ¹
1335 2293 1345 2316 ”

644 2417 774 2472 metrum
798 2407 870 2477 sibi,
896 2407 954 2470 tale
976 2409 1008 2468 tit
1031 2425 1135 2478 unum,

643 2531 719 2574 mea
746 2512 840 2574 tibia
864 2510 994 2574 dioere
1018 2527 1148 2573 versus
1172 2505 1326 2572 destitit
1348 2506 1508 2578 latinos,

644 2615 857 2678 iamdudum
881 2613 1126 2702 saucia'cura
1149 2612 1297 2676 deserit
1320 2612 1512 2693 podorem,

645 2719 860 2799 Priamique
884 2723 1060 2778 evertere
1083 2725 1230 2797 gentem
1254 2716 1328 2778 lata
1352 2717 1421 2778 iam
1445 2711 1646 2796 parabant.

580 2819 840 2902 reoitbypballica
863 2839 955 2902 porro
980 2822 1111 2882 ditarunt
1134 2821 1242 2882 musioi
1266 2829 1386 2900 pinetae,

648 2921 700 3006 qui
723 2923 838 2986 ludicra
862 2924 995 2986 carmina
1019 2923 1138 2986 Bacobo
1161 2921 1297 2984 versibus
1320 2921 1450 3002 petulcis

644 3029 733 3091 Graio
756 3047 825 3090 cum
849 3027 962 3089 cortice
986 3025 1086 3109 pltello
1110 3037 1171 3090 tres
1194 3025 1307 3088 dabant
1330 3024 1500 3092 trochaeos.

645 3141 677 3194 ut
701 3133 824 3193 nomine
848 3133 879 3191 lit
902 3149 995 3193 sonus
1019 3133 1098 3212 ipso,
1125 3129 1267 3192 Baeelre
1295 3125 1442 3190 Bacche
1465 3125 1625 3188 llaeebe.

689 3235 903 3297 Hexametruur
926 3229 1067 3313 quotiens
1088 3236 1130 3296 ita
1155 3238 1248 3296 totuin
1273 3229 1410 3312 dactylus
1433 3226 1542 3308 explet,

536 3413 539 3416 Ι
585 3347 682 3400 renent
704 3355 854 3418 nusquam
877 3337 907 3397 iu
931 3336 1047 3404 medio,
1072 3336 1125 3398 sed
1148 3338 1187 3398 sit
1209 3335 1361 3417 spondeus
1384 3337 1416 3396 in
1439 3336 1511 3402 imo,
1652 3322 1655 3330 '

647 3437 709 3502 sive
734 3439 894 3502 trochaeus
917 3435 985 3516 erit,
1010 3458 1078 3501 cunr
1102 3440 1222 3520 dempta
1246 3451 1291 3500 est
1312 3436 1424 3518 syllaba
1448 3437 1554 3517 prima,

646 3563 723 3625 quae
746 3543 826 3606 demi
848 3544 976 3625 poterit,
1001 3541 1202 3624 reliquissent
1227 3543 1390 3623 anapaesti,

648 3645 812 3725 ultimaque
837 3645 956 3708 exiliis
981 3641 1170 3716 catalectico,
1194 3663 1272 3726 quae
1295 3643 1475 3707 remanebit.
1514 3674 1519 3684 ·

646 3749 791 3831 dactylico
815 3748 865 3811 tali
889 3749 975 3811 iacile
998 3760 1043 3811 est
1067 3749 1123 3810 lroc
1146 3766 1273 3812 noscere
1297 3766 1395 3819 vorsu,

580 3865 682 3916 ramat
705 3851 793 3916 tuba
824 3850 1041 3915 terribilem
1066 3855 1230 3917 sonitum
1254 3851 1388 3935 procul
1418 3869 1506 3913 aere
1535 3865 1700 3911 recurro.

642 3967 692 4030 at,
716 3959 889 4021 coniunctio
912 3975 988 4036 quae
1012 3955 1106 4018 solida
1131 3966 1191 4026 est,
1216 3975 1284 4017 oum
1309 3953 1440 4016 demitur
1463 3953 1544 4022 iude,

644 4081 678 4125 ea
704 4061 831 4124 lormula
855 4061 922 4130 liet,
947 4069 978 4121 ut
1002 4067 1048 4121 est
1071 4061 1280 4140 anapaesticus
1304 4061 1370 4128 iste,

458 4303 630 4357 taen—1848
656 4305 726 4355 Mor.
750 4304 849 4356 Victor.
876 4305 934 4363 121,
955 4303 1041 4352 8-15
1113 4303 1180 4352 teet
1200 4301 1273 4351 Μαν.
1296 4299 1396 4351 Victor.
1416 4301 1475 4362 104,
1495 4299 1529 4348 20
1602 4297 1701 4349 isliu.

385 4395 456 4443 2594
475 4393 549 4444 Caes.
569 4393 647 4443 Busa.
672 4395 731 4450 256,
751 4394 767 4440 8
785 4391 858 4441 liar.
882 4389 981 4440 Victor.
1010 4391 1068 4450 118,
1088 4390 1123 4438 24
1143 4389 1207 4438 Atii.
1226 4387 1335 4442 Fortun.
1354 4389 1416 4450 293,
1437 4387 1469 4438 18
1540 4391 1704 4442 wid-1860

322 4483 323 4488 ’
385 4478 456 4531 zuar.
479 4479 578 4531 Victor.
599 4479 772 4544 trum-32

433 4633 438 4640 ¹
456 4651 521 4702 1881
540 4647 632 4718 supra]
654 4668 675 4701 o.
696 4651 764 4701 1169
837 4651 903 4700 1843
927 4611 1007 4713 l'erp.
1021 4649 1088 4698 Aen.
1111 4649 1180 4700 IIII
1199 4654 1213 4700 1
1232 4660 1258 4700 et
1277 4649 1367 4715 regino
1385 4650 1459 4714 graui
1478 4651 1630 4702 iamdudum
1648 4666 1703 4702 sutt-

272 4787 276 4794 ,
384 4737 423 4785 eiu
441 4751 504 4787 euru
576 4740 643 4791 1844
666 4737 747 4802 Verp.
766 4738 834 4786 Aen.
855 4734 907 4786 III
927 4737 941 4784 1
962 4748 1101 4801 postquam
1120 4752 1161 4787 res
1177 4737 1254 4786 Asine
1273 4735 1420 4798 Priamique
1438 4727 1554 4788 evertere
1572 4749 1672 4803 gentem

323 4851 324 4855 =
384 4823 454 4872 1846
475 4823 586 4874 cituruut
605 4823 786 4874 Laeliauouuua
809 4823 959 4871 «limitarunt
978 4823 1007 4872 rli
1032 4822 1151 4872 dicarunt
1171 4823 1324 4874 Aldrcaiusl.
1348 4837 1453 4886 prmum.
1472 4839 1499 4888 p.
1520 4827 1573 4876 aaa·
1645 4824 1704 4875 tert

385 4906 472 4973 pirallo
494 4910 576 4959 Aluos
650 4911 715 4959 1855
738 4908 816 4973 Verp.
837 4909 904 4957 Aen.
926 4907 1021 4958 VIIII
1040 4911 1103 4971 503,
1123 4909 1164 4957 arbi
1182 4917 1221 4958 est
1240 4925 1298 4957 aon·
1317 4923 1426 4960 cartoro:
1446 4910 1481 4972 rs.
1500 4927 1523 4961 o.
1545 4912 1611 4961 1⁹12
