3906 5564
440 385 444 393 Ι
645 303 726 358 ΛΒΤ.
745 301 857 362 uttam
875 303 946 358 LIB.
966 303 1007 358 111
1028 305 1096 368 li,i
1116 331 1149 343 -
1169 306 1236 364 izi
1535 301 1596 370 133

299 421 321 460 ρ.
337 406 398 450 aon.
412 407 437 450 aa
451 405 476 450 r.
1404 417 1426 462 p.
1441 407 1532 452 tea-to
1545 404 1571 449 u.

272 499 369 561 nostri
390 497 509 560 illelius
532 513 620 580 quam
637 496 746 560 Graeci
768 495 993 568 custodiemnt,
1018 493 1129 578 quibus
1151 497 1246 578 magia
1269 504 1316 561 est
1336 497 1367 559 in
1391 513 1447 558 usu
1468 495 1595 561 iambus.

272 617 341 665 nam
365 609 426 664 tam
449 619 466 664 a
489 602 575 666 noris
597 618 686 683 quam
710 601 828 684 priscae
851 597 1026 664 comoediae
1049 599 1223 666 auctoribus
1248 600 1329 666 idem
1354 599 1528 684 frequenter
1551 611 1597 665 est

272 712 442 788 usurpatus.

357 807 417 872 Sed
440 817 474 872 ut
495 810 554 873 iam
577 808 614 872 ad
638 807 848 873 condicionem
875 807 997 872 iambici
1026 809 1131 874 metrl'
1145 808 1395 893 disciplinamque
1426 807 1594 888 redeamus,

232 937 246 980 a
272 921 334 976 tres
356 915 420 978 eius
435 916 562 997 species,
588 931 644 997 per
659 930 733 996 quas
755 911 887 997 proilult.
913 913 1010 977 enitar
1026 915 1183 996 attingere,
1200 929 1329 993 quarum
1344 915 1441 995 prima
1457 912 1594 987 iambica,

270 1033 402 1100 sequens
433 1016 601 1091 trochaica,
633 1019 721 1082 tertia
746 1035 782 1080 ox
811 1025 939 1098 utraque
963 1019 1056 1082 mista
1086 1018 1249 1100 reperitur.
1296 1037 1371 1101 quae
1404 1035 1510 1082 omnes
1539 1036 1595 1102 per

271 1123 460 1186 incrementa
488 1119 670 1205 syliabarum
699 1137 753 1184 sex
783 1119 973 1185 diversitates
1006 1141 1043 1185 ex
1072 1139 1105 1184 se
1133 1121 1238 1184 metris
1267 1120 1395 1194 dabunt,
1431 1139 1492 1186 non
1521 1119 1595 1188 alias

271 1243 360 1306 quam
391 1225 566 1290 hexameter
595 1225 717 1289 herous.
765 1243 781 1287 e
810 1224 876 1307 quis
898 1221 910 1309 ll
933 1225 1031 1306 prima
1061 1225 1118 1289 erit
1152 1223 1313 1288 duodecim
1347 1223 1531 1309 syllabarum
1563 1228 1594 1291 ln

272 1331 408 1393 trimetro
431 1347 531 1401 reram
554 1331 585 1392 in
609 1348 669 1412 qun
685 1335 737 1392 aut
752 1327 857 1390 om'nes
877 1327 969 1392 iambi
991 1337 1043 1393 aut
1057 1327 1184 1412 spondei
1200 1328 1322 1392 admixti
1337 1331 1537 1411 reperientur,
1562 1339 1594 1394 ut

231 1457 259 1498 ro
596 1431 671 1496 ibis
695 1430 863 1495 liburnis
885 1435 987 1496 lnter
1010 1431 1085 1496 alta
1109 1433 1266 1495 narium.

272 1537 418 1601 tredecim
442 1546 543 1602 autem
566 1535 750 1620 syllabarum
773 1543 856 1608 sunt,
887 1539 938 1617 qul
961 1554 1056 1601 unum
1079 1555 1096 1599 ε
1119 1533 1281 1620 trisyllabis
1303 1535 1413 1619 pedem
1435 1539 1483 1600 sui
1507 1537 1592 1602 dum·

270 1648 351 1706 taxat
378 1643 513 1722 generis,
550 1641 603 1723 qui
631 1660 687 1724 pro
716 1638 774 1704 loci
803 1639 982 1704 condicione
1011 1642 1163 1712 evenerit,
1194 1639 1326 1703 habeant
1354 1648 1386 1704 et
1412 1640 1546 1725 reliquos
1576 1662 1592 1706 e

269 1744 348 1809 binis
370 1743 509 1830 syllabis,
534 1753 568 1809 ut
591 1742 596 1830 l

541 1867 679 1929 magnam
703 1849 875 1932 propinquo
898 1845 1014 1912 scelere
1037 1847 1153 1911 vidistis
1175 1846 1313 1911 domum:

232 1953 510 2036 nquattuordeclm
533 1969 620 2026 uero,
649 1955 680 2018 ln
703 1950 813 2036 quihus
836 1953 896 2015 duo
919 1961 1076 2016 ternarum
1098 1949 1282 2033 syllabarum
1306 1952 1530 2027 contineantur,
1560 1966 1593 2019 nt

328 2122 329 2125 ,
579 2064 645 2121 erat
669 2055 785 2119 oriendi
808 2066 928 2138 tempus
950 2074 1059 2120 aurora
1082 2054 1270 2120 hominibus:
1505 2065 1506 2070 ’

269 2159 441 2243 quindecim
465 2179 560 2243 porro
583 2159 781 2243 syllabarum,
810 2161 841 2222 in
865 2175 925 2240 quo
952 2168 1015 2223 tres
1039 2169 1211 2232 ternarum,
1241 2157 1350 2240 reliqui
1374 2160 1498 2250 totidem
1522 2172 1593 2226 sunt

269 2263 423 2338 binarum,
445 2273 479 2330 ut
502 2273 548 2328 est
984 2270 988 2278 ·
1050 2253 1055 2264 '

267 2451 272 2462 ι
562 2385 672 2451 equum
695 2367 752 2431 sub
776 2375 880 2431 aurata
903 2370 973 2449 iuga
996 2365 1095 2432 media
1119 2365 1286 2447 bigemina:

231 2491 257 2536 ao
269 2471 401 2538 sedecim
424 2471 622 2555 syllabarum,
647 2490 715 2536 oum
739 2471 815 2535 duos
829 2470 925 2554 pedes
941 2470 1055 2535 habent
1070 2469 1210 2535 binarum
1226 2470 1425 2554 syllabarum,
1449 2479 1591 2556 quattuor

269 2585 367 2642 autem
391 2579 499 2650 trium,
523 2585 557 2641 ut
645 2621 649 2629 ·
855 2629 862 2640 .
1650 2581 1653 2588 ’

580 2680 688 2745 nebula
712 2679 874 2744 tenebrosa
898 2675 1033 2742 canicula
1055 2677 1133 2742 male
1156 2679 1286 2744 roscida.

269 2785 485 2870 septemdecim
519 2783 640 2868 syllabis
679 2786 731 2867 qul
765 2791 905 2847 constant
937 2783 1091 2846 rarissime
1124 2783 1332 2848 inveniuntur:
1375 2804 1467 2848 unum
1508 2789 1588 2851 enim
1647 2789 1652 2806 '

269 2893 391 2956 omnino
414 2907 543 2970 eumque
566 2889 762 2953 novissimum
785 2885 899 2951 hahent
920 2887 1028 2970 pedem
1051 2887 1199 2960 iambum,
1223 2899 1256 2952 ut
1280 2897 1326 2953 est
1521 2883 1527 2895 '

231 3021 256 3065 2,
579 3011 689 3077 rapere
712 2993 806 3056 marla
830 2989 990 3054 celerivola
1013 2990 1067 3055 dea
1090 2990 1148 3055 sihi
1171 2995 1264 3075 cupit,
1666 3075 1669 3083 ,

268 3115 340 3161 sane
367 3096 477 3162 accidit
507 3115 566 3160 non
597 3115 761 3178 numquam
796 3105 829 3158 ut
857 3113 912 3179 pro
943 3103 1107 3178 anapaesto
1137 3105 1188 3160 aut
1222 3096 1338 3180 dactylo
1374 3105 1426 3162 aut
1453 3099 1588 3180 spondeo

268 3209 408 3284 quattuor
431 3201 539 3265 breves
562 3203 660 3284 primo
683 3199 760 3279 pede
784 3206 949 3280 ponantur,
979 3209 1131 3284 tamquam

562 3303 706 3368 beneficia
730 3323 786 3386 pro
809 3321 843 3367 re
867 3301 967 3367 colere
990 3304 1133 3388 sapientis
1155 3306 1211 3369 viri
1235 3314 1293 3370 est:

268 3410 319 3492 qui
342 3417 394 3472 aut
408 3427 464 3492 per
480 3407 657 3494 synaliphen
681 3406 836 3472 scanditur
855 3417 906 3471 aut
929 3406 1045 3471 duabus
1069 3407 1210 3472 brevibus
1234 3411 1262 3472 in
1287 3429 1377 3474 unam
1394 3410 1512 3492 longum
1536 3431 1587 3474 co·

230 3512 377 3595 mpulatls
400 3513 576 3597 explicatur.
623 3512 681 3575 hoc
704 3530 817 3594 genere
840 3529 999 3584 versuum,
1030 3522 1176 3594 utsupra
1200 3513 1346 3586 diximus,
1376 3517 1492 3597 primus
1516 3537 1588 3581 usus

228 3643 234 3657 ·
268 3626 312 3681 est
333 3617 483 3682 Homerus
506 3619 536 3680 in
560 3617 685 3698 hlargite
709 3635 780 3689 suo,
810 3635 865 3680 nec
889 3624 988 3680 tamen
1012 3625 1107 3681 totum
1130 3635 1253 3682 carmen
1282 3618 1321 3682 lta
1346 3617 1494 3699 digestum
1519 3639 1587 3702 per·

267 3723 347 3786 lecit.
393 3740 463 3786 nam
485 3721 603 3786 duobus
625 3719 803 3805 pluribusve
826 3719 1010 3784 hexametris
1033 3723 1211 3804 antepositis
1226 3717 1240 3808 ll
1255 3725 1345 3786 istum
1362 3723 1513 3789 subiciens
1537 3745 1586 3790 cn·

267 3825 388 3908 pulavit,
415 3826 494 3910 quod
518 3833 620 3909 postea
643 3823 842 3891 Archilochus
864 3824 996 3888 limatius
1018 3824 1228 3908 interpolando
1252 3829 1431 3909 composuit.
1518 3871 1520 3876 .

353 4014 417 4100 [DE
439 4029 621 4082 τιιιιιιιτιιο
644 4013 759 4082 viiitsv
781 4013 946 4099 threnico]
992 4015 1103 4079 Versus
1131 4019 1267 4082 trimeter
1290 4017 1451 4093 iambicus,
1482 4022 1586 4103 quiet

228 4121 417 4192 assenarius,
450 4119 564 4184 adicem
587 4119 644 4183 sibi
667 4121 704 4184 ad
727 4121 845 4184 initium
874 4119 995 4202 dipodla
1019 4121 1050 4184 in
1075 4127 1298 4193 tetrametrum,
1330 4141 1420 4205 quom
1450 4133 1480 4187 et
1502 4133 1584 4188 octo·

266 4225 382 4288 narium
406 4224 574 4308 appellant,
600 4231 742 4288 vertetur.
786 4223 894 4288 ieritur
909 4230 1009 4288 antem
1026 4223 1157 4307 dipodils
1172 4232 1330 4308 quattuor,
1353 4229 1430 4290 siout
1446 4231 1585 4294 trimeter

333 4401 367 4452 34
385 4399 486 4452 Versus
504 4398 619 4452 trimeter
635 4423 670 4438 -
689 4399 747 4460 tut,
760 4400 793 4452 81
811 4398 859 4450 sed
877 4411 935 4450 raro
955 4397 1095 4450 admodum
1118 4397 1220 4450 Terent.
1239 4398 1327 4452 Maur.
1347 4401 1539 4456 2273—2370

266 4501 471 4515 Q*

332 4549 705 4626 innovia]annbisABs
757 4551 1049 4621 bexntroqueABs
1103 4555 1135 4607 10
1148 4549 1210 4622 ibis]
1224 4553 1293 4608 Hor.
1307 4557 1384 4622 epod.
1399 4561 1451 4618 tt
1505 4559 1585 4628 libyr-

265 4626 304 4676 nia
323 4627 348 4678 A
422 4625 453 4677 ta
471 4628 604 4677 ettenerlnt
626 4624 711 4682 Alte
780 4622 875 4675 habeat
897 4622 991 4679 ΑΒς
1063 4623 1137 4676 ibin
1158 4621 1266 4743 quibusp
1289 4626 1397 4688 equibus
1421 4627 1515 4686 ΑΒς

264 4696 296 4746 20
313 4695 366 4747 duo
384 4695 465 4764 pedes
484 4697 509 4748 A
524 4694 578 4752 Βς
659 4695 692 4746 22
711 4693 847 4744 tenebrosa
866 4707 883 4751 ς
901 4694 1013 4746 tenebris
1033 4693 1058 4744 A
1071 4691 1097 4743 B
1178 4695 1212 4746 25
1229 4695 1393 4746 ceertuclmo
1411 4697 1460 4748 dea
1479 4697 1503 4748 B

264 4763 534 4823 thaoneeBsana
553 4765 578 4816 Α
639 4765 672 4816 28
692 4777 739 4832 pro
758 4775 820 4820 rer
838 4761 1025 4831 proprleAB
1086 4758 1382 4832 torupra]p.79,1o
1440 4767 1473 4818 311
1492 4766 1582 4835 istum]

265 4833 405 4956 lupum
457 4837 491 4888 33
509 4849 577 4900 quos
597 4843 687 4901 postea
707 4831 874 4886 Carmebonur
892 4835 925 4886 de
943 4840 1025 4902 ratpr.
1047 4831 1139 4886 Graec.
1155 4847 1230 4902 paee.
1250 4840 1274 4885 et
1293 4831 1400 4886 Roman.
1421 4843 1471 4888 eat.
1487 4853 1516 4903 p.
1535 4839 1584 4890 1111

265 4915 305 4953 e.
406 4940 414 4957 .
