3888 5550
359 359 458 424 ·434
689 375 791 424 ιιιιιιι
815 375 937 425 ruorn
963 360 1015 444 [n.
1039 361 1202 447 cetron]
1226 377 1448 428 sacenuorrs

403 464 495 514 p.tll'.

394 537 610 623 terminantur.
637 562 669 615 ut
684 551 819 614 scribere
844 553 948 616 dicere
971 553 1071 615 lacere
1096 553 1222 624 ducere,
1248 564 1373 636 excepto
1397 571 1457 616 uno
1475 516 1574 619 verbo
1597 559 1719 638 generis

397 659 511 734 neutri,
540 657 620 739 quod
651 655 741 718 modo
772 658 890 719 infinito
918 659 1041 719 sinere
1066 655 1179 738 syllaba
1204 658 1399 728 terminatur,¹
1429 666 1461 719 ut
1485 659 1550 721 volo
1575 660 1665 732 velie,
1690 670 1719 724 et

394 761 649 832 nrmdeiectivo,
680 778 746 822 sum
771 780 847 824 esse.
895 779 963 823 nam
988 761 1037 823 odi
1061 761 1129 822 nori
1152 764 1277 824 metuini
1307 761 1534 824 moderantum
1561 764 1650 826 modo
1673 767 1716 827 iu·

393 865 521 928 dicatiro
537 864 727 928 decimantur
750 867 817 927 sine
835 873 970 946 tempure
989 864 1104 927 iuturo:
1129 883 1199 928 nam
1224 883 1368 947 praesens
1393 867 1558 945 praeterito
1583 871 1716 950 perlecto

394 969 489 1032 simile
519 979 566 1031 est
595 977 624 1030 et
653 970 852 1050 praeteritum
880 969 1092 1049 imperieotum
1121 971 1289 1051 praeterito
1317 965 1623 1050 plusquamperfecto.
1670 975 1742 1034 iu·⁵

394 1077 547 1136 veniemus
571 1090 676 1134 eorum
701 1071 862 1136 verborum
888 1073 1351 1155 tempusplusqnanvperlectum
1376 1073 1455 1134 modi
1480 1075 1601 1143 induiti,
1627 1082 1659 1137 ut
1674 1085 1718 1138 est

392 1177 501 1246 odisse,
516 1177 634 1239 novisse
643 1177 687 1238 vel
697 1195 794 1250 nosse,
804 1178 988 1240 meminisse.
1012 1176 1228 1257 quamvislraec
1241 1176 1342 1238 omnia
1356 1177 1420 1238 sino
1429 1178 1637 1256 coniugatione
1648 1181 1715 1241 sint.

313 1291 317 1297 '
396 1283 482 1342 tertia
509 1283 683 1361 cottiugatio
707 1281 869 1361 producta,
894 1299 982 1362 quam
1007 1279 1129 1363 quidam
1152 1289 1290 1360 quartam
1314 1279 1439 1350 dicunt,
1464 1280 1544 1342 modi
1568 1280 1714 1344 indicativi

393 1387 545 1466 temporis
574 1387 741 1464 praesentis
769 1386 889 1447 numeri
920 1382 1081 1464 singularis
1111 1383 1243 1446 secunda
1268 1401 1398 1465 persona
1424 1385 1447 1445 is
1470 1383 1582 1464 syllaba
1616 1388 1715 1448 termi·

394 1499 498 1560 natur,
529 1498 564 1551 ut
586 1489 689 1551 nrunio
719 1491 827 1550 munis.
874 1487 926 1549 sed
950 1507 966 1550 s
989 1487 1090 1550 littera
1120 1490 1151 1549 iu
1176 1506 1223 1550 am
1254 1496 1366 1549 mutata
1390 1487 1423 1548 iit
1451 1487 1545 1549 iuturi
1569 1493 1754 1569 temporisve

393 1593 529 1655 eiusdem
561 1592 641 1656 modi
677 1594 773 1673 prima
801 1608 947 1671 persona,
980 1599 1012 1652 ut
1041 1593 1190 1659 muniam,
1224 1599 1351 1673 excepto
1380 1590 1441 1661 ibo,
1473 1601 1502 1653 et
1525 1591 1624 1673 siquid
1648 1593 1715 1656 inde

394 1697 545 1768 nascitur,
571 1697 705 1778 quamvis
727 1695 889 1758 Terentius
913 1697 1002 1756 ‘non
1019 1714 1094 1758 eam
1112 1712 1152 1756 ne
1177 1713 1272 1757 nunc
1296 1693 1467 1776 quidem'
1494 1702 1523 1756 et
1554 1695 1714 1759 redeatu.

393 1798 445 1863 sed
470 1819 517 1862 am
541 1797 654 1880 syllaba
678 1799 812 1862 detrama
836 1808 866 1861 et
889 1801 898 1860 i
921 1797 1021 1861 littera
1045 1802 1162 1880 integra
1188 1807 1364 1860 remanente
1389 1799 1421 1859 dt
1446 1797 1526 1860 nrodi
1549 1799 1716 1880 imperativi

199 1917 204 1924 ·
300 1911 304 1919 '
397 1904 528 1966 secunda
552 1919 681 1985 persona
706 1905 824 1965 numeri
840 1901 1020 1983 singularia,
1045 1911 1076 1964 ut
1100 1906 1194 1965 muni.
1241 1902 1313 1963 lruic
1338 1909 1367 1963 to
1391 1901 1506 1964 adiecta
1531 1903 1563 1966 lit
1586 1903 1715 1965 secunda

392 2018 421 2071 et
446 2009 532 2069 tertia
550 2023 679 2086 persona
696 2009 814 2069 ntrnreri
831 2005 993 2087 singularis
1010 2006 1144 2070 eiusdem
1162 2005 1243 2068 rnodi
1261 2007 1405 2087 temporis
1421 2005 1524 2076 lutum,
1542 2015 1578 2090 ut
1592 2009 1753 2070 munitate

332 2123 334 2130 ’
392 2131 450 2193 qua
467 2113 497 2173 in
514 2130 547 2172 re
564 2118 675 2174 mutata
693 2112 726 2172 tlt
741 2111 877 2172 inimitivl
894 2111 975 2172 ntodi
992 2117 1112 2191 tempus
1128 2127 1217 2172 omne
1233 2118 1263 2171 et
1279 2113 1378 2172 omnis
1394 2120 1570 2190 personant
1585 2113 1714 2174 munire.

380 2217 436 2277 'sie
460 2232 566 2277 omnes
589 2213 751 2276 verborum
774 2216 893 2295 speclea
908 2212 1144 2276 declinabuntur
1168 2215 1302 2294 exceptis
1325 2211 1579 2294 iupersonallbus,
1603 2216 1635 2276 in
1651 2217 1715 2296 qui·

394 2319 451 2382 bus
474 2335 623 2399 personae
646 2317 782 2381 adiectae
799 2315 909 2398 ubique
933 2317 1047 2378 iaciunt
1068 2315 1316 2388 declinationem,
1341 2326 1370 2378 et
1394 2319 1527 2398 exceptis
1550 2317 1714 2380 defectivis.

478 2419 608 2496 Quidam
633 2429 740 2502 putant
763 2419 800 2482 de
823 2419 953 2483 secunda
978 2438 1109 2501 persona
1126 2419 1208 2481 trtodi
1229 2419 1381 2482 indicativi
1407 2421 1552 2498 temporis
1575 2439 1715 2500 praesen·

394 2531 433 2591 tis
468 2544 558 2588 onrtte
591 2523 715 2586 verbum
750 2525 838 2587 euius
867 2525 905 2585 sit
939 2523 1159 2603 coniugatiouis
1196 2541 1285 2604 posse
1318 2523 1468 2603 cognosci.
1515 2523 1567 2586 sed
1603 2535 1753 2588 errantvv

395 2651 463 2694 nam
487 2631 598 2712 poterit
620 2627 696 2690 baec
719 2646 825 2690 eorum
849 2629 926 2690 ratio
949 2630 980 2690 in
1004 2629 1102 2709 prima
1126 2636 1156 2688 et
1171 2626 1304 2689 secunda
1328 2627 1539 2706 coniugatione
1555 2637 1707 2691 constare:

393 2755 462 2799 nam
487 2735 583 2816 prima
600 2751 642 2804 as,
668 2741 699 2795 ut
722 2751 811 2804 amas,
837 2731 971 2794 secunda
994 2749 1028 2794 es
1049 2730 1195 2812 producta
1216 2727 1330 2812 syllaba
1347 2729 1537 2803 terrrrinatur,
1562 2740 1595 2794 ut
1616 2732 1713 2794 doces.

394 2841 484 2902 tertia
508 2857 580 2901 vero
596 2846 736 2918 correpta
761 2845 790 2898 et
807 2837 894 2898 tertia
912 2834 1074 2914 producta,
1098 2853 1187 2916 quam
1212 2833 1331 2912 quidam
1357 2841 1493 2914 quartam
1519 2833 1632 2905 dicunt,
1658 2855 1715 2897 non

293 2971 295 2976 ·
393 2951 534 3026 poterunt
556 2949 711 3024 separatae
735 2942 865 3003 tiemari:
895 2959 963 3002 tram
991 2949 1120 3020 utraque
1144 2939 1169 3000 is
1198 2935 1311 3020 syllaba
1335 2939 1530 3007 terminatur,
1556 2947 1588 3000 ut
1611 2939 1717 3000 scribis

372 3050 503 3110 munis.
550 3063 622 3127 ergo
652 3045 735 3107 utin
761 3045 842 3105 omni
865 3045 1076 3122 coniugatione
1106 3043 1279 3106 firmissima
1302 3041 1379 3103 ratio
1403 3039 1553 3110 tradatur,
1577 3042 1715 3128 couside-
1729 3051 1753 3091 ²⁵

393 3151 488 3214 randa
505 3160 551 3213 est
575 3149 654 3212 modi
678 3147 846 3230 imperativi
870 3148 990 3208 nuntiari
1006 3145 1167 3227 singularis
1183 3143 1314 3207 secunda
1331 3161 1473 3226 persona.
1509 3161 1577 3206 uam
1601 3147 1715 3226 primae

392 3253 615 3340 coniugationis
646 3251 726 3313 modi
760 3251 928 3332 imperativi
961 3251 1107 3329 temporis
1136 3251 1305 3329 praesentis
1333 3249 1453 3310 numeri
1483 3247 1647 3328 singularis
1669 3269 1715 3311 sc·
1814 3241 1818 3250 ’

392 3358 490 3423 cunda
516 3375 644 3439 persona
669 3375 684 3416 a
710 3357 899 3424 terminatur,
926 3362 957 3415 ut
981 3371 1062 3423 anta,
1086 3351 1236 3415 secundae
1261 3371 1277 3412 e
1301 3351 1462 3432 producta,
1487 3359 1519 3410 ιιι
1543 3351 1632 3422 doce,
1657 3363 1716 3414 ter·

392 3465 450 3524 tiae
481 3480 553 3523 vevo
576 3467 735 3540 correptae
759 3478 774 3518 e
798 3467 965 3538 correpta,·
986 3465 1018 3519 ut
1045 3455 1160 3527 scribe,
1193 3459 1300 3519 tertiae
1326 3455 1490 3534 productae
1513 3455 1537 3526 i,
1569 3464 1601 3516 ιιι
1624 3457 1716 3517 ructui.

480 3567 605 3645 Species
629 3563 758 3646 passiva,
784 3580 860 3643 quae
885 3561 965 3622 venit
988 3561 1024 3622 de
1049 3559 1299 3640 activa,·primae
1324 3577 1472 3641 personae
1497 3558 1577 3620 rtrudi
1601 3558 1752 3622 iudica-³⁰

392 3671 444 3732 tivi
469 3669 615 3750 temporis
637 3667 805 3748 praesentis
828 3683 843 3725 r
867 3665 983 3727 adiecta
1009 3667 1056 3735 tit,
1088 3673 1119 3724 ut
1142 3681 1226 3725 amor
1252 3672 1338 3724 tneor
1362 3661 1481 3724 scribor
1506 3665 1636 3728 ttrttnior.
1676 3643 1717 3724 sic

392 3775 421 3835 in
447 3781 587 3853 tempore
617 3771 720 3832 loturo
744 3769 880 3831 eiusdem
905 3765 1004 3838 modi,
1033 3767 1111 3849 ‹yuod
1137 3765 1258 3848 puidam
1284 3767 1407 3828 ιιιιιιΙιιιιι
1437 3767 1651 3848 promissivum
1675 3763 1716 3826 di-

391 3886 474 3946 cunt.
499 3879 531 3937 in
557 3873 658 3935 verbis
681 3873 801 3954 quidem
827 3873 941 3954 primae
966 3881 994 3934 et
1018 3871 1167 3933 sectandae
1192 3871 1414 3949 coniugationis
1438 3888 1452 3929 r
1477 3869 1576 3930 littera
1601 3869 1714 3931 adiecta

342 4051 344 4056 ,
392 3983 437 4050 itt,
469 3990 500 4043 ut
533 3978 658 4041 amabor
688 3974 838 4044 docebor;
869 3978 900 4037 in
931 3977 1038 4036 tertiae
1070 3992 1140 4035 vero
1170 3982 1329 4055 correptae
1358 3994 1389 4056 ιιι
1414 3975 1444 4033 in
1470 3991 1483 4032 ι·
1507 3981 1654 4046 mutatur,
1686 3981 1717 4030 nt

392 4084 509 4146 scribac
534 4083 655 4144 rnoriar.
703 4081 802 4142 ottanis
818 4080 1037 4157 cottiugatiunis
1062 4075 1224 4139 verborum
1249 4079 1433 4158 passivorum
1452 4075 1560 4138 modus
1585 4077 1711 4154 impera·
1726 4093 1751 4130 aa

392 4192 473 4251 tirus
490 4185 594 4250 similis
612 4193 656 4246 est
670 4185 787 4246 inirrrlto
805 4185 984 4262 activorum,
1010 4191 1041 4242 nt
1058 4199 1159 4242 aurare
1183 4182 1292 4244 ducere
1317 4179 1451 4244 scribere
1476 4178 1603 4240 munire.
1625 4175 1631 4260 Ι
1651 4197 1716 4239 nam

392 4291 529 4354 eiusdem
561 4287 642 4350 modi
673 4298 791 4367 ternpus
815 4287 949 4347 luturunr
974 4305 989 4346 r
1013 4285 1129 4346 adiecta
1160 4286 1288 4366 tempori
1318 4287 1420 4347 luturo
1445 4283 1524 4344 ιιιιιιιί
1549 4281 1715 4362 imperativi

462 4485 475 4532 l
497 4495 591 4547 genere
611 4490 701 4528 vvcutro
722 4477 746 4528 B
817 4477 833 4526 4
852 4476 990 4543 praeterito
1009 4471 1136 4541 perlecto]
1156 4489 1181 4524 et
1201 4475 1365 4540 praeteritum
1385 4472 1524 4540 perircmnv
1545 4472 1567 4522 Β
1638 4473 1716 4520 luo-

393 4570 463 4620 uisee
484 4581 562 4617 nosse
582 4565 621 4616 nei
641 4565 792 4615 meminisse
812 4563 836 4612 B
908 4565 939 4613 12
960 4577 1010 4612 non
1036 4577 1094 4611 nam
1119 4577 1188 4612 corr.
1220 4577 1269 4610 non
1295 4575 1350 4610 enm
1372 4559 1411 4609 B:
1440 4559 1541 4608 terent.
1566 4553 1715 4608 Eumne!

392 4659 416 4716 1,
442 4657 456 4704 1
549 4646 663 4718 redeam]
688 4651 790 4702 Terent.
812 4650 925 4700 Eunuell.
952 4649 967 4698 I
982 4651 1035 4708 1,4
1126 4649 1156 4698 13
1175 4645 1346 4696 dennemaB
1434 4647 1467 4694 ‘tt
1486 4641 1650 4709 separatall

391 4740 424 4790 28
444 4738 587 4790 secundae
611 4737 735 4804 producto
756 4736 781 4786 B
833 4738 866 4787 ‘29
887 4737 960 4786 tertia
979 4749 1040 4785 nero
1060 4745 1180 4799 correpta
1200 4749 1213 4782 e
1231 4743 1349 4798 correpta
1368 4729 1394 4780 B
1447 4734 1479 4782 31
1500 4725 1584 4796 terror]
1603 4729 1715 4793 sortasse

390 4839 479 4882 teneor
497 4828 537 4876 uel
554 4826 649 4874 doceor
720 4825 753 4875 at
769 4824 887 4887 fortasse
913 4824 938 4871 in
959 4823 1048 4872 tertiae
1072 4833 1132 4869 vero
1150 4831 1283 4883 correptae
1308 4831 1332 4867 ct
1351 4816 1491 4883 productae
1515 4830 1540 4864 ιιι
1560 4816 1585 4865 in
1605 4831 1618 4864 r
1636 4827 1715 4864 muta·

391 4923 444 4972 tur,
471 4924 497 4960 ut
516 4911 613 4982 scribttr
633 4908 735 4960 muniar
