3904 5556
297 420 364 470 v111
473 407 477 412 '
819 495 821 500 .
853 416 1060 468 renarrem

295 597 383 661 XXI
401 598 432 660 in
454 597 542 660 libris
564 599 737 658 carminum
760 603 789 656 et
812 596 918 674 epodis
935 593 1020 658 OBE
1041 595 1124 658 EST
1143 595 1391 658 obcecatum
1407 595 1509 659 suut
1531 595 1627 659 bott-

296 701 394 764 eoru
420 700 611 763 LEXISUE
630 689 839 776 pronuntiato
867 702 908 778 tp.
940 695 1012 770 183,
1042 695 1095 779 22)
1124 733 1167 746 -
1196 698 1215 758 i.
1244 693 1287 760 62
1310 699 1422 762 dicitm·
1444 703 1530 762 colon
1556 701 1626 762 EX·

297 805 440 868 boleto
462 805 500 885 (p.
529 798 598 873 184,
625 798 675 880 14)
696 802 701 881 Ι
721 803 871 880 incc'poiunt
892 804 1030 865 indiculo
1052 805 1186 864 centonis
1202 803 1325 880 probae
1347 805 1483 866 inlustris
1502 805 1507 882 Ι
1526 821 1626 866 romu·

297 925 358 970 nce
391 909 533 968 amiciori
565 913 665 966 muter
700 939 738 950 —
775 907 794 966 l.
831 902 895 968 to·
929 909 1050 984 superis
1079 908 1227 969 concessit
1257 906 1296 967 ob
1325 909 1388 968 oris
1419 905 1627 986 Omnipotens:
1711 921 1712 926 ’

297 1008 415 1072 Probae
439 1019 526 1072 canuto
542 1006 731 1088 Vergilianus
748 1005 759 1091 ΙΙ
777 1009 797 1070 i.
816 1006 971 1071 tl-tt*
996 1011 1047 1070 Ad
1057 1009 1198 1071 basilium
1215 1011 1346 1071 ornicum
1361 1013 1465 1086 serpii.
1500 1013 1625 1074 Ultimo·

297 1131 365 1176 rom
389 1113 581 1192 syllabarum
606 1145 646 1156 —
669 1112 857 1190 dipthonpis.
902 1115 989 1186 final.
1017 1115 1116 1186 repul.
1141 1113 1268 1189 explicit
1292 1111 1432 1184 feliciter
1454 1131 1560 1176 umen:
1590 1113 1626 1175 de

300 1215 440 1280 finalibus
469 1225 638 1278 metrorum
661 1233 691 1296 p.
716 1209 917 1296 tta-itaq
935 1215 954 1276 1.
979 1211 1021 1278 15
1043 1217 1127 1292 incip
1156 1211 1296 1292 pomini
1313 1216 1435 1292 papirii
1456 1219 1627 1292 ortoprotin

223 1359 226 1365 -
295 1322 434 1395 feliciter
454 1320 565 1382 lectori
584 1325 615 1379 ct
629 1321 786 1397 scriptori.
832 1319 1013 1380 Iustitia-
1038 1322 1163 1381 cestius.
1209 1320 1323 1379 maiore
1345 1327 1431 1397 parte
1448 1319 1574 1400 paginae
1598 1329 1628 1380 et

250 1485 256 1490 .
301 1423 417 1486 duabus
453 1423 599 1503 proximis
629 1424 732 1484 uacuis
761 1421 874 1483 relictis
903 1430 1072 1502 sequuntur
1103 1420 1192 1490 haec,
1218 1417 1453 1483 1.16*-109*
1478 1421 1626 1484 aldhelmi

300 1545 349 1590 ars
373 1527 510 1595 metrica,
536 1521 744 1588 utto-113
767 1527 936 1604 aenigmata
961 1523 1143 1606 Symphosii,
1167 1519 1294 1585 1113*
1318 1523 1521 1604 hagnoentum
1539 1523 1626 1586 Pom·

298 1631 358 1712 peii
382 1629 419 1690 de
444 1627 634 1690 barbarismo
658 1628 778 1708 (incipit
801 1629 839 1690 de
861 1630 942 1690 uitiis
963 1644 1044 1723 quoe
1062 1630 1142 1701 fiunt
1169 1630 1201 1688 in
1224 1627 1426 1690 barbarismo.
1470 1627 1550 1689 Sunt
1571 1630 1628 1688 oli·
1739 1707 1741 1710 Ι

298 1749 360 1812 quo
383 1736 457 1794 uitio
481 1748 560 1806 quoae
587 1735 687 1794 uitare
715 1733 855 1794 debemus
881 1766 919 1776 -
947 1732 1065 1792 sibilum
1088 1731 1205 1807 hebet),
1237 1729 1255 1790 i.
1288 1727 1457 1792 114-116
1481 1729 1628 1793 bonifacii

298 1843 445 1899 tractatus
476 1835 513 1895 de
544 1835 679 1896 caesuris
709 1852 848 1896 rensuum
880 1843 910 1896 et
938 1833 975 1895 de
1004 1834 1124 1904 matris,
1159 1835 1180 1895 i.
1213 1829 1306 1894 116*.
1332 1830 1391 1894 111
1418 1851 1520 1896 stersus
1543 1834 1625 1896 varii.

299 1937 436 2001 codicem
465 1939 495 1998 in
519 1937 606 1999 hierii
635 1938 780 2000 Victorini
810 1936 899 2000 libris
927 1955 994 1998 cnm
1023 1937 1161 1999 Putschii
1190 1935 1323 1998 editione
1353 1936 1384 1997 iu
1413 1954 1514 1998 meum
1537 1954 1625 1998 usum

212 2107 214 2114 ,
263 2057 265 2061 ·
300 2039 427 2104 contulit
449 2040 599 2103 hienricus
624 2039 788 2109 Brunnius,
813 2043 898 2102 cuins
921 2057 1046 2121 operam
1070 2049 1172 2120 postea
1195 2039 1367 2102 Lndouicns
1384 2038 1504 2121 {sepius
1528 2039 1627 2102 denuo

298 2147 437 2224 inspecto
461 2153 490 2206 ct
513 2147 685 2206 accuratius
715 2163 842 2206 excusso
872 2144 978 2206 coelice
1006 2143 1167 2223 suppleuit.
1213 2151 1370 2224 praeterea
1400 2141 1628 2205 Studemundns

299 2248 446 2330 quaedam
475 2264 510 2307 ex
540 2248 639 2326 primo
667 2255 698 2308 ot
726 2245 861 2309 secundo
889 2245 967 2308 libro
995 2247 1104 2326 partim
1138 2263 1152 2306 a
1183 2265 1215 2308 se
1246 2247 1357 2326 partim
1389 2244 1628 2310 aih'iimannsio
1698 2281 1702 2286 -

301 2369 369 2432 cum
400 2349 565 2412 Gaisiordil
594 2348 728 2410 editione
758 2349 865 2411 coliata
897 2359 1014 2411 mecum
1049 2350 1295 2411 comnmnicarit.
1353 2349 1504 2428 scriptura
1537 2367 1628 2429 saepe

245 2505 248 2510 ,
301 2451 407 2516 deletis
430 2451 475 2514 vel
499 2455 715 2534 superscriptis
744 2453 853 2515 litteris
881 2453 926 2513 vel
950 2451 1060 2514 additis
1088 2450 1257 2523 uocabulis,
1293 2470 1370 2534 quae
1393 2453 1503 2514 omissa
1528 2462 1626 2530 erant,

300 2568 435 2620 correcta
460 2565 514 2618 est.
562 2574 578 2616 e
606 2555 715 2634 quihus
742 2575 811 2618 cum
842 2555 988 2636 quaedam
1019 2555 1056 2616 ah
1085 2557 1152 2635 ipso
1183 2553 1307 2617 librario
1331 2558 1411 2617 inter
1435 2553 1627 2618 scribendum

218 2677 222 2683 ·
299 2667 448 2732 correcta,
473 2658 619 2741 quaedam
644 2657 716 2728 alia,
750 2659 802 2722 sed
833 2659 969 2722 ehmdem
999 2660 1107 2719 aetatis
1131 2677 1221 2720 manu
1245 2659 1355 2737 scripta
1381 2667 1495 2730 essent,
1530 2657 1629 2720 abiis

302 2766 354 2845 qui
378 2761 514 2825 codicem
539 2771 739 2824 excusserunt
761 2773 845 2824 certo
867 2772 898 2824 et
921 2763 1130 2824 consentiente
1153 2761 1265 2824 iudicio
1282 2763 1425 2841 cognosci
1443 2779 1503 2824 non
1519 2764 1627 2842 potuit,

302 2866 375 2948 quid
400 2869 494 2928 reteri
524 2864 664 2942 librario,
693 2865 766 2948 quid
795 2867 976 2934 correctori,
1006 2868 1057 2946 qui
1086 2883 1156 2927 eum
1183 2874 1306 2926 secutus
1335 2873 1395 2935 est,
1433 2865 1626 2927 tribuendum

215 3048 219 3054 ι
301 2978 391 3033 esset.
438 2969 554 3030 diversa
585 2976 684 3029 autem
714 2968 752 3029 ah
782 2967 827 3028 his
856 2967 1010 3030 ueteribus
1039 2967 1283 3031 correctionibus
1310 2977 1381 3030 sunt
1411 2987 1523 3049 pauca,
1548 2987 1626 3050 quae

301 3073 415 3134 recenti
440 3089 529 3132 mauu
554 3079 691 3133 correcta
714 3071 760 3133 vet
785 3074 815 3133 in
838 3072 1024 3150 marginibus
1041 3071 1192 3152 adscripta
1216 3080 1295 3135 sunt.
1320 3073 1350 3132 in
1368 3089 1427 3133 non
1445 3071 1537 3134 nohis
1553 3071 1629 3134 locis

302 3176 401 3247 etiam,
426 3177 457 3236 in
481 3173 593 3256 quibus
614 3177 765 3255 scriptura
788 3173 954 3255 archetypi,
980 3184 1013 3236 ut
1036 3175 1163 3246 videtur,
1189 3173 1287 3238 deleta
1312 3184 1377 3237 crat
1393 3173 1438 3236 vet
1456 3183 1540 3238 certo
1557 3193 1627 3254 cog·

301 3277 385 3340 nosci
409 3295 472 3340 non
495 3286 628 3357 poterat,
664 3295 829 3357 paucarum
852 3276 1022 3339 litterarum
1046 3281 1145 3359 spatio
1168 3297 1262 3342 vacuo
1286 3276 1393 3340 relicto
1417 3277 1525 3341 lactina
1548 3279 1627 3340 indi·

302 3389 367 3443 cata
392 3390 446 3443 est.
493 3391 629 3443 ceterum
653 3382 802 3462 scriptura
827 3379 910 3443 ualde
939 3381 1091 3462 inaequali
1121 3401 1194 3444 ursus
1218 3391 1263 3443 est
1292 3380 1456 3451 librarius,·
1485 3382 1561 3444 adeo
1597 3390 1629 3443 ut

303 3483 394 3546 modo
418 3483 522 3565 piures
546 3483 635 3546 modo
658 3485 817 3564 pauciores
839 3503 945 3546 versus
968 3485 998 3545 in
1022 3485 1148 3564 singuiis
1172 3485 1289 3567 paginis
1312 3484 1476 3548 scriberet:
1505 3503 1572 3548 uam
1596 3487 1627 3545 in

302 3587 367 3650 aliis
390 3585 699 3668 duodequadraginta,
724 3590 755 3650 in
771 3587 836 3650 aliis
860 3588 1078 3668 quinquaginta
1096 3597 1167 3658 tras,
1193 3589 1222 3649 in
1239 3585 1377 3669 plurimis
1393 3590 1515 3670 quidem
1533 3587 1627 3652 tunde·

302 3691 521 3774 quinquaginta
547 3707 651 3751 versus
674 3692 780 3772 scripti
803 3698 883 3751 sunt.

390 3791 490 3854 Codex
517 3791 761 3856 Valentianus
786 3795 816 3855 in
840 3791 1024 3856 merrrhrauis
1045 3793 1160 3856 formae
1177 3793 1341 3875 quadratae
1358 3797 1499 3874 scriptus,
1524 3795 1627 3858 ‘Liber

307 3897 484 3958 monasterii
508 3897 603 3957 sancti
618 3896 746 3964 ,hmandi
762 3900 791 3959 in
810 3895 920 3958 Pabula
937 3897 1054 3960 ordinis
1071 3897 1135 3960 diui
1154 3897 1333 3969 benedicti,
1358 3899 1463 3984 eadem
1479 3901 1627 3968 continet,

303 4017 379 4081 quaa
411 4017 427 4059 e
463 3997 595 4061 Palatino
630 3999 735 4062 codice
768 4019 858 4081 supra
892 3999 1038 4071 indicari,
1075 4003 1205 4081 primum
1241 4001 1325 4064 blasii
1358 4002 1501 4062 Victorini
1532 4002 1627 4064 libros

302 4085 424 4165 mon-2
442 4103 586 4182 bucolt
607 4103 768 4164 metten
799 4103 929 4166 ,1111111
960 4101 1201 4186 utotbttnvtt
1223 4103 1430 4167 ooorottts
1455 4105 1608 4168 Elelll
1622 4103 1626 4188 1

302 4209 422 4268 Artium
449 4209 725 4281 prmnmoticorum
751 4225 816 4288 sqq.
848 4205 1240 4286 (auctorisantur
1265 4209 1435 4287 posteriore
1463 4226 1551 4269 manu
1576 4207 1627 4270 ad·

303 4310 449 4390 scriptum
484 4325 549 4369 esse
579 4309 676 4369 visum
707 4319 754 4370 est
781 4309 901 4372 hliredo
930 4309 1079 4383 Holdero,
1112 4312 1162 4392 qni
1191 4309 1339 4391 quaedam
1371 4329 1406 4372 ex
1436 4310 1493 4372 iroc
1522 4311 1627 4372 codice

304 4413 518 4492 descripserat)
541 4444 581 4456 -
606 4413 719 4473 areum
733 4415 823 4475 coron
843 4413 847 4490 ι
868 4416 929 4476 on
946 4413 1110 4475 lucrans
1125 4413 1243 4474 nuru.
1268 4397 1466 4496 ronterii
1488 4414 1630 4476 ornan

306 4515 380 4588 Qb'I
399 4515 538 4588 LEGIS,
565 4515 673 4577 deinde
699 4515 814 4578 Probae
838 4527 1008 4588 centonem,
1032 4514 1167 4578 libellum
1185 4515 1221 4576 de
1238 4515 1376 4578 finalibus
1392 4517 1627 4595 Sergiiuomine

306 4620 496 4696 inscriptum,
515 4616 663 4680 hldhelmi
680 4616 802 4680 librum.
848 4639 928 4682 nono
951 4617 1071 4683 saeculo
1094 4616 1241 4700 scriptum
1262 4637 1329 4680 esse
1347 4619 1460 4682 librum
1476 4617 1627 4690 iudicauit,

306 4720 521 4791 bethmannus,
547 4723 598 4804 qui
621 4740 689 4783 oum
714 4721 875 4802 descripsit
900 4723 1009 4784 Archiv
1032 4722 1052 4784 i.
1078 4720 1173 4784 bitere
1195 4721 1340 4783 deutsche
1363 4721 1628 4786 Geschichthnnde

307 4843 332 4886 r.
357 4823 421 4884 Vlli
445 4843 475 4904 p.
501 4820 552 4896 94,
577 4825 706 4887 etmihi
731 4825 866 4888 codicem
892 4824 1115 4888 cum'Pntschii
1140 4825 1270 4886 editione
1293 4826 1462 4887 conterenti
1486 4827 1529 4887 sic
1548 4825 1627 4888 uide·

267 4936 268 4939 ’
305 4925 402 4988 batur.
