3850 5560
619 380 668 430 on
691 342 875 433 seruando
898 341 944 432 dn
967 351 1209 434 rannaxarao
1282 427 1291 434 .
1519 367 1583 462 §39

416 566 478 622 aut
500 560 612 623 amite
636 556 710 622 lari
734 576 820 624 rara
845 559 982 622 laudet
1003 559 1122 624 ralla:
1234 581 1238 586 ·

261 661 355 724 habet
377 661 426 725 hio
449 663 580 746 primum
598 661 758 746 dactylum,
783 665 906 725 tertium
931 669 960 724 et
982 663 1121 744 quintum
1142 665 1294 745 spondloa,
1319 674 1437 730 eeteros
1461 665 1588 738 iambos,
1671 735 1676 742 ⁶

260 763 400 829 ultimum
422 766 625 849 pariambum,
651 768 703 845 qni
727 772 757 828 et
779 763 956 847 pyrrichius
979 775 1110 829 vocatur.
1158 775 1349 848 anapaestus,
1410 769 1414 778 '

415 869 667 952 pavidumque
691 867 861 952 leporem
885 876 921 930 et
943 868 1125 932 advenam
1148 867 1286 952 laqueo
1306 890 1458 949 praem:
1549 884 1554 890 ·

235 969 355 1035 shahet
376 973 425 1036 hic
448 975 579 1054 primum
603 981 810 1053 anapaestum,
840 971 1008 1036 secundum
1039 991 1094 1054 pro
1117 973 1218 1037 iambo
1249 956 1434 1046 tribrac‘him,
1464 978 1587 1040 tertium

259 1073 408 1147 iambum,
432 1084 573 1160 quartum
597 1074 743 1148 iambum,
768 1077 907 1157 quintum
930 1083 1144 1158 anapaestum,
1174 1075 1327 1141 ultimum
1344 1075 1488 1142 iambum.
1533 1081 1588 1142 tri-

261 1176 398 1260 brachys.
778 1161 781 1164 ’

417 1281 491 1363 quid
515 1279 559 1346 ais
582 1282 681 1365 epidia
705 1282 760 1346 tibi
782 1281 981 1362 facilior-erit
1003 1302 1106 1347 amor:
1524 1369 1526 1372 Ι

263 1383 356 1449 habet
377 1383 428 1448 hic
451 1387 585 1468 primum
616 1395 646 1448 et
668 1385 837 1450 secundum
866 1395 906 1450 et·
925 1390 1049 1450 tertium
1081 1395 1113 1450 et
1140 1395 1279 1468 quartum
1310 1398 1340 1451 et
1368 1390 1505 1471 quintum
1536 1391 1589 1452 tri-

220 1503 247 1546 ro
262 1485 412 1561 brachim,
437 1488 576 1554 ultimum
598 1486 742 1552 iambum.
790 1489 839 1553 hle
869 1506 973 1554 versus
997 1490 1162 1571 tragoediis
1185 1498 1272 1573 aptus
1293 1501 1346 1564 est,
1369 1495 1396 1556 si
1420 1493 1588 1558 secundum

264 1600 293 1654 et
317 1602 460 1672 quartum
483 1594 591 1676 pedem
616 1609 676 1654 non
700 1589 775 1655 alios
798 1593 910 1657 leceris
940 1613 1030 1675 quam
1057 1591 1184 1658 iambos.
1231 1613 1300 1658 nam
1330 1593 1469 1660 ultimum
1496 1597 1588 1661 iacias
1644 1615 1646 1618 ’

262 1683 388 1758 necesse
412 1704 457 1758 est
480 1713 549 1758 eum
573 1696 625 1777 qui
647 1695 818 1777 appellatur
840 1694 1022 1780 tribrachys.

816 1920 1023 1934 *nnn—.-

525 2052 535 2069 “
592 2059 596 2068 '
656 2123 675 2208 1
708 2089 774 2164 nn
800 2089 1129 2202 adunandum

345 2262 403 2326 llic
426 2264 491 2326 sine
517 2260 576 2326 ulla
593 2241 783 2325 dubitatione
808 2261 893 2326 heroi
917 2261 1086 2326 hexametri
1109 2232 1303 2336 subolesest,
1328 2283 1418 2347 quem
1434 2268 1585 2330 invenisse
1655 2276 1657 2279 ’
1773 2303 1781 2315 ·
1807 2297 1811 2304 ·

219 2384 246 2428 ιι
262 2367 375 2433 dicitur
391 2365 525 2430 caltinus
541 2365 699 2447 Ephesius.
738 2366 791 2428 sed
816 2365 875 2437 alii,
901 2377 933 2430 ut
950 2369 1131 2438 Victorinus,
1156 2373 1262 2446 putant
1277 2385 1344 2430 esse
1359 2366 1583 2440 Archilochum,

138 2516 143 2520 -
258 2471 402 2553 quicum
427 2469 541 2550 epodos
565 2470 782 2549 excogitaverit
805 2467 880 2532 alios
904 2468 1067 2540 breviores,
1092 2467 1166 2532 alios
1188 2469 1352 2551 longiores,
1382 2471 1420 2534 ab
1444 2471 1501 2535 hoc
1524 2473 1583 2535 sci·

257 2573 331 2636 licet
348 2575 457 2656 eoepit
479 2571 645 2636 detrahens
667 2591 763 2634 unum
792 2572 910 2653 pedem,
940 2580 973 2635 ut
996 2570 1041 2635 illi
1070 2571 1224 2638 subiceret
1246 2573 1342 2647 laune,
1370 2576 1422 2656 qui
1450 2577 1584 2639 nascitur

256 2695 293 2741 ax
316 2677 412 2741 heroo
428 2677 615 2745 hexametro,
640 2673 805 2738 'clausulam
830 2673 993 2739 habentem
1012 2673 1213 2761 semipedem,
1238 2677 1329 2741 veluti
1352 2681 1483 2758 ‘primus
1505 2679 1582 2742 inira

258 2783 364 2844 riam’ss
402 2781 431 2842 in
456 2778 512 2842 hac
535 2777 683 2860 particula
700 2775 787 2842 heroi
805 2767 979 2842 'hexametri
1002 2777 1122 2862 dactyli
1139 2781 1198 2844 duo
1221 2789 1292 2844 sunt
1315 2789 1344 2846 et
1367 2783 1508 2866 semipes,
1531 2784 1584 2866 qui

217 2897 244 2940 ao
257 2883 380 2963 repetiti
403 2891 627 2965 pentametrum
650 2881 765 2945 iaciunt
786 2883 838 2954 sic,

331 3056 336 3064 ¹
411 2987 530 3066 primus
552 2985 629 3048 inira
653 2985 729 3049 riam
746 2989 870 3066 primm
891 2987 973 3048 inire
995 2985 1107 3050 viam(
1158 3013 1160 3018 ¹

254 3089 345 3153 huius
374 3107 479 3152 versus
510 3097 585 3152 sunt
613 3098 756 3171 quattuor
773 3091 919 3173 species:
956 3107 1031 3159 una,
1063 3108 1131 3154 cum
1161 3090 1359 3180 dunwdactyli
1387 3091 1580 3163 antecedunt,

254 3193 402 3277 spondius
424 3195 597 3264 intervenit,
621 3191 827 3257 subsecuntur
850 3195 1005 3275 anapaesti
1028 3193 1097 3266 dun,
1121 3200 1154 3256 ut
1177 3204 1223 3256 est
1244 3195 1304 3268 hic,

409 3295 546 3360 scrihere
570 3293 734 3359 versiculos
756 3296 892 3360 scrihere
917 3297 1098 3384 versiculos:

213 3399 361 3474 saltere,
396 3417 466 3463 cuna
496 3400 650 3480 praeeedit
679 3399 839 3480 spondius,
870 3401 1005 3480 iungitur
1038 3398 1189 3482 dactylus,
1225 3400 1388 3464 intervenia
1422 3402 1576 3488 spondius,

252 3511 400 3593 secuntur
423 3503 578 3585 anapaesti
600 3503 671 3572 duo,
696 3512 729 3567 ut
753 3513 800 3566 est
822 3501 905 3574 illud,

408 3604 482 3670 urbs
505 3608 628 3690 antiqua
652 3605 716 3676 luit,
741 3625 830 3689 quam
854 3615 981 3668 tenuere
1005 3605 1153 3690 Phryges:

251 3713 354 3783 tertia,
377 3726 447 3773 cum
470 3718 533 3772 tres
557 3719 627 3773 sunt
650 3709 778 3791 spondii,
803 3712 958 3791 anapaesti
981 3709 1050 3781 duo,
1075 3717 1107 3772 ut
1129 3717 1177 3772 est

407 3821 459 3874 aut
480 3812 651 3877 inlaudatus
674 3813 748 3876 nolit
772 3813 855 3877 adire
878 3813 980 3883 locos;

280 4039 283 4045 ·
320 4017 419 4083 aquid
436 4021 476 4072 ais
495 4019 566 4075 Mar.
589 4019 691 4072 Vertar.
708 4019 749 4084 79,
770 4019 803 4071 18

321 4225 704 4294 lautamitpleuirnteudet
727 4223 844 4277 retiaS:
867 4225 936 4279 Har.
961 4225 1037 4290 epod.
1063 4227 1149 4290 1,.13
1253 4219 1474 4291 dparidumqua]
1503 4223 1571 4277 Hor.
1663 4267 1664 4270 ,

250 4314 328 4380 epod.
346 4315 372 4373 2,
393 4315 444 4365 ἃδε
462 4311 498 4375 es.
517 4312 582 4365 Aur.
599 4311 708 4365 Fortun.
728 4327 754 4377 p.
767 4311 829 4376 187,
843 4314 877 4363 15
946 4325 1037 4378 gruem
1056 4308 1143 4363 odnS
1213 4312 1245 4362 10
1263 4310 1396 4376 tragoedis
1414 4307 1442 4360 S.
1479 4312 1573 4378 trepton·
1653 4310 1657 4318 “

219 4391 338 4452 'aereas
356 4397 899 4465 maertpuonemeorrepitepuomrares.
913 4396 985 4448 Mar.
1003 4396 1103 4449 Victor.
1116 4412 1142 4462 p.
1156 4398 1230 4458 80st
1301 4398 1334 4448 14
1351 4409 1413 4461 εισι
1432 4397 1571 4448 exametris
1599 4452 1604 4461 ,

176 4527 178 4532 .
248 4482 349 4537 subolis
368 4482 446 4536 estS
521 4484 555 4535 lb
571 4483 671 4534 camina
694 4483 815 4550 edesius.¹
846 4480 898 4534 Sed
921 4482 966 4533 alii
989 4494 1018 4532 ιιι
1036 4495 1080 4534 ore
1098 4481 1181 4534 maius
1201 4491 1293 4549 putant
1311 4497 1368 4533 esse
1386 4483 1517 4534 arcionum
1536 4481 1570 4534 S.-

248 4571 283 4636 οἱ.
302 4569 375 4626 Mor.
398 4568 526 4622 Victoria.
543 4585 572 4636 p.
584 4571 645 4628 104,
663 4572 688 4621 a.
709 4571 768 4629 107,
788 4572 820 4634 ¹⁰.
891 4569 923 4620 lb
942 4568 1074 4620 breviores
1093 4566 1197 4620 Mariua
1220 4567 1520 4621 Victorinus-breuesS

249 4657 282 4708 1‘1
300 4655 337 4708 illi
354 4654 459 4709 Moriar
480 4654 630 4707 Victoriam
648 4653 732 4706 aliiS
818 4654 851 4706 18
869 4649 1031 4720 hexametro]
1052 4653 1174 4705 metroS
1260 4656 1292 4706 19
1310 4655 1355 4718 qui
1373 4655 1467 4722 repetit
1483 4655 1570 4722 pinta·

139 4792 141 4796 .
247 4752 357 4794 metrum
376 4743 421 4807 qui
440 4739 539 4792 iaciunt
556 4741 595 4793 sle
608 4741 708 4808 primus
726 4740 873 4791 inlreuiam
892 4739 1005 4791 huiusS
1073 4741 1107 4790 22
1125 4735 1240 4792 unuan
1308 4741 1344 4792 24
1360 4733 1486 4808 seribere]
1500 4739 1568 4794 Hor.

248 4827 324 4894 epod.
343 4830 385 4889 11,
404 4830 421 4879 2
492 4827 525 4878 21
545 4820 621 4896 urbs]
644 4827 724 4895 Verp.
744 4827 812 4878 Aen.
831 4825 848 4877 1
868 4827 902 4877 11
922 4825 983 4878 urhs
1001 4825 1109 4891 antiqua
1126 4825 1183 4887 init,
1201 4825 1272 4893 Tyrii
1291 4837 1396 4878 tenuere
1409 4824 1500 4878 coloni

248 4915 282 4966 19
300 4922 344 4967 sat
362 4908 521 4980 inlaudatus]
544 4913 623 4981 Verp.
642 4928 731 4982 penrp.
752 4915 779 4978 3,
798 4915 815 4964 5
833 4923 877 4965 aut
895 4912 1021 4964 inlaudati
1039 4912 1122 4964 nescit
1139 4912 1267 4966 Busiridis
1286 4923 1345 4963 aras
1504 4914 1514 4918 “’
