3904 5556
640 337 720 394 ser.
739 337 851 395 osum.
871 338 941 394 nm.
961 341 983 396 1.
1002 341 1029 406 o,
1047 339 1160 392 so-oo
1521 335 1563 404 23

263 451 284 495 p.
298 440 359 484 2167.
372 441 399 482 68
413 438 437 481 Ρ.
1386 447 1409 494 p.
1422 441 1455 486 ih.
1469 441 1495 482 id
1509 438 1536 484 G.

237 547 340 594 versus
361 535 511 612 punctum
532 531 638 613 ponite
662 528 758 602 aliud,
782 548 873 613 quam
898 529 979 611 quod
996 529 1139 594 librarius
1162 528 1319 594 interduo
1343 529 1433 592 rerba
1450 532 1560 612 posuit.

238 635 377 715 quotiens
408 642 511 698 autem
540 644 610 696 ante
645 633 821 698 distinctum
851 651 936 696 mora
966 633 1057 698 luerit
1086 635 1276 706 necessaria,
1311 629 1452 696 similiter
1485 635 1563 698 inter

239 737 312 802 eluas
335 734 339 818 1
365 734 482 800 litteras
505 733 632 818 διπλῆν
655 753 808 808 auersam,
838 735 870 799 id
893 746 940 800 est
962 733 1126 808 sicilicum.
1156 739 1270 818 ponite.
1317 736 1342 799 si
1370 755 1442 801 vero
1471 738 1564 801 luerit

239 839 423 923 hyperbaton
446 849 477 904 et
499 840 618 922 longior
642 859 765 912 sensus,
799 849 829 903 at
852 859 904 904 ros
924 841 955 903 in
980 842 1039 903 ima
1062 849 1150 924 parte
1174 859 1279 904 versus
1310 841 1391 905 inter
1419 839 1493 904 duas
1521 843 1561 904 si·

213 945 362 1018 solitar,
393 953 427 1007 ut
448 963 556 1026 supra,
584 944 703 1008 litteras
724 944 841 1008 clarum
872 951 1019 1027 punctum
1042 945 1160 1026 ponite,
1191 953 1222 1008 et
1244 947 1269 1008 si
1293 945 1379 1028 prius
1402 961 1493 1025 quam
1516 944 1561 1006 di-

237 1050 378 1112 slinctum
400 1047 602 1120 concluditur,
627 1067 712 1110 mora
734 1049 845 1111 iterum
869 1048 961 1112 luerit
983 1049 1169 1119 necessaria,
1195 1044 1497 1130 desideraveram,
1529 1050 1561 1112 id

238 1161 283 1216 est
297 1151 462 1225 sicilicum,
486 1150 627 1216 similiter
649 1152 680 1215 in
699 1152 756 1216 ima
778 1159 866 1234 perte
882 1171 989 1216 rersus
1012 1153 1126 1234 ponite.
1157 1161 1201 1214 Pu
1224 1155 1364 1234 quotiens
1386 1160 1560 1234 praetorem

237 1257 406 1336 significare
428 1255 533 1328 rnltis,
557 1255 650 1320 nolite
671 1257 904 1339 interpungere,
928 1273 967 1318 ne
989 1255 1041 1318 liat
1063 1254 1195 1338 populns
1211 1255 1380 1320 Romanus:
1405 1274 1463 1320 nec
1477 1275 1559 1320 com·

239 1363 348 1442 posita,
372 1359 473 1442 qualia
488 1370 558 1424 suot
580 1358 740 1424 lerianima
757 1357 939 1424 hiduancnla
955 1358 1146 1442 tardigrade;
1172 1360 1247 1424 haec
1264 1361 1344 1423 enim
1367 1360 1443 1424 hunt
1458 1361 1566 1444 specie

201 1473 268 1526 oet
289 1466 511 1546 significatione
534 1482 640 1527 unum.
685 1462 738 1527 sed
766 1480 808 1526 ne
836 1463 1031 1546 crotildem,
1062 1479 1139 1544 quae
1169 1481 1238 1527 cnm
1268 1465 1493 1547 praepositione
1516 1463 1559 1526 di·

236 1577 359 1642 cuntur,
383 1569 655 1651 circumpurgetis,
681 1577 713 1631 ut
735 1567 923 1630 circumduci
946 1576 976 1630 et
998 1567 1211 1631 circumveniri
1234 1577 1265 1630 et
1286 1567 1504 1650 circumplecti,
1529 1577 1561 1630 et

236 1671 371 1735 nonnulli
393 1681 425 1734 et
451 1671 624 1756 paulopost,
655 1690 713 1734 oec
734 1671 824 1744 haec,
854 1679 886 1734 ut
908 1669 1076 1752 ingalliam,
1111 1669 1275 1744 initaliam,
1305 1671 1435 1744 nechoc,
1466 1669 1557 1736 necil-

237 1774 302 1849 lud,
325 1795 401 1858 quae
424 1777 540 1840 induite
563 1775 713 1840 dicuntur.
813 1815 816 1826 ·

320 1879 505 1963 Repertoree
532 1878 704 1943 litterarum
728 1877 858 1942 Cadmus
887 1897 923 1942 ex
945 1877 1099 1942 Phoenice
1129 1879 1160 1940 in
1184 1878 1343 1942 Graeciam
1366 1886 1397 1942 et
1419 1877 1560 1943 Euander

200 1982 275 2046 ooo
302 2001 358 2047 nos
387 1982 606 2048 transtulerunt
634 1978 892 2066 ahcde[h]
916 1980 1055 2044 iiim
1079 1998 1182 2063 nop
1205 1978 1256 2066 [q]
1282 2001 1298 2044 r
1321 2000 1336 2044 s
1359 1991 1414 2045 tar
1442 1979 1560 2046 litteras

238 2105 361 2150 numero
390 2094 464 2150 XVt.
510 2097 613 2168 postea
636 2083 780 2170 quasdam
811 2104 827 2148 a
852 2084 1011 2149 Palamede
1042 2093 1072 2146 et
1099 2082 1214 2149 aliasa
1241 2083 1397 2149 Simonide
1426 2085 1559 2151 adiectas

237 2175 376 2271 implesse
399 2209 561 2254 numerum
583 2197 686 2250 xxun
732 2187 780 2273 [io
803 2187 960 2252 comoedia
990 2191 1138 2271 scriptum
1163 2197 1229 2252 erat
1252 2185 1359 2252 ellum:
1391 2207 1451 2252 non
1474 2199 1558 2254 recte

238 2313 286 2356 roe
308 2293 424 2358 lecistis
446 2293 549 2358 illurn:
580 2301 625 2356 est
649 2294 732 2358 enim
755 2295 807 2355 ‘en
829 2291 943 2376 illum']
967 2293 1172 2374 grammatici,
1202 2301 1361 2374 praeterea
1385 2291 1558 2357 Demetrius

236 2395 408 2470 Phalereus,
430 2397 660 2468 Hermocrates,
685 2415 721 2460 ex
745 2398 858 2460 nostris
882 2405 982 2461 antem
1005 2396 1142 2470 Cincius,
1165 2395 1292 2468 Fabius,
1324 2395 1436 2460 Gellius
1463 2396 1558 2460 tradi·

198 2501 354 2566 eoderunt.
400 2500 570 2584 exquibus
593 2500 875 2584 Cincius‘peucis'
900 2499 1250 2582 inquit‘commutatls,
1286 2509 1319 2563 ut
1353 2497 1390 2562 ad
1423 2499 1558 2582 lingnam

235 2617 368 2671 nostram
396 2607 615 2690 pervenirent’.
660 2623 712 2670 eas
741 2622 885 2687 namque·
907 2602 1038 2668 Cadmus
1072 2623 1109 2666 ex
1141 2602 1293 2667 Phoenice
1327 2604 1359 2666 in
1388 2604 1556 2677 Graeciam,

235 2709 302 2776 inde
330 2709 369 2774 ad
404 2729 459 2774 nos
486 2708 630 2774 Euander
653 2705 884 2772 transtulerunt.
931 2708 1114 2788 scripseram
1143 2717 1243 2771 autem
1272 2705 1372 2780 robis,
1408 2716 1556 2791 qnantum

234 2824 346 2899 repeto,
367 2810 383 2900 ΙΙ
405 2824 436 2878 et
457 2813 515 2878 alia
537 2813 642 2896 plura,
665 2813 747 2875 inter
770 2830 847 2895 quae
869 2819 991 2874 nostros
1013 2819 1117 2882 antea,
1147 2810 1234 2874 sictui
1263 2810 1395 2874 Graecos
1423 2830 1555 2894 quoqne,

233 2925 295 2978 xv]
317 2918 429 2982 litteris
456 2935 541 2990 assos,
573 2935 609 2980 er
638 2915 748 2998 quibus
782 2915 874 2978 iuuisse
903 2917 1036 2994 quinque
1063 2911 1181 2977 vocales
1208 2912 1289 2994 apud
1318 2923 1479 2996 utrosque,
1509 2915 1557 2978 his

198 3035 222 3078 u
234 3030 337 3105 postea
353 3021 498 3104 quasdam
515 3039 532 3082 a
549 3019 707 3084 Palamede
732 3029 762 3082 et
784 3017 856 3081 alias
879 3037 895 3080 a
912 3017 1068 3082 Simonide
1085 3017 1218 3081 adiectas
1236 3017 1378 3100 implesse
1394 3037 1554 3082 numerum

233 3132 345 3198 Litium
375 3144 413 3189 er
441 3123 564 3188 adiectis
586 3131 687 3187 autem
712 3131 832 3186 nostros
856 3121 950 3185 solam
975 3141 993 3184 x
1017 3123 1185 3204 recepisse;
1216 3133 1333 3184 rrero
1362 3135 1386 3184 o
1415 3132 1495 3200 etQ
1523 3125 1555 3187 in

233 3229 349 3310 graecis
366 3229 457 3291 etiarn
473 3227 581 3292 litteris
596 3227 688 3290 luisse
704 3235 734 3290 et
758 3245 838 3290 nunc
853 3243 930 3296 esse,
954 3223 1007 3288 sed
1031 3233 1171 3289 nuotam
1197 3227 1315 3290 numeri
1338 3234 1384 3298 Vt,
1410 3241 1432 3303 Q
1456 3246 1551 3290 nona·
1576 3292 1581 3302 ,

233 3333 312 3413 ginta
335 3333 523 3413 siguificare,
552 3345 573 3394 r
596 3340 697 3394 autem
720 3331 810 3410 apud
828 3329 929 3394 leolis
948 3328 1104 3392 dumtaxat
1125 3328 1207 3393 idem
1225 3327 1340 3401 valere,
1371 3331 1451 3414 quod
1474 3331 1553 3412 apud
1633 3363 1637 3370 ·

234 3453 288 3498 oos
309 3455 337 3508 e,
361 3439 502 3518 cumpro
517 3435 694 3505 consonanti
718 3433 870 3504 scribitur,
895 3434 1055 3515 vocarique
1077 3431 1146 3514 βαῦ
1169 3443 1200 3497 et
1215 3434 1374 3516 digamma.
1410 3447 1440 3498 et
1461 3437 1554 3517 signi·

302 3593 335 3643 tt
353 3590 509 3658 Repertores
528 3590 670 3642 litterarum
689 3607 716 3658 p.
736 3594 777 3654 11,
796 3595 813 3640 5
883 3591 918 3642 28
936 3588 955 3638 F
972 3601 1059 3640 autem
1078 3615 1111 3626 -
1129 3589 1263 3656 digamma
1280 3607 1309 3656 p.
1329 3593 1371 3653 15,
1391 3591 1408 3640 4

301 3749 316 3798 1
338 3745 458 3799 librarios
481 3761 553 3798 corr.
576 3761 619 3796 ·ns
640 3747 665 3796 A
736 3747 790 3797 uo
814 3740 936 3811 διπλῆν]
956 3733 1080 3800 ὸΠΛΗΝ
1105 3744 1163 3795 AB
1181 3735 1279 3812 diuisis
1296 3755 1349 3801 ως
1366 3751 1475 3812 utroque
1497 3747 1553 3798 loco
1626 3712 1630 3721 ’

301 3817 335 3868 lt)
357 3830 437 3866 unnnr
461 3813 561 3866 BVal.
586 3816 611 3864 in
631 3829 710 3865 unum
730 3816 815 3866 deleto
836 3815 863 3864 in
883 3814 909 3865 A
997 3829 1064 3878 qnae
1082 3827 1139 3864 eum
1159 3813 1354 3880 praepositione
1372 3813 1398 3864 B
1419 3815 1507 3878 deum
1527 3831 1552 3878 q.

233 3901 289 4008 ‘it‘
312 3885 753 4005 ¹''⁸‘ttt}i”t„in¹¹t‘⁰”‘¹¹‘¹ti
776 3883 1053 4019 iiiltitititli
1070 3895 1150 4003 life
1171 3883 1553 4004 sitifiensis?

230 3967 397 4092 piaeffdicri
416 4031 444 4075 la
460 3968 783 4088 rhagadarpomenmn?
795 3968 959 4073 risicindum
977 4022 1086 4073 coniecit
1104 3967 1209 4088 Scherdy
1226 4023 1284 4088 μθ
1356 4025 1388 4073 15
1410 4023 1417 4072 i
1435 4021 1453 4071 h
1471 4023 1516 4071 lm
1535 4035 1553 4078 ς

232 4093 336 4144 hikm
355 4093 380 4144 A
424 4109 446 4144 m
518 4101 636 4160 pratu
655 4091 753 4142 litteras
772 4091 802 4142 G.
822 4089 846 4142 I.
869 4089 978 4142 Vossius
995 4090 1028 4141 de
1051 4099 1102 4142 nrt.
1120 4090 1313 4159 prometto
1330 4109 1357 4158 p.
1375 4093 1409 4142 81
1432 4104 1553 4158 pqrst

232 4187 329 4240 litteras
348 4185 403 4238 AB
414 4199 467 4244 ως
537 4187 569 4238 tt
588 4187 614 4236 in
633 4183 768 4237 comoedia
786 4197 837 4242 ως
855 4185 881 4236 in
898 4183 1017 4236 comedis
1034 4183 1060 4235 B
1077 4185 1104 4236 in
1122 4169 1270 4239 oommridia
1287 4187 1313 4238 A
1336 4183 1510 4251 (eruperser.
1524 4186 1553 4252 o)
1589 4229 1592 4236 .

233 4257 257 4307 ln
275 4257 422 4308 commedia
444 4257 504 4308 Vat.
528 4256 553 4306 in
573 4253 709 4306 comoedia
727 4281 760 4292 -
778 4270 810 4305 en
829 4253 900 4304 illum
918 4255 1025 4306 seclusit
1041 4253 1167 4307 Hertzirrs
1185 4257 1217 4308 de
1237 4255 1332 4308 Circeiis
1351 4271 1378 4321 p.
1397 4257 1439 4308 59.
1468 4255 1494 4305 irs
1513 4255 1552 4306 ln·

234 4343 331 4390 maon,
351 4341 403 4393 pec
421 4327 523 4378 sonim
540 4325 762 4394 mensurnorum
780 4325 949 4383 excidissent,
968 4323 1047 4376 amhn
1065 4325 1139 4376 illata
1157 4339 1214 4377 esre
1232 4327 1342 4379 coniecit
1359 4323 1465 4388 Scharlp
1484 4341 1510 4390 p.
1526 4328 1553 4376 1.

233 4397 350 4448 sidentur
376 4393 457 4446 cerdo
479 4393 512 4446 ob
535 4395 584 4448 hoc
605 4397 662 4447 loeo
685 4395 772 4445 atissa
794 4407 830 4445 ιω
856 4391 1078 4445 obseruationibus
1100 4395 1172 4457 issia
1193 4411 1221 4461 p.
1240 4396 1283 4454 21,
1303 4397 1337 4445 15
1358 4409 1416 4460 sqq.
1445 4394 1553 4458 scriptis

233 4465 279 4516 huc
300 4467 388 4516 relata
411 4478 478 4517 esre.
504 4479 537 4515 ea
554 4470 639 4516 mimo
661 4479 729 4531 quae
750 4463 783 4514 de
803 4464 908 4529 praesis
928 4464 1104 4528 praramotiels
1125 4463 1274 4516 Victorinus
1295 4467 1396 4528 scripto
1418 4463 1552 4513 invenerat

233 4537 287 4601 ipse
302 4532 477 4600 penencourt
501 4549 558 4584 narn
576 4533 774 4586 Hemmcratem
792 4532 861 4582 inter
879 4533 1059 4598 prammate‘cos
1077 4535 1218 4598 appellarit
1239 4531 1327 4582 Varro
1345 4532 1419 4596 apud
1434 4529 1552 4597 Serpiurrr

233 4606 338 4670 pido,
357 4604 394 4654 13
475 4602 507 4654 18
524 4599 609 4672 illum]
629 4601 706 4653 ellum
725 4599 750 4652 B
830 4602 862 4652 ts
880 4599 1020 4652 Phalereus
1037 4615 1089 4658 ως
1116 4601 1252 4670 phalereos
1270 4599 1328 4653 AB
1405 4600 1552 4652 eustosius

234 4673 448 4738 poemoreloco
466 4670 492 4722 B
561 4673 595 4724 Pi
612 4672 673 4722 inde
691 4669 797 4736 Schody
813 4687 842 4736 p.
860 4671 877 4722 8
895 4677 922 4721 el
940 4672 974 4720 ro
993 4669 1061 4720 unde
1079 4671 1204 4728 ΑΒως
1281 4667 1482 4725 ιηιῃεῑιιίεταις

234 4744 266 4793 24
283 4743 396 4807 quinque
418 4755 467 4792 orn.
479 4739 600 4798 ΑΒως
686 4741 720 4791 hl
738 4740 784 4790 sed
803 4739 825 4791 G
843 4753 950 4790 nrrmero
969 4739 1005 4788 vt
1024 4755 1040 4803 q
1060 4736 1088 4804 (d
1107 4739 1144 4807 A)
1166 4741 1308 4806 nonaginta
1326 4735 1474 4806 significare
1493 4739 1553 4790 AB

235 4811 366 4864 hischino
385 4808 432 4862 sed
450 4825 469 4878 g
489 4823 595 4861 numero
614 4810 712 4862 serrrire
729 4819 807 4873 atqrre
831 4810 974 4877 nonaginta
991 4808 1140 4876 significare
1164 4822 1215 4864 ως
1284 4809 1319 4860 28
1337 4807 1349 4858 i
1366 4817 1451 4859 autem
1470 4808 1552 4860 aeolis

236 4921 288 4981 Βς
304 4922 315 4974 1
331 4935 417 4974 ensem
436 4919 527 4974 aeolus
546 4923 572 4974 A
590 4921 603 4973 l
618 4935 702 4974 erstem
723 4921 820 4973 Aeoliis
838 4938 860 4975 ω
944 4923 978 4974 29
997 4924 1084 4974 uocari
1107 4939 1150 4987 .q.
1173 4921 1228 4988 Bap
1246 4924 1273 4974 A
1291 4921 1431 4986 uocarique
1449 4885 1506 4989 ffiuy
1527 4921 1552 4972 B
