3888 5550
387 363 453 432 456
667 379 772 428 aaran
793 378 917 430 anorn
941 363 991 448 [n.
1017 363 1181 448 cnavnn]
1206 378 1427 430 sacanuorrs

392 465 543 518 paul

543 553 779 637 Pelidesque
802 553 1073 634 Neoptolemus
1095 556 1318 636 primusque
1341 553 1523 618 Machaon

543 667 579 720 et
601 657 792 722 Menelaus
815 659 953 740 etipse
977 656 1056 720 uoti
1080 659 1295 722 iabrieator
1319 657 1448 741 Epeos.

475 761 517 826 De
540 760 662 844 diaipto.
711 760 846 845 [iiaiyton
876 761 921 826 rei
944 761 1109 844 asyndeton
1134 773 1180 826 est
1202 763 1295 826 dietio
1317 764 1382 825 sine
1405 762 1620 825 coniunctione
1642 779 1710 842 pro-

389 865 465 940 lata,
489 875 522 929 nt

1166 970 1237 1034 alii
1260 968 1461 1032 naraiibns
1482 971 1550 1037 ite,
1722 983 1750 1050 e·

504 1059 507 1064 ¹
543 1071 642 1136 ierte
665 1073 739 1134 eiti
762 1069 947 1146 flammas,
972 1073 1058 1137 date
1082 1073 1176 1145 reia,
1201 1072 1394 1155 impellite
1418 1089 1550 1134 remos.

475 1176 518 1240 De
541 1175 715 1257 prolempsi.
762 1175 946 1256 Proiempsis
969 1187 1029 1248 est,
1054 1197 1138 1248 cum.
1163 1185 1324 1256 antequam
1342 1195 1391 1238 res
1414 1173 1458 1236 vei
1476 1191 1623 1255 personae
1646 1173 1710 1234 iini·

391 1291 496 1352 untur,
522 1297 667 1344 numerus
690 1281 883 1350 terminatur,
908 1282 942 1344 ui

544 1383 691 1446 interea
713 1369 836 1463 reges.
862 1387 1010 1465 ingenti
1033 1383 1128 1447 mole
1152 1383 1308 1448 Latinus

544 1486 774 1568 quadriiugo
798 1487 951 1551 veiritur
973 1506 1104 1566 curru,
1129 1489 1188 1550 oui
1212 1496 1382 1570 tempora
1407 1487 1551 1548 circum
1725 1505 1748 1545 ro

391 1599 420 1652 et
442 1600 559 1661 eetera;
583 1591 694 1652 iterum

545 1701 580 1754 et
603 1693 705 1755 iuxta
729 1695 927 1765 Ascanius,
951 1715 1104 1777 magnae
1125 1713 1211 1778 spes
1233 1692 1355 1757 altera
1379 1693 1529 1764 Rornae,
1633 1696 1638 1704 '

547 1797 769 1878 procedunt.

475 1899 519 1964 De
542 1909 711 1981 zeugmate.
756 1901 887 1982 Zeugma
911 1912 971 1975 est,
997 1923 1065 1966 curn
1090 1903 1182 1966 rebus
1204 1901 1331 1981 singuiis
1355 1901 1446 1964 rerba
1469 1899 1638 1962 necessaria
1661 1914 1712 1977 ap-

389 2003 557 2085 plicantur,
583 2013 615 2066 ut
638 2006 780 2084 ‘regem
803 2007 887 2069 ariit
909 2016 951 2070 et
973 2009 1055 2088 regi
1079 2007 1290 2070 memorat’.
1725 2029 1750 2071 u

477 2105 519 2169 De
543 2092 725 2170 mesozeuxi.
771 2109 959 2174 iiiesoaeuxis
988 2118 1049 2181 est,
1080 2129 1148 2173 eum
1172 2111 1361 2193 superiorem
1392 2119 1420 2170 ei
1449 2107 1624 2169 iuieriorem
1647 2121 1712 2166 ora·

391 2210 503 2273 tionem
534 2211 658 2274 terbum
689 2213 721 2275 in
744 2214 844 2276 medio
868 2215 995 2296 positum
1020 2213 1156 2286 ordinat,
1187 2222 1221 2276 ut
1247 2211 1422 2275 ‘muitum
1446 2208 1512 2272 iiie
1535 2217 1572 2272 et
1594 2207 1713 2269 terris

390 2316 556 2378 iactatus
579 2324 616 2377 et
638 2314 747 2404 aitol':
777 2321 898 2400 utrique
921 2317 1101 2399 respondet,
1125 2327 1155 2378 et
1177 2317 1269 2379 terris
1290 2325 1322 2378 et
1343 2315 1416 2386 aito,
1441 2311 1566 2376 verbum
1589 2314 1716 2374 iactatus

389 2419 421 2479 in
445 2415 545 2480 medio
568 2420 710 2500 positum.

479 2521 521 2586 De
549 2518 728 2603 hypozeuxi.
775 2523 965 2606 Hypozeuxis
994 2533 1054 2595 est,
1084 2525 1224 2605 quotiens
1254 2541 1346 2586 unum
1377 2521 1501 2584 verbum
1535 2521 1565 2583 in
1603 2515 1751 2598 duplici„

392 2620 585 2705 muitipiiuire
613 2627 762 2690 sententia
791 2634 893 2707 postea
926 2627 1095 2710 appiioatur
1118 2627 1259 2690 omnihus
1281 2625 1493 2709 superioribus
1517 2621 1715 2703 respondens,

323 2792 326 2800 ,
391 2738 423 2792 ui
447 2738 494 2792 est

1004 2849 1011 2860 ·
1089 2834 1331 2917 quinumina
1354 2831 1514 2903 Phoebi,

548 2929 613 3020 qui
637 2938 826 3020 tripodas,
850 2937 952 3001 Ciari
978 2939 1125 3010 iaurus,
1149 2939 1213 3018 qui
1236 2937 1362 3000 sidera
1386 2936 1517 2998 sentis.

480 3039 522 3103 De
545 3041 696 3122 prozeuxi.
745 3041 925 3114 Prozeuxis,
949 3061 1027 3122 quae
1051 3052 1095 3106 est
1111 3043 1263 3105 contraria
1280 3041 1463 3122 hypozeuxi,
1488 3040 1519 3100 iit
1536 3037 1593 3100 ime
1616 3035 1713 3101 mono,
1727 3061 1750 3100 n

393 3163 462 3208 eum
486 3152 574 3207 antea
598 3143 719 3206 verbum
744 3147 883 3228 ponitur,
908 3147 987 3229 quoti
1012 3149 1112 3210 omnia
1136 3147 1304 3227 posteriora
1329 3144 1509 3223 coniungat,
1529 3143 1534 3220 1
1555 3149 1587 3203 ut

548 3247 612 3310 iat
635 3244 707 3310 tibi
752 3257 953 3328 praeterea
977 3250 1154 3312 fortunae
1178 3267 1295 3333 parva
1318 3249 1465 3330 prioris

548 3369 704 3414 munera
728 3351 911 3434 reliquias
934 3353 1044 3415 Troia
1069 3373 1107 3416 ex
1133 3352 1290 3416 ardente
1314 3359 1502 3432 receptas.

481 3454 523 3517 De
547 3456 785 3535 promesoaeuxi.
831 3455 1079 3542 Promesozeuxis
1104 3454 1194 3541 [est]‚
1218 3475 1295 3538 quae
1318 3453 1497 3519 constetne
1520 3451 1713 3533 proaeuxirt

395 3559 583 3628 mesozeuxi.
608 3559 640 3619 iit
663 3557 720 3618 iroo
744 3559 852 3622 niodo:
878 3559 967 3623 uerba
992 3561 1160 3622 necessaria
1178 3568 1247 3624 ante
1264 3569 1294 3621 et
1308 3561 1339 3621 in
1356 3557 1456 3622 medio
1471 3557 1568 3638 posita
1591 3561 1748 3617 necturus,

339 3673 341 3680 “
394 3681 498 3724 secum
522 3661 705 3732 orationem,
731 3671 763 3724 ut

549 3763 591 3828 da
614 3767 821 3846 propriam,
846 3766 1101 3849 Thymbraee,
1127 3768 1290 3838 domum,
1314 3767 1357 3829 da
1381 3765 1530 3827 moenia
1555 3762 1680 3825 iessis.

400 3867 447 3931 irie
471 3869 551 3931 enim
580 3867 651 3931 ideo
673 3873 923 3949 promesozeuxis
946 3882 1006 3942 est,
1030 3871 1109 3953 quod
1134 3879 1165 3932 et
1187 3880 1256 3934 ante
1280 3881 1311 3934 et
1335 3873 1365 3932 in
1389 3869 1491 3932 medio
1515 3864 1640 3928 rerburn
1665 3881 1714 3924 ue·

395 3973 559 4035 cessarium
584 3973 645 4034 ‘ria’
670 3972 863 4036 sermonibus
886 3973 1054 4056 copulatur.

462 4214 538 4264 5aiii
560 4213 647 4265 rrartaii
671 4215 706 4264 ite
730 4211 770 4265 B:
797 4216 878 4282 Verp.
905 4219 970 4268 Aera.
997 4215 1136 4268 1111599
1207 4217 1270 4268 8ut
1293 4233 1341 4268 otu.
1369 4213 1393 4266 B
1463 4205 1608 4280 iinterea]
1639 4209 1715 4272 Verp.

397 4301 465 4352 Aen.
489 4299 550 4351 XII
574 4302 623 4350 161
647 4315 703 4366 sqq.
760 4303 791 4352 10
811 4316 888 4352 curro
914 4300 939 4351 B
995 4305 1025 4352 it
1045 4301 1186 4355 Sacerdoti
1208 4303 1368 4354 tribuendum
1391 4308 1430 4352 est
1454 4301 1524 4366 puori
1544 4313 1648 4362 zeugma
1667 4311 1716 4361 pru

395 4387 554 4453 opportuni,
578 4401 652 4453 paam
674 4388 747 4452 uulgo
768 4389 932 4452 praenuntiet
952 4395 978 4440 et
1002 4388 1120 4440 rhetores
1138 4391 1272 4452 dixerunt,
1295 4397 1322 4440 et
1339 4388 1503 4456 iigpozeuoeia
1519 4401 1570 4452 pro
1590 4390 1717 4449 zeugmate

395 4475 465 4526 dieu
519 4473 550 4523 iu
570 4466 669 4538 regern]
698 4470 778 4538 Verg.
805 4475 871 4524 rien.
896 4473 923 4523 X
947 4476 997 4524 irs
1052 4477 1082 4525 16
1102 4475 1251 4526 interiorem
1270 4475 1296 4526 B
1351 4476 1381 4526 tt
1401 4467 1522 4542 miiitum]
1551 4471 1632 4536 Verp.
1651 4469 1716 4520 Aea.

397 4559 449 4610 19
495 4597 497 4602 .
523 4557 554 4609 18
573 4556 710 4624 respoudit
732 4556 758 4608 B
828 4560 860 4610 21
879 4559 1111 4627 multipliciqueB
1181 4563 1215 4612 tt
1233 4557 1290 4630 qui]
1320 4561 1400 4628 Verg.
1431 4559 1498 4610 Aea.
1521 4555 1574 4607 111
1598 4557 1651 4606 359

396 4646 430 4696 95
448 4657 515 4708 quae
542 4647 592 4706 est]
616 4655 656 4696 est
678 4659 745 4709 quae
769 4644 795 4695 B
865 4647 898 4698 2¹1
916 4643 975 4714 dat]
1002 4647 1080 4716 Verg.
1106 4651 1172 4702 Aen.
1200 4647 1262 4698 VII
1285 4650 1339 4699 m
1414 4645 1448 4696 28
1467 4645 1550 4695 troies
1574 4640 1652 4702 exB

395 4732 429 4781 29
445 4731 562 4795 sarturae
580 4731 800 4799 promssoaenxis
820 4737 862 4783 est
879 4749 946 4798 quae
964 4745 1066 4785 constat
1084 4734 1116 4784 rie
1134 4735 1258 4801 prozeuxi
1279 4745 1304 4784 et
1322 4733 1483 4786 mesozeuxi.
1519 4730 1548 4781 tit
1566 4742 1652 4782 autem
1670 4731 1716 4783 irae

395 4815 473 4868 modo
492 4831 552 4868 eum
570 4818 648 4869 uerba
661 4819 810 4870 necessaria
829 4831 889 4872 mue
908 4831 932 4870 et
951 4821 977 4870 in
997 4821 1082 4870 medio
1097 4823 1184 4886 positu
1203 4831 1341 4871 nectuntur
1352 4834 1410 4870 eum
1423 4820 1539 4871 oratione
1610 4821 1644 4870 30
1661 4834 1716 4868 rrec-

399 4914 453 4953 tunt
471 4920 484 4953 u
504 4915 587 4954 areatat
606 4905 631 4954 B
702 4908 734 4956 3¹2
753 4906 786 4956 da
805 4903 953 4973 proprium]
978 4907 1058 4972 Verp.
1077 4909 1144 4958 Aen.
1164 4907 1216 4960 III
1233 4910 1268 4958 8⁵
1338 4905 1487 4974 thymbrene
1505 4905 1532 4956 B
