<?xml version="1.0" encoding="UTF-8"?>
<!DOCTYPE html PUBLIC "-//W3C//DTD XHTML 1.0 Transitional//EN"
    "http://www.w3.org/TR/xhtml1/DTD/xhtml1-transitional.dtd">
<html xmlns="http://www.w3.org/1999/xhtml" xml:lang="en" lang="en">
 <head>
  <title>
</title>
<meta http-equiv="Content-Type" content="text/html;charset=utf-8" />
  <meta name='ocr-system' content='tesseract 3.04.00' />
  <meta name='ocr-capabilities' content='ocr_page ocr_carea ocr_par ocr_line ocrx_word'/>
</head>
<body>
  <div class='ocr_page' id='page_1' title='image "./grammaticilatin05hagagoog_0385.png"; bbox 0 0 3874 5556; ppageno 0'>
   <div class='ocr_carea' id='block_1_1' title="bbox 311 354 1100 486">
    <p class='ocr_par' dir='ltr' id='par_1_1' title="bbox 311 354 1100 486">
     <span class='ocr_line' id='line_1_1' title="bbox 857 354 1100 408; baseline 0.016 -4"><span class='ocrx_word' id='word_1_1' title='bbox 857 354 906 404; x_wconf 73' lang='lat' dir='ltr'><strong>Db}</strong></span> <span class='ocrx_word' id='word_1_2' title='bbox 929 355 1100 408; x_wconf 69' lang='lat' dir='ltr'><strong>subustus</strong></span> 
     </span>
     <span class='ocr_line' id='line_1_2' title="bbox 311 433 438 486; baseline 0.016 -12"><span class='ocrx_word' id='word_1_3' title='bbox 311 444 333 486; x_wconf 88' lang='lat' dir='ltr'><strong>p.</strong></span> <span class='ocrx_word' id='word_1_4' title='bbox 348 433 400 474; x_wconf 82' lang='lat' dir='ltr'><strong>ttoa</strong></span> <span class='ocrx_word' id='word_1_5' title='bbox 413 433 438 477; x_wconf 77' lang='grc' dir='ltr'><strong>Ρ.</strong></span> 
     </span>
    </p>
   </div>
   <div class='ocr_carea' id='block_1_2' title="bbox 394 528 1474 932">
    <p class='ocr_par' dir='ltr' id='par_1_2' title="bbox 394 528 1474 932">
     <span class='ocr_line' id='line_1_3' title="bbox 522 528 1315 619; baseline 0.005 -29"><span class='ocrx_word' id='word_1_6' title='bbox 522 547 558 590; x_wconf 81' lang='grc' dir='ltr'><strong>αι</strong></span> <span class='ocrx_word' id='word_1_7' title='bbox 580 528 665 612; x_wconf 88' lang='lat' dir='ltr'><strong>prior</strong></span> <span class='ocrx_word' id='word_1_8' title='bbox 688 532 713 594; x_wconf 90' lang='lat' dir='ltr'><strong>si</strong></span> <span class='ocrx_word' id='word_1_9' title='bbox 736 543 911 614; x_wconf 83' lang='lat' dir='ltr'><strong>separetur,</strong></span> <span class='ocrx_word' id='word_1_10' title='bbox 935 553 986 598; x_wconf 81' lang='lat' dir='ltr'><strong>sex</strong></span> <span class='ocrx_word' id='word_1_11' title='bbox 1011 546 1099 598; x_wconf 88' lang='lat' dir='ltr'><strong>erunt</strong></span> <span class='ocrx_word' id='word_1_12' title='bbox 1121 536 1315 619; x_wconf 77' lang='lat' dir='ltr'><strong>superstites:</strong></span> 
     </span>
     <span class='ocr_line' id='line_1_4' title="bbox 394 632 1474 724; baseline 0.003 -25"><span class='ocrx_word' id='word_1_13' title='bbox 394 639 403 650; x_wconf 84' lang='lat'>&#39;</span> <span class='ocrx_word' id='word_1_14' title='bbox 518 632 662 722; x_wconf 75' lang='grc' dir='ltr'><strong>ἄρτικόν</strong></span> <span class='ocrx_word' id='word_1_15' title='bbox 685 659 754 704; x_wconf 88' lang='lat' dir='ltr'><strong>narn</strong></span> <span class='ocrx_word' id='word_1_16' title='bbox 778 641 878 702; x_wconf 87' lang='lat' dir='ltr'><strong>cernis</strong></span> <span class='ocrx_word' id='word_1_17' title='bbox 901 657 967 702; x_wconf 88' lang='lat' dir='ltr'><strong>esse</strong></span> <span class='ocrx_word' id='word_1_18' title='bbox 990 639 1094 722; x_wconf 84' lang='grc' dir='ltr'><strong><em>σίγμα</em></strong></span> <span class='ocrx_word' id='word_1_19' title='bbox 1117 643 1249 724; x_wconf 87' lang='lat' dir='ltr'><strong>primurn</strong></span> <span class='ocrx_word' id='word_1_20' title='bbox 1274 648 1304 702; x_wconf 86' lang='lat' dir='ltr'><strong>et</strong></span> <span class='ocrx_word' id='word_1_21' title='bbox 1326 637 1474 710; x_wconf 84' lang='lat' dir='ltr'><strong>ultimum,</strong></span> 
     </span>
     <span class='ocr_line' id='line_1_5' title="bbox 467 742 1336 826; baseline 0.003 -21"><span class='ocrx_word' id='word_1_22' title='bbox 467 753 506 795; x_wconf 82' lang='grc'><strong>000</strong></span> <span class='ocrx_word' id='word_1_23' title='bbox 520 742 645 808; x_wconf 88' lang='lat' dir='ltr'><strong>alteram</strong></span> <span class='ocrx_word' id='word_1_24' title='bbox 669 743 872 826; x_wconf 78' lang='lat' dir='ltr'><strong>diphthongos</strong></span> <span class='ocrx_word' id='word_1_25' title='bbox 896 746 980 806; x_wconf 82' lang='lat' dir='ltr'><strong>auxit</strong></span> <span class='ocrx_word' id='word_1_26' title='bbox 1002 743 1172 825; x_wconf 87' lang='lat' dir='ltr'><strong>copulando</strong></span> <span class='ocrx_word' id='word_1_27' title='bbox 1195 743 1336 818; x_wconf 85' lang='lat' dir='ltr'><strong>litteram,</strong></span> 
     </span>
     <span class='ocr_line' id='line_1_6' title="bbox 518 846 1351 932; baseline 0.002 -22"><span class='ocrx_word' id='word_1_28' title='bbox 518 866 687 912; x_wconf 80' lang='lat' dir='ltr'><strong>consonans</strong></span> <span class='ocrx_word' id='word_1_29' title='bbox 711 857 741 912; x_wconf 86' lang='lat' dir='ltr'><strong>et</strong></span> <span class='ocrx_word' id='word_1_30' title='bbox 764 849 821 912; x_wconf 91' lang='lat' dir='ltr'><strong>uda</strong></span> <span class='ocrx_word' id='word_1_31' title='bbox 845 847 998 930; x_wconf 86' lang='lat' dir='ltr'><strong>complent</strong></span> <span class='ocrx_word' id='word_1_32' title='bbox 1022 846 1165 932; x_wconf 78' lang='lat' dir='ltr'><strong>syllabam</strong></span> <span class='ocrx_word' id='word_1_33' title='bbox 1190 850 1351 912; x_wconf 87' lang='lat' dir='ltr'><strong>senariam.</strong></span> 
     </span>
    </p>
   </div>
   <div class='ocr_carea' id='block_1_3' title="bbox 441 1037 1508 4169">
    <p class='ocr_par' dir='ltr' id='par_1_3' title="bbox 441 1037 1508 4169">
     <span class='ocr_line' id='line_1_7' title="bbox 552 1037 1486 1159; baseline 0.001 -22"><span class='ocrx_word' id='word_1_34' title='bbox 552 1037 660 1144; x_wconf 82' lang='lat' dir='ltr'><strong>Nunc</strong></span> <span class='ocrx_word' id='word_1_35' title='bbox 682 1095 736 1158; x_wconf 92' lang='lat' dir='ltr'><strong>per</strong></span> <span class='ocrx_word' id='word_1_36' title='bbox 760 1079 841 1159; x_wconf 88' lang='lat' dir='ltr'><strong>ipsas</strong></span> <span class='ocrx_word' id='word_1_37' title='bbox 863 1078 908 1138; x_wconf 95' lang='lat' dir='ltr'><strong>ire</strong></span> <span class='ocrx_word' id='word_1_38' title='bbox 931 1091 1055 1158; x_wconf 85' lang='lat' dir='ltr'><strong>pergam</strong></span> <span class='ocrx_word' id='word_1_39' title='bbox 1079 1075 1224 1158; x_wconf 75' lang='lat' dir='ltr'><strong>syllabas,</strong></span> <span class='ocrx_word' id='word_1_40' title='bbox 1249 1095 1325 1158; x_wconf 88' lang='lat' dir='ltr'><strong>quae</strong></span> <span class='ocrx_word' id='word_1_41' title='bbox 1350 1075 1486 1138; x_wconf 84' lang='lat' dir='ltr'><strong>uersibus</strong></span> 
     </span>
     <span class='ocr_line' id='line_1_8' title="bbox 518 1177 1376 1260; baseline 0.003 -21"><span class='ocrx_word' id='word_1_42' title='bbox 518 1177 694 1260; x_wconf 87' lang='lat' dir='ltr'><strong>scrupulum</strong></span> <span class='ocrx_word' id='word_1_43' title='bbox 717 1178 816 1243; x_wconf 84' lang='lat' dir='ltr'><strong>solent</strong></span> <span class='ocrx_word' id='word_1_44' title='bbox 837 1199 972 1251; x_wconf 85' lang='lat' dir='ltr'><strong>morare,</strong></span> <span class='ocrx_word' id='word_1_45' title='bbox 996 1184 1075 1244; x_wconf 89' lang='lat' dir='ltr'><strong>ratio</strong></span> <span class='ocrx_word' id='word_1_46' title='bbox 1097 1183 1123 1243; x_wconf 93' lang='lat' dir='ltr'><strong>si</strong></span> <span class='ocrx_word' id='word_1_47' title='bbox 1146 1197 1206 1243; x_wconf 93' lang='lat' dir='ltr'><strong>non</strong></span> <span class='ocrx_word' id='word_1_48' title='bbox 1229 1180 1376 1242; x_wconf 89' lang='lat' dir='ltr'><strong>cernitur.</strong></span> 
     </span>
     <span class='ocr_line' id='line_1_9' title="bbox 561 1281 1298 1364; baseline 0 -20"><span class='ocrx_word' id='word_1_49' title='bbox 561 1281 620 1344; x_wconf 88' lang='lat' dir='ltr'><strong>Sed</strong></span> <span class='ocrx_word' id='word_1_50' title='bbox 644 1285 785 1364; x_wconf 87' lang='lat' dir='ltr'><strong>quoniam</strong></span> <span class='ocrx_word' id='word_1_51' title='bbox 810 1283 956 1364; x_wconf 81' lang='lat' dir='ltr'><strong>exemplis</strong></span> <span class='ocrx_word' id='word_1_52' title='bbox 979 1283 1067 1349; x_wconf 88' lang='lat' dir='ltr'><strong>heroi</strong></span> <span class='ocrx_word' id='word_1_53' title='bbox 1089 1284 1232 1347; x_wconf 85' lang='lat' dir='ltr'><strong>carminis</strong></span> <span class='ocrx_word' id='word_1_54' title='bbox 1256 1284 1298 1346; x_wconf 91' lang='lat' dir='ltr'><strong>uti</strong></span> 
     </span>
     <span class='ocr_line' id='line_1_10' title="bbox 455 1386 1349 1469; baseline 0.01 -28"><span class='ocrx_word' id='word_1_55' title='bbox 455 1399 571 1448; x_wconf 79' lang='lat' dir='ltr'><strong>robores</strong></span> <span class='ocrx_word' id='word_1_56' title='bbox 593 1395 710 1457; x_wconf 87' lang='lat' dir='ltr'><strong>monet,</strong></span> <span class='ocrx_word' id='word_1_57' title='bbox 736 1394 768 1450; x_wconf 92' lang='lat' dir='ltr'><strong>ut</strong></span> <span class='ocrx_word' id='word_1_58' title='bbox 791 1386 920 1469; x_wconf 86' lang='lat' dir='ltr'><strong>pedibus</strong></span> <span class='ocrx_word' id='word_1_59' title='bbox 941 1389 1026 1450; x_wconf 83' lang='lat' dir='ltr'><strong>sistat</strong></span> <span class='ocrx_word' id='word_1_60' title='bbox 1047 1407 1100 1450; x_wconf 88' lang='lat' dir='ltr'><strong>sua</strong></span> <span class='ocrx_word' id='word_1_61' title='bbox 1123 1387 1229 1469; x_wconf 90' lang='lat' dir='ltr'><strong>regula</strong></span> <span class='ocrx_word' id='word_1_62' title='bbox 1252 1387 1349 1457; x_wconf 87' lang='lat' dir='ltr'><strong>iustis,</strong></span> 
     </span>
     <span class='ocr_line' id='line_1_11' title="bbox 515 1491 1311 1575; baseline 0.001 -23"><span class='ocrx_word' id='word_1_63' title='bbox 515 1509 571 1552; x_wconf 85' lang='lat' dir='ltr'><strong>seu</strong></span> <span class='ocrx_word' id='word_1_64' title='bbox 596 1491 701 1554; x_wconf 85' lang='lat' dir='ltr'><strong>uitium</strong></span> <span class='ocrx_word' id='word_1_65' title='bbox 725 1491 859 1560; x_wconf 82' lang='lat' dir='ltr'><strong>incessit.</strong></span> <span class='ocrx_word' id='word_1_66' title='bbox 885 1493 972 1554; x_wconf 88' lang='lat' dir='ltr'><strong>metri</strong></span> <span class='ocrx_word' id='word_1_67' title='bbox 996 1494 1113 1556; x_wconf 90' lang='lat' dir='ltr'><strong>ratione</strong></span> <span class='ocrx_word' id='word_1_68' title='bbox 1137 1491 1311 1575; x_wconf 88' lang='lat' dir='ltr'><strong>probemus,</strong></span> 
     </span>
     <span class='ocr_line' id='line_1_12' title="bbox 521 1595 1242 1678; baseline -0.006 -18"><span class='ocrx_word' id='word_1_69' title='bbox 521 1600 621 1678; x_wconf 86' lang='lat' dir='ltr'><strong>aptius</strong></span> <span class='ocrx_word' id='word_1_70' title='bbox 645 1604 690 1660; x_wconf 90' lang='lat' dir='ltr'><strong>est</strong></span> <span class='ocrx_word' id='word_1_71' title='bbox 713 1595 799 1659; x_wconf 91' lang='lat' dir='ltr'><strong>nobis</strong></span> <span class='ocrx_word' id='word_1_72' title='bbox 824 1598 913 1662; x_wconf 86' lang='lat' dir='ltr'><strong>simili</strong></span> <span class='ocrx_word' id='word_1_73' title='bbox 937 1598 1102 1660; x_wconf 80' lang='lat' dir='ltr'><strong>decurrere</strong></span> <span class='ocrx_word' id='word_1_74' title='bbox 1127 1615 1242 1667; x_wconf 85' lang='lat' dir='ltr'><strong>norma,</strong></span> 
     </span>
     <span class='ocr_line' id='line_1_13' title="bbox 518 1699 1270 1783; baseline -0.004 -20"><span class='ocrx_word' id='word_1_75' title='bbox 518 1700 650 1765; x_wconf 83' lang='lat' dir='ltr'><strong>discolor</strong></span> <span class='ocrx_word' id='word_1_76' title='bbox 673 1699 806 1764; x_wconf 88' lang='lat' dir='ltr'><strong>alternos</strong></span> <span class='ocrx_word' id='word_1_77' title='bbox 830 1703 943 1764; x_wconf 78' lang='lat' dir='ltr'><strong>referat</strong></span> <span class='ocrx_word' id='word_1_78' title='bbox 965 1719 1002 1764; x_wconf 90' lang='lat' dir='ltr'><strong>ne</strong></span> <span class='ocrx_word' id='word_1_79' title='bbox 1025 1701 1133 1783; x_wconf 80' lang='lat' dir='ltr'><strong>pagina</strong></span> <span class='ocrx_word' id='word_1_80' title='bbox 1156 1719 1270 1762; x_wconf 79' lang='lat' dir='ltr'><strong>uersrts.</strong></span> 
     </span>
     <span class='ocr_line' id='line_1_14' title="bbox 561 1803 1479 1888; baseline -0.001 -20"><span class='ocrx_word' id='word_1_81' title='bbox 561 1805 740 1885; x_wconf 87' lang='lat' dir='ltr'><strong>Spectandis</strong></span> <span class='ocrx_word' id='word_1_82' title='bbox 762 1804 892 1886; x_wconf 86' lang='lat' dir='ltr'><strong>pedibus</strong></span> <span class='ocrx_word' id='word_1_83' title='bbox 914 1825 990 1888; x_wconf 86' lang='lat' dir='ltr'><strong>quae</strong></span> <span class='ocrx_word' id='word_1_84' title='bbox 1013 1814 1084 1868; x_wconf 88' lang='lat' dir='ltr'><strong>sunt</strong></span> <span class='ocrx_word' id='word_1_85' title='bbox 1107 1807 1197 1866; x_wconf 87' lang='lat' dir='ltr'><strong>nimis</strong></span> <span class='ocrx_word' id='word_1_86' title='bbox 1220 1803 1322 1875; x_wconf 89' lang='lat' dir='ltr'><strong>obvia,</strong></span> <span class='ocrx_word' id='word_1_87' title='bbox 1347 1804 1479 1867; x_wconf 89' lang='lat' dir='ltr'><strong>rnittam:</strong></span> 
     </span>
     <span class='ocr_line' id='line_1_15' title="bbox 454 1908 1334 1992; baseline -0.005 -18"><span class='ocrx_word' id='word_1_88' title='bbox 454 1919 624 1973; x_wconf 77' lang='lat' dir='ltr'><strong>¹⁰⁰⁶natura</strong></span> <span class='ocrx_word' id='word_1_89' title='bbox 648 1908 754 1988; x_wconf 89' lang='lat' dir='ltr'><strong>longas</strong></span> <span class='ocrx_word' id='word_1_90' title='bbox 776 1908 848 1992; x_wconf 89' lang='lat' dir='ltr'><strong>quid</strong></span> <span class='ocrx_word' id='word_1_91' title='bbox 873 1911 952 1973; x_wconf 89' lang='lat' dir='ltr'><strong>enim</strong></span> <span class='ocrx_word' id='word_1_92' title='bbox 977 1917 1107 1972; x_wconf 89' lang='lat' dir='ltr'><strong>tractare</strong></span> <span class='ocrx_word' id='word_1_93' title='bbox 1132 1925 1256 1970; x_wconf 87' lang='lat' dir='ltr'><strong>necesse</strong></span> <span class='ocrx_word' id='word_1_94' title='bbox 1281 1916 1334 1977; x_wconf 87' lang='lat' dir='ltr'><strong>est,</strong></span> 
     </span>
     <span class='ocr_line' id='line_1_16' title="bbox 518 2011 1276 2095; baseline -0.013 -19"><span class='ocrx_word' id='word_1_95' title='bbox 518 2023 571 2076; x_wconf 91' lang='lat' dir='ltr'><strong>aut</strong></span> <span class='ocrx_word' id='word_1_96' title='bbox 593 2014 673 2076; x_wconf 83' lang='lat' dir='ltr'><strong>taottt</strong></span> <span class='ocrx_word' id='word_1_97' title='bbox 697 2013 794 2092; x_wconf 90' lang='lat' dir='ltr'><strong>positu</strong></span> <span class='ocrx_word' id='word_1_98' title='bbox 819 2021 848 2076; x_wconf 92' lang='lat' dir='ltr'><strong>et</strong></span> <span class='ocrx_word' id='word_1_99' title='bbox 871 2013 959 2095; x_wconf 91' lang='lat' dir='ltr'><strong>plana</strong></span> <span class='ocrx_word' id='word_1_100' title='bbox 983 2015 1098 2078; x_wconf 87' lang='lat' dir='ltr'><strong>ratione</strong></span> <span class='ocrx_word' id='word_1_101' title='bbox 1122 2011 1276 2094; x_wconf 80' lang='lat' dir='ltr'><strong>patentes?</strong></span> 
     </span>
     <span class='ocr_line' id='line_1_17' title="bbox 441 2115 1422 2200; baseline -0.006 -19"><span class='ocrx_word' id='word_1_102' title='bbox 441 2158 442 2161; x_wconf 58' lang='lat'><em>=</em></span> <span class='ocrx_word' id='word_1_103' title='bbox 517 2135 595 2197; x_wconf 85' lang='lat' dir='ltr'><strong>quae</strong></span> <span class='ocrx_word' id='word_1_104' title='bbox 618 2119 722 2198; x_wconf 88' lang='lat' dir='ltr'><strong>pueris</strong></span> <span class='ocrx_word' id='word_1_105' title='bbox 746 2117 835 2180; x_wconf 84' lang='lat' dir='ltr'><strong>etiarn</strong></span> <span class='ocrx_word' id='word_1_106' title='bbox 859 2127 1031 2200; x_wconf 88' lang='lat' dir='ltr'><strong>promptum</strong></span> <span class='ocrx_word' id='word_1_107' title='bbox 1056 2129 1101 2180; x_wconf 92' lang='lat' dir='ltr'><strong>est</strong></span> <span class='ocrx_word' id='word_1_108' title='bbox 1124 2132 1287 2180; x_wconf 85' lang='lat' dir='ltr'><strong>occurrere</strong></span> <span class='ocrx_word' id='word_1_109' title='bbox 1310 2115 1422 2195; x_wconf 82' lang='lat' dir='ltr'><strong>parvis.</strong></span> 
     </span>
     <span class='ocr_line' id='line_1_18' title="bbox 519 2213 1375 2300; baseline -0.005 -16"><span class='ocrx_word' id='word_1_110' title='bbox 519 2240 574 2285; x_wconf 84' lang='lat' dir='ltr'><strong>neo</strong></span> <span class='ocrx_word' id='word_1_111' title='bbox 598 2219 670 2284; x_wconf 84' lang='lat' dir='ltr'><strong>milri</strong></span> <span class='ocrx_word' id='word_1_112' title='bbox 695 2221 880 2284; x_wconf 85' lang='lat' dir='ltr'><strong>Graecorum</strong></span> <span class='ocrx_word' id='word_1_113' title='bbox 905 2222 981 2284; x_wconf 86' lang='lat' dir='ltr'><strong>ratio</strong></span> <span class='ocrx_word' id='word_1_114' title='bbox 1005 2231 1051 2285; x_wconf 89' lang='lat' dir='ltr'><strong>est</strong></span> <span class='ocrx_word' id='word_1_115' title='bbox 1074 2222 1223 2300; x_wconf 87' lang='lat' dir='ltr'><strong>attingere</strong></span> <span class='ocrx_word' id='word_1_116' title='bbox 1247 2213 1375 2293; x_wconf 76' lang='grc' dir='ltr'><strong>κοινάς,</strong></span> 
     </span>
     <span class='ocr_line' id='line_1_19' title="bbox 519 2323 1322 2406; baseline -0.005 -18"><span class='ocrx_word' id='word_1_117' title='bbox 519 2343 646 2406; x_wconf 88' lang='lat' dir='ltr'><strong>quarum</strong></span> <span class='ocrx_word' id='word_1_118' title='bbox 672 2342 760 2387; x_wconf 89' lang='lat' dir='ltr'><strong>rarus</strong></span> <span class='ocrx_word' id='word_1_119' title='bbox 784 2327 861 2388; x_wconf 86' lang='lat' dir='ltr'><strong>inest</strong></span> <span class='ocrx_word' id='word_1_120' title='bbox 885 2327 995 2388; x_wconf 90' lang='lat' dir='ltr'><strong>nostris</strong></span> <span class='ocrx_word' id='word_1_121' title='bbox 1019 2329 1049 2388; x_wconf 92' lang='lat' dir='ltr'><strong>in</strong></span> <span class='ocrx_word' id='word_1_122' title='bbox 1075 2323 1212 2388; x_wconf 85' lang='lat' dir='ltr'><strong>versibus</strong></span> <span class='ocrx_word' id='word_1_123' title='bbox 1237 2341 1322 2402; x_wconf 88' lang='lat' dir='ltr'><strong>usus,</strong></span> 
     </span>
     <span class='ocr_line' id='line_1_20' title="bbox 454 2427 1268 2509; baseline -0.005 -18"><span class='ocrx_word' id='word_1_124' title='bbox 454 2441 506 2486; x_wconf 80' lang='lat'><strong>1⁰10</strong></span> <span class='ocrx_word' id='word_1_125' title='bbox 520 2447 575 2491; x_wconf 86' lang='lat' dir='ltr'><strong>nec</strong></span> <span class='ocrx_word' id='word_1_126' title='bbox 599 2436 680 2491; x_wconf 89' lang='lat' dir='ltr'><strong>tanta</strong></span> <span class='ocrx_word' id='word_1_127' title='bbox 703 2429 734 2490; x_wconf 92' lang='lat' dir='ltr'><strong>in</strong></span> <span class='ocrx_word' id='word_1_128' title='bbox 758 2427 886 2509; x_wconf 83' lang='lat' dir='ltr'><strong>pedibus</strong></span> <span class='ocrx_word' id='word_1_129' title='bbox 909 2430 994 2490; x_wconf 82' lang='lat' dir='ltr'><strong>uenia</strong></span> <span class='ocrx_word' id='word_1_130' title='bbox 1017 2429 1192 2491; x_wconf 78' lang='lat' dir='ltr'><strong>conceditur</strong></span> <span class='ocrx_word' id='word_1_131' title='bbox 1216 2428 1268 2490; x_wconf 90' lang='lat' dir='ltr'><strong>uti.</strong></span> 
     </span>
     <span class='ocr_line' id='line_1_21' title="bbox 519 2530 1346 2614; baseline -0.005 -20"><span class='ocrx_word' id='word_1_132' title='bbox 519 2550 536 2594; x_wconf 89' lang='grc' dir='ltr'><strong>ε</strong></span> <span class='ocrx_word' id='word_1_133' title='bbox 558 2530 702 2614; x_wconf 75' lang='lat' dir='ltr'><strong>brevibus</strong></span> <span class='ocrx_word' id='word_1_134' title='bbox 725 2534 867 2611; x_wconf 89' lang='lat' dir='ltr'><strong>quotiens</strong></span> <span class='ocrx_word' id='word_1_135' title='bbox 890 2532 997 2614; x_wconf 90' lang='lat' dir='ltr'><strong>longae</strong></span> <span class='ocrx_word' id='word_1_136' title='bbox 1022 2532 1200 2599; x_wconf 86' lang='lat' dir='ltr'><strong>redduntur.</strong></span> <span class='ocrx_word' id='word_1_137' title='bbox 1226 2536 1346 2610; x_wconf 82' lang='lat' dir='ltr'><strong>oportet</strong></span> 
     </span>
     <span class='ocr_line' id='line_1_22' title="bbox 518 2634 1329 2720; baseline 0.001 -25"><span class='ocrx_word' id='word_1_138' title='bbox 518 2635 767 2705; x_wconf 80' lang='lat' dir='ltr'><strong>versificatorem,</strong></span> <span class='ocrx_word' id='word_1_139' title='bbox 792 2635 863 2717; x_wconf 84' lang='lat' dir='ltr'><strong>quid</strong></span> <span class='ocrx_word' id='word_1_140' title='bbox 887 2634 986 2701; x_wconf 88' lang='lat' dir='ltr'><strong>littera</strong></span> <span class='ocrx_word' id='word_1_141' title='bbox 1011 2655 1146 2720; x_wconf 89' lang='lat' dir='ltr'><strong>quaeque</strong></span> <span class='ocrx_word' id='word_1_142' title='bbox 1170 2635 1329 2704; x_wconf 86' lang='lat' dir='ltr'><strong>ministret,</strong></span> 
     </span>
     <span class='ocr_line' id='line_1_23' title="bbox 518 2738 1303 2822; baseline -0.005 -20"><span class='ocrx_word' id='word_1_143' title='bbox 518 2738 667 2821; x_wconf 85' lang='lat' dir='ltr'><strong>dispicere</strong></span> <span class='ocrx_word' id='word_1_144' title='bbox 691 2746 780 2822; x_wconf 90' lang='lat' dir='ltr'><strong>atque</strong></span> <span class='ocrx_word' id='word_1_145' title='bbox 804 2749 888 2821; x_wconf 87' lang='lat' dir='ltr'><strong>aptas</strong></span> <span class='ocrx_word' id='word_1_146' title='bbox 910 2750 1015 2804; x_wconf 87' lang='lat' dir='ltr'><strong>natura</strong></span> <span class='ocrx_word' id='word_1_147' title='bbox 1041 2744 1168 2822; x_wconf 88' lang='lat' dir='ltr'><strong>iungere</strong></span> <span class='ocrx_word' id='word_1_148' title='bbox 1191 2755 1303 2808; x_wconf 85' lang='lat' dir='ltr'><strong>secum,</strong></span> 
     </span>
     <span class='ocr_line' id='line_1_24' title="bbox 520 2840 1219 2910; baseline 0 -7"><span class='ocrx_word' id='word_1_149' title='bbox 520 2840 565 2904; x_wconf 87' lang='lat' dir='ltr'><strong>rel</strong></span> <span class='ocrx_word' id='word_1_150' title='bbox 589 2841 796 2906; x_wconf 88' lang='lat' dir='ltr'><strong>discordantes</strong></span> <span class='ocrx_word' id='word_1_151' title='bbox 819 2849 942 2907; x_wconf 85' lang='lat' dir='ltr'><strong>mutatis</strong></span> <span class='ocrx_word' id='word_1_152' title='bbox 965 2848 1087 2910; x_wconf 87' lang='lat' dir='ltr'><strong>vincere</strong></span> <span class='ocrx_word' id='word_1_153' title='bbox 1111 2841 1219 2906; x_wconf 85' lang='lat' dir='ltr'><strong>verbis.</strong></span> 
     </span>
     <span class='ocr_line' id='line_1_25' title="bbox 455 2942 1410 3028; baseline -0.005 -18"><span class='ocrx_word' id='word_1_154' title='bbox 455 2961 653 3010; x_wconf 76' lang='lat' dir='ltr'><strong>101⁶consona</strong></span> <span class='ocrx_word' id='word_1_155' title='bbox 675 2945 727 3008; x_wconf 89' lang='lat' dir='ltr'><strong>sed</strong></span> <span class='ocrx_word' id='word_1_156' title='bbox 751 2965 824 3010; x_wconf 85' lang='lat' dir='ltr'><strong>sane</strong></span> <span class='ocrx_word' id='word_1_157' title='bbox 846 2951 966 3027; x_wconf 89' lang='lat' dir='ltr'><strong>gemina</strong></span> <span class='ocrx_word' id='word_1_158' title='bbox 991 2957 1036 3010; x_wconf 89' lang='grc' dir='ltr'><strong>εει</strong></span> <span class='ocrx_word' id='word_1_159' title='bbox 1057 2968 1127 3012; x_wconf 89' lang='lat' dir='ltr'><strong>curn</strong></span> <span class='ocrx_word' id='word_1_160' title='bbox 1151 2945 1286 3028; x_wconf 82' lang='lat' dir='ltr'><strong>praedita</strong></span> <span class='ocrx_word' id='word_1_161' title='bbox 1309 2942 1410 3017; x_wconf 85' lang='lat' dir='ltr'><strong>rerba,</strong></span> 
     </span>
     <span class='ocr_line' id='line_1_26' title="bbox 518 3047 1508 3132; baseline -0.002 -20"><span class='ocrx_word' id='word_1_162' title='bbox 518 3070 573 3113; x_wconf 88' lang='lat' dir='ltr'><strong>seu</strong></span> <span class='ocrx_word' id='word_1_163' title='bbox 597 3048 696 3112; x_wconf 83' lang='lat' dir='ltr'><strong>medio</strong></span> <span class='ocrx_word' id='word_1_164' title='bbox 720 3053 750 3111; x_wconf 91' lang='lat' dir='ltr'><strong>in</strong></span> <span class='ocrx_word' id='word_1_165' title='bbox 775 3052 850 3130; x_wconf 89' lang='lat' dir='ltr'><strong>pede</strong></span> <span class='ocrx_word' id='word_1_166' title='bbox 875 3062 962 3123; x_wconf 85' lang='lat' dir='ltr'><strong>sunt,</strong></span> <span class='ocrx_word' id='word_1_167' title='bbox 986 3053 1049 3115; x_wconf 84' lang='lat' dir='ltr'><strong>sire</strong></span> <span class='ocrx_word' id='word_1_168' title='bbox 1073 3051 1127 3114; x_wconf 89' lang='lat' dir='ltr'><strong>bas</strong></span> <span class='ocrx_word' id='word_1_169' title='bbox 1150 3069 1203 3132; x_wconf 88' lang='lat' dir='ltr'><strong>pes</strong></span> <span class='ocrx_word' id='word_1_170' title='bbox 1227 3049 1384 3127; x_wconf 83' lang='lat' dir='ltr'><strong>proximus</strong></span> <span class='ocrx_word' id='word_1_171' title='bbox 1407 3047 1508 3118; x_wconf 81' lang='lat' dir='ltr'><strong>insert,</strong></span> 
     </span>
     <span class='ocr_line' id='line_1_27' title="bbox 519 3152 1319 3236; baseline -0.005 -20"><span class='ocrx_word' id='word_1_172' title='bbox 519 3173 609 3236; x_wconf 86' lang='lat' dir='ltr'><strong>quarn</strong></span> <span class='ocrx_word' id='word_1_173' title='bbox 634 3153 741 3217; x_wconf 91' lang='lat' dir='ltr'><strong>dubias</strong></span> <span class='ocrx_word' id='word_1_174' title='bbox 765 3152 893 3235; x_wconf 87' lang='lat' dir='ltr'><strong>pedibus</strong></span> <span class='ocrx_word' id='word_1_175' title='bbox 916 3155 1034 3218; x_wconf 87' lang='lat' dir='ltr'><strong>soleant</strong></span> <span class='ocrx_word' id='word_1_176' title='bbox 1056 3155 1176 3217; x_wconf 77' lang='lat' dir='ltr'><strong>adferre</strong></span> <span class='ocrx_word' id='word_1_177' title='bbox 1198 3153 1319 3231; x_wconf 76' lang='lat' dir='ltr'><strong>liguros,</strong></span> 
     </span>
     <span class='ocr_line' id='line_1_28' title="bbox 519 3255 1263 3339; baseline -0.005 -19"><span class='ocrx_word' id='word_1_178' title='bbox 519 3267 551 3320; x_wconf 91' lang='lat' dir='ltr'><strong>ut</strong></span> <span class='ocrx_word' id='word_1_179' title='bbox 574 3275 707 3339; x_wconf 86' lang='lat' dir='ltr'><strong>possum,</strong></span> <span class='ocrx_word' id='word_1_180' title='bbox 731 3261 834 3338; x_wconf 87' lang='lat' dir='ltr'><strong>paucis</strong></span> <span class='ocrx_word' id='word_1_181' title='bbox 858 3258 935 3322; x_wconf 90' lang='lat' dir='ltr'><strong>nitar</strong></span> <span class='ocrx_word' id='word_1_182' title='bbox 957 3259 1129 3322; x_wconf 88' lang='lat' dir='ltr'><strong>discernere</strong></span> <span class='ocrx_word' id='word_1_183' title='bbox 1153 3255 1263 3319; x_wconf 84' lang='lat' dir='ltr'><strong>verbis.</strong></span> 
     </span>
     <span class='ocr_line' id='line_1_29' title="bbox 563 3357 1496 3444; baseline -0.001 -22"><span class='ocrx_word' id='word_1_184' title='bbox 563 3359 681 3442; x_wconf 78' lang='lat' dir='ltr'><strong>Syllaba</strong></span> <span class='ocrx_word' id='word_1_185' title='bbox 706 3362 803 3443; x_wconf 85' lang='lat' dir='ltr'><strong>prima</strong></span> <span class='ocrx_word' id='word_1_186' title='bbox 826 3360 927 3426; x_wconf 86' lang='lat' dir='ltr'><strong>brevis</strong></span> <span class='ocrx_word' id='word_1_187' title='bbox 951 3381 1173 3444; x_wconf 89' lang='lat' dir='ltr'><strong>quemcumque</strong></span> <span class='ocrx_word' id='word_1_188' title='bbox 1197 3360 1305 3443; x_wconf 84' lang='lat' dir='ltr'><strong>pedem</strong></span> <span class='ocrx_word' id='word_1_189' title='bbox 1329 3357 1496 3438; x_wconf 82' lang='lat' dir='ltr'><strong>generabit,</strong></span> 
     </span>
     <span class='ocr_line' id='line_1_30' title="bbox 455 3465 1413 3546; baseline -0.006 -18"><span class='ocrx_word' id='word_1_190' title='bbox 455 3477 507 3539; x_wconf 75' lang='grc'><strong>0000</strong></span> <span class='ocrx_word' id='word_1_191' title='bbox 521 3465 609 3544; x_wconf 83' lang='lat' dir='ltr'><strong>longa</strong></span> <span class='ocrx_word' id='word_1_192' title='bbox 631 3465 663 3526; x_wconf 87' lang='lat' dir='ltr'><strong>lit</strong></span> <span class='ocrx_word' id='word_1_193' title='bbox 685 3483 701 3524; x_wconf 93' lang='lat' dir='ltr'><strong>a</strong></span> <span class='ocrx_word' id='word_1_194' title='bbox 725 3465 862 3542; x_wconf 80' lang='lat' dir='ltr'><strong>geminis,</strong></span> <span class='ocrx_word' id='word_1_195' title='bbox 887 3465 998 3546; x_wconf 90' lang='lat' dir='ltr'><strong>quibus</strong></span> <span class='ocrx_word' id='word_1_196' title='bbox 1022 3467 1114 3530; x_wconf 85' lang='lat' dir='ltr'><strong>indita</strong></span> <span class='ocrx_word' id='word_1_197' title='bbox 1138 3483 1269 3528; x_wconf 89' lang='lat' dir='ltr'><strong>consona</strong></span> <span class='ocrx_word' id='word_1_198' title='bbox 1293 3465 1337 3526; x_wconf 84' lang='lat' dir='ltr'><strong>ris</strong></span> <span class='ocrx_word' id='word_1_199' title='bbox 1360 3473 1413 3534; x_wconf 86' lang='lat' dir='ltr'><strong>est,</strong></span> 
     </span>
     <span class='ocr_line' id='line_1_31' title="bbox 520 3567 1418 3650; baseline -0.007 -18"><span class='ocrx_word' id='word_1_200' title='bbox 520 3588 573 3632; x_wconf 87' lang='lat' dir='ltr'><strong>seu</strong></span> <span class='ocrx_word' id='word_1_201' title='bbox 597 3573 712 3650; x_wconf 86' lang='lat' dir='ltr'><strong>pariter</strong></span> <span class='ocrx_word' id='word_1_202' title='bbox 735 3569 870 3638; x_wconf 88' lang='lat' dir='ltr'><strong>iunctae,</strong></span> <span class='ocrx_word' id='word_1_203' title='bbox 895 3567 1081 3632; x_wconf 83' lang='lat' dir='ltr'><strong>suberuntue</strong></span> <span class='ocrx_word' id='word_1_204' title='bbox 1104 3572 1134 3633; x_wconf 92' lang='lat' dir='ltr'><strong>in</strong></span> <span class='ocrx_word' id='word_1_205' title='bbox 1158 3578 1244 3650; x_wconf 84' lang='lat' dir='ltr'><strong>parte</strong></span> <span class='ocrx_word' id='word_1_206' title='bbox 1269 3568 1418 3649; x_wconf 88' lang='lat' dir='ltr'><strong>sequauti,</strong></span> 
     </span>
     <span class='ocr_line' id='line_1_32' title="bbox 508 3671 1322 3756; baseline -0.002 -21"><span class='ocrx_word' id='word_1_207' title='bbox 508 3681 575 3735; x_wconf 87' lang='lat' dir='ltr'><strong>&#39;sau</strong></span> <span class='ocrx_word' id='word_1_208' title='bbox 599 3681 669 3734; x_wconf 91' lang='lat' dir='ltr'><strong>sunt</strong></span> <span class='ocrx_word' id='word_1_209' title='bbox 692 3671 803 3734; x_wconf 82' lang='lat' dir='ltr'><strong>diuisae</strong></span> <span class='ocrx_word' id='word_1_210' title='bbox 827 3673 979 3754; x_wconf 77' lang='lat' dir='ltr'><strong>finemque</strong></span> <span class='ocrx_word' id='word_1_211' title='bbox 1003 3683 1151 3756; x_wconf 84' lang='lat' dir='ltr'><strong>caputque</strong></span> <span class='ocrx_word' id='word_1_212' title='bbox 1175 3681 1322 3734; x_wconf 83' lang='lat' dir='ltr'><strong>tenentes.</strong></span> 
     </span>
     <span class='ocr_line' id='line_1_33' title="bbox 522 3775 1316 3856; baseline 0.001 -20"><span class='ocrx_word' id='word_1_213' title='bbox 522 3775 667 3856; x_wconf 86' lang='lat' dir='ltr'><strong>exemplis</strong></span> <span class='ocrx_word' id='word_1_214' title='bbox 690 3775 846 3836; x_wconf 79' lang='lat' dir='ltr'><strong>manifesta</strong></span> <span class='ocrx_word' id='word_1_215' title='bbox 870 3779 966 3854; x_wconf 84' lang='lat' dir='ltr'><strong>magis</strong></span> <span class='ocrx_word' id='word_1_216' title='bbox 989 3776 1141 3839; x_wconf 85' lang='lat' dir='ltr'><strong>reddenda</strong></span> <span class='ocrx_word' id='word_1_217' title='bbox 1165 3776 1316 3838; x_wconf 86' lang='lat' dir='ltr'><strong>videntur.</strong></span> 
     </span>
     <span class='ocr_line' id='line_1_34' title="bbox 521 3869 1425 3962; baseline -0.001 -21"><span class='ocrx_word' id='word_1_218' title='bbox 521 3883 728 3962; x_wconf 80' lang='lat' dir='ltr'><strong>‘postquam</strong></span> <span class='ocrx_word' id='word_1_219' title='bbox 752 3881 836 3948; x_wconf 87' lang='lat' dir='ltr'><strong>res’‚</strong></span> <span class='ocrx_word' id='word_1_220' title='bbox 861 3881 945 3960; x_wconf 90' lang='lat' dir='ltr'><strong>prior</strong></span> <span class='ocrx_word' id='word_1_221' title='bbox 968 3888 1014 3942; x_wconf 90' lang='lat' dir='ltr'><strong>est</strong></span> <span class='ocrx_word' id='word_1_222' title='bbox 1036 3882 1146 3944; x_wconf 86' lang='lat' dir='ltr'><strong>iunctis</strong></span> <span class='ocrx_word' id='word_1_223' title='bbox 1170 3869 1272 3942; x_wconf 83' lang='lat' dir='ltr'><strong>adiuta</strong></span> <span class='ocrx_word' id='word_1_224' title='bbox 1294 3876 1425 3941; x_wconf 89' lang='lat' dir='ltr'><strong>duabus:</strong></span> 
     </span>
     <span class='ocr_line' id='line_1_35' title="bbox 457 3981 1271 4063; baseline -0.001 -17"><span class='ocrx_word' id='word_1_225' title='bbox 457 3994 508 4038; x_wconf 80' lang='grc'><strong>0000</strong></span> <span class='ocrx_word' id='word_1_226' title='bbox 522 3981 668 4046; x_wconf 85' lang='lat' dir='ltr'><strong>subiectis</strong></span> <span class='ocrx_word' id='word_1_227' title='bbox 691 4000 787 4062; x_wconf 87' lang='lat' dir='ltr'><strong>aeque</strong></span> <span class='ocrx_word' id='word_1_228' title='bbox 811 3983 877 4051; x_wconf 89' lang='lat' dir='ltr'><strong>flet,</strong></span> <span class='ocrx_word' id='word_1_229' title='bbox 902 4002 972 4047; x_wconf 87' lang='lat' dir='ltr'><strong>cum</strong></span> <span class='ocrx_word' id='word_1_230' title='bbox 995 3983 1123 4046; x_wconf 88' lang='lat' dir='ltr'><strong>dicimus</strong></span> <span class='ocrx_word' id='word_1_231' title='bbox 1145 4002 1271 4063; x_wconf 87' lang='lat' dir='ltr'><strong>agros:</strong></span> 
     </span>
     <span class='ocr_line' id='line_1_36' title="bbox 522 4085 1371 4169; baseline -0.001 -20"><span class='ocrx_word' id='word_1_232' title='bbox 522 4089 568 4149; x_wconf 86' lang='lat' dir='ltr'><strong>‘at</strong></span> <span class='ocrx_word' id='word_1_233' title='bbox 591 4095 628 4148; x_wconf 96' lang='lat' dir='ltr'><strong>tu</strong></span> <span class='ocrx_word' id='word_1_234' title='bbox 650 4103 753 4150; x_wconf 87' lang='lat' dir='ltr'><strong>sume</strong></span> <span class='ocrx_word' id='word_1_235' title='bbox 776 4085 935 4166; x_wconf 87' lang='lat' dir='ltr'><strong>pedum&#39;,</strong></span> <span class='ocrx_word' id='word_1_236' title='bbox 960 4086 1070 4150; x_wconf 83' lang='lat' dir='ltr'><strong>divisas</strong></span> <span class='ocrx_word' id='word_1_237' title='bbox 1092 4087 1193 4150; x_wconf 86' lang='lat' dir='ltr'><strong>cernis</strong></span> <span class='ocrx_word' id='word_1_238' title='bbox 1217 4095 1371 4169; x_wconf 87' lang='lat' dir='ltr'><strong>utrasque.</strong></span> 
     </span>
    </p>
   </div>
   <div class='ocr_carea' id='block_1_4' title="bbox 385 4301 894 4412">
    <p class='ocr_par' dir='ltr' id='par_1_4' title="bbox 385 4301 894 4412">
     <span class='ocr_line' id='line_1_37' title="bbox 385 4301 894 4412; baseline 0 -15"><span class='ocrx_word' id='word_1_239' title='bbox 385 4301 453 4397; x_wconf 76' lang='lat' dir='ltr'><strong>tolo</strong></span> <span class='ocrx_word' id='word_1_240' title='bbox 469 4342 544 4396; x_wconf 85' lang='lat' dir='ltr'><strong>Seru.</strong></span> <span class='ocrx_word' id='word_1_241' title='bbox 562 4346 588 4396; x_wconf 86' lang='lat' dir='ltr'><strong>in</strong></span> <span class='ocrx_word' id='word_1_242' title='bbox 611 4345 690 4412; x_wconf 73' lang='lat' dir='ltr'><strong>Verp</strong></span> <span class='ocrx_word' id='word_1_243' title='bbox 710 4343 777 4396; x_wconf 81' lang='lat' dir='ltr'><strong>Aen.</strong></span> <span class='ocrx_word' id='word_1_244' title='bbox 800 4345 825 4395; x_wconf 87' lang='lat' dir='ltr'><em>V</em></span> <span class='ocrx_word' id='word_1_245' title='bbox 842 4348 894 4397; x_wconf 76' lang='lat' dir='ltr'><strong>tet</strong></span> 
     </span>
    </p>
   </div>
   <div class='ocr_carea' id='block_1_5' title="bbox 312 4551 1634 4966">
    <p class='ocr_par' dir='ltr' id='par_1_5' title="bbox 312 4551 1634 4966">
     <span class='ocr_line' id='line_1_38' title="bbox 386 4551 1634 4620; baseline 0.002 -16"><span class='ocrx_word' id='word_1_246' title='bbox 386 4559 447 4604; x_wconf 81' lang='lat' dir='ltr'><strong>onte</strong></span> <span class='ocrx_word' id='word_1_247' title='bbox 464 4569 487 4602; x_wconf 84' lang='lat' dir='ltr'><strong>v.</strong></span> <span class='ocrx_word' id='word_1_248' title='bbox 507 4553 557 4602; x_wconf 77' lang='lat' dir='ltr'><strong>est</strong></span> <span class='ocrx_word' id='word_1_249' title='bbox 574 4553 655 4603; x_wconf 80' lang='lat' dir='ltr'><strong>moine</strong></span> <span class='ocrx_word' id='word_1_250' title='bbox 666 4553 776 4618; x_wconf 76' lang='lat' dir='ltr'><strong>epatium</strong></span> <span class='ocrx_word' id='word_1_251' title='bbox 788 4553 903 4604; x_wconf 84' lang='lat' dir='ltr'><strong>relictum</strong></span> <span class='ocrx_word' id='word_1_252' title='bbox 923 4561 962 4605; x_wconf 80' lang='lat' dir='ltr'><strong>eat</strong></span> <span class='ocrx_word' id='word_1_253' title='bbox 979 4557 1005 4605; x_wconf 84' lang='lat' dir='ltr'><strong>iu</strong></span> <span class='ocrx_word' id='word_1_254' title='bbox 1018 4553 1052 4604; x_wconf 85' lang='lat' dir='ltr'><em>M</em></span> <span class='ocrx_word' id='word_1_255' title='bbox 1120 4557 1186 4606; x_wconf 88' lang='grc'><strong>1000</strong></span> <span class='ocrx_word' id='word_1_256' title='bbox 1205 4551 1264 4620; x_wconf 87' lang='lat' dir='ltr'><strong>sue]</strong></span> <span class='ocrx_word' id='word_1_257' title='bbox 1285 4569 1331 4604; x_wconf 88' lang='lat' dir='ltr'><strong>seu</strong></span> <span class='ocrx_word' id='word_1_258' title='bbox 1344 4553 1497 4606; x_wconf 79' lang='lat' dir='ltr'><strong>Perrecinua</strong></span> <span class='ocrx_word' id='word_1_259' title='bbox 1568 4555 1634 4606; x_wconf 90' lang='grc'><strong>1010</strong></span> 
     </span>
     <span class='ocr_line' id='line_1_39' title="bbox 315 4634 1634 4704; baseline 0.001 -15"><span class='ocrx_word' id='word_1_260' title='bbox 315 4634 439 4704; x_wconf 86' lang='lat' dir='ltr'><strong>pedibus]</strong></span> <span class='ocrx_word' id='word_1_261' title='bbox 462 4639 552 4688; x_wconf 84' lang='lat' dir='ltr'><strong>metris</strong></span> <span class='ocrx_word' id='word_1_262' title='bbox 575 4639 680 4690; x_wconf 73' lang='lat' dir='ltr'><strong>Seruius</strong></span> <span class='ocrx_word' id='word_1_263' title='bbox 703 4643 729 4690; x_wconf 80' lang='lat' dir='ltr'><strong>in</strong></span> <span class='ocrx_word' id='word_1_264' title='bbox 756 4637 836 4704; x_wconf 80' lang='lat' dir='ltr'><strong>Verg.</strong></span> <span class='ocrx_word' id='word_1_265' title='bbox 862 4639 927 4693; x_wconf 80' lang='lat' dir='ltr'><strong>Aen.</strong></span> <span class='ocrx_word' id='word_1_266' title='bbox 957 4641 981 4688; x_wconf 89' lang='lat' dir='ltr'><em>V</em></span> <span class='ocrx_word' id='word_1_267' title='bbox 999 4642 1050 4690; x_wconf 69' lang='lat'><strong>⁴157</strong></span> <span class='ocrx_word' id='word_1_268' title='bbox 1120 4642 1187 4691; x_wconf 79' lang='lat'>1019</span> <span class='ocrx_word' id='word_1_269' title='bbox 1210 4640 1295 4690; x_wconf 87' lang='lat' dir='ltr'><strong>breuis</strong></span> <span class='ocrx_word' id='word_1_270' title='bbox 1319 4641 1471 4702; x_wconf 74' lang='lat' dir='ltr'><strong>quecunque</strong></span> <span class='ocrx_word' id='word_1_271' title='bbox 1495 4639 1525 4690; x_wconf 74' lang='lat' dir='ltr'><strong>,ll</strong></span> <span class='ocrx_word' id='word_1_272' title='bbox 1548 4639 1634 4691; x_wconf 84' lang='lat' dir='ltr'><strong>breuis</strong></span> 
     </span>
     <span class='ocr_line' id='line_1_40' title="bbox 317 4725 1634 4791; baseline 0.003 -18"><span class='ocrx_word' id='word_1_273' title='bbox 317 4737 486 4788; x_wconf 82' lang='lat' dir='ltr'><strong>quaecunque</strong></span> <span class='ocrx_word' id='word_1_274' title='bbox 505 4725 589 4776; x_wconf 77' lang='lat' dir='ltr'><strong>Aldus</strong></span> <span class='ocrx_word' id='word_1_275' title='bbox 612 4726 672 4779; x_wconf 81' lang='lat' dir='ltr'><strong>inat.</strong></span> <span class='ocrx_word' id='word_1_276' title='bbox 693 4741 798 4791; x_wconf 80' lang='lat' dir='ltr'><strong>promor.</strong></span> <span class='ocrx_word' id='word_1_277' title='bbox 818 4741 845 4788; x_wconf 83' lang='lat' dir='ltr'><strong>p,</strong></span> <span class='ocrx_word' id='word_1_278' title='bbox 865 4727 917 4774; x_wconf 66' lang='lat'><strong>2⁴7</strong></span> <span class='ocrx_word' id='word_1_279' title='bbox 936 4731 961 4774; x_wconf 88' lang='lat' dir='ltr'><strong>et</strong></span> <span class='ocrx_word' id='word_1_280' title='bbox 983 4738 1000 4780; x_wconf 90' lang='grc' dir='ltr'><strong>ς</strong></span> <span class='ocrx_word' id='word_1_281' title='bbox 1019 4725 1089 4774; x_wconf 86' lang='lat' dir='ltr'><strong>breui</strong></span> <span class='ocrx_word' id='word_1_282' title='bbox 1114 4740 1285 4789; x_wconf 83' lang='lat' dir='ltr'><strong>queuouuque</strong></span> <span class='ocrx_word' id='word_1_283' title='bbox 1304 4725 1492 4777; x_wconf 75' lang='lat' dir='ltr'><strong>haebraeum.</strong></span> <span class='ocrx_word' id='word_1_284' title='bbox 1524 4727 1634 4791; x_wconf 82' lang='lat' dir='ltr'><strong>primam</strong></span> 
     </span>
     <span class='ocr_line' id='line_1_41' title="bbox 314 4809 1633 4880; baseline 0.004 -21"><span class='ocrx_word' id='word_1_285' title='bbox 314 4811 391 4874; x_wconf 75' lang='lat' dir='ltr'><strong>pedis</strong></span> <span class='ocrx_word' id='word_1_286' title='bbox 412 4809 536 4876; x_wconf 73' lang='lat' dir='ltr'><strong>agitedum</strong></span> <span class='ocrx_word' id='word_1_287' title='bbox 560 4819 655 4862; x_wconf 79' lang='lat' dir='ltr'><strong>natura</strong></span> <span class='ocrx_word' id='word_1_288' title='bbox 672 4811 786 4869; x_wconf 82' lang='lat' dir='ltr'><strong>breuem.</strong></span> <span class='ocrx_word' id='word_1_289' title='bbox 809 4811 861 4860; x_wconf 78' lang='lat' dir='ltr'><strong>siue</strong></span> <span class='ocrx_word' id='word_1_290' title='bbox 885 4811 1003 4872; x_wconf 78' lang='lat' dir='ltr'><strong>dnotptur</strong></span> <span class='ocrx_word' id='word_1_291' title='bbox 1024 4813 1076 4862; x_wconf 82' lang='lat' dir='ltr'><strong>siue</strong></span> <span class='ocrx_word' id='word_1_292' title='bbox 1094 4813 1225 4877; x_wconf 74' lang='lat' dir='ltr'><strong>spondeus</strong></span> <span class='ocrx_word' id='word_1_293' title='bbox 1247 4813 1359 4876; x_wconf 78' lang='lat' dir='ltr'><strong>pessit,</strong></span> <span class='ocrx_word' id='word_1_294' title='bbox 1381 4813 1511 4878; x_wconf 78' lang='lat' dir='ltr'><strong>positione</strong></span> <span class='ocrx_word' id='word_1_295' title='bbox 1534 4814 1633 4880; x_wconf 78' lang='lat' dir='ltr'><strong>longam</strong></span> 
     </span>
     <span class='ocr_line' id='line_1_42' title="bbox 312 4892 1632 4966; baseline 0.006 -20"><span class='ocrx_word' id='word_1_296' title='bbox 312 4896 373 4956; x_wconf 78' lang='lat' dir='ltr'><strong>fieri</strong></span> <span class='ocrx_word' id='word_1_297' title='bbox 389 4894 557 4946; x_wconf 78' lang='lat' dir='ltr'><strong>Terentianus</strong></span> <span class='ocrx_word' id='word_1_298' title='bbox 569 4897 632 4946; x_wconf 79' lang='lat' dir='ltr'><strong>dicit</strong></span> <span class='ocrx_word' id='word_1_299' title='bbox 692 4892 919 4963; x_wconf 76' lang='lat' dir='ltr'><strong>102lpoatquarn]</strong></span> <span class='ocrx_word' id='word_1_300' title='bbox 940 4895 1018 4964; x_wconf 81' lang='lat' dir='ltr'><strong>Verg.</strong></span> <span class='ocrx_word' id='word_1_301' title='bbox 1035 4897 1166 4948; x_wconf 63' lang='lat' dir='ltr'><strong>Aram</strong></span> <span class='ocrx_word' id='word_1_302' title='bbox 1181 4901 1195 4948; x_wconf 84' lang='lat' dir='ltr'><strong>t</strong></span> <span class='ocrx_word' id='word_1_303' title='bbox 1252 4899 1316 4950; x_wconf 75' lang='lat'>1026</span> <span class='ocrx_word' id='word_1_304' title='bbox 1329 4895 1364 4962; x_wconf 86' lang='lat' dir='ltr'><strong>at]</strong></span> <span class='ocrx_word' id='word_1_305' title='bbox 1383 4897 1462 4966; x_wconf 83' lang='lat' dir='ltr'><strong>Verg.</strong></span> <span class='ocrx_word' id='word_1_306' title='bbox 1475 4897 1558 4951; x_wconf 78' lang='lat' dir='ltr'><strong>boeot.</strong></span> <span class='ocrx_word' id='word_1_307' title='bbox 1572 4902 1632 4964; x_wconf 83' lang='lat'><strong>5‚88</strong></span> 
     </span>
    </p>
   </div>
   <div class='ocr_carea' id='block_1_6' title="bbox 0 0 1942 5556">
    <p class='ocr_par' dir='ltr' id='par_1_6' title="bbox 0 0 1942 5556">
     <span class='ocr_line' id='line_1_43' title="bbox 0 0 1942 5556; baseline 0 13"><span class='ocrx_word' id='word_1_308' title='bbox 0 0 1942 5556; x_wconf 95' lang='lat' dir='ltr'><strong> </strong></span> 
     </span>
    </p>
   </div>
  </div>
 </body>
</html>
