3904 5556
360 360 440 424 11117ΙῚ
500 409 506 416 .
716 321 719 328 Δ
924 357 1129 412 PRAEFATIO

360 560 431 624 pars
454 543 483 604 in
506 540 599 604 rebus
622 540 779 616 levissimis
803 555 901 618 neque
926 535 985 600 nlla
1009 555 1081 599 cura
1106 535 1206 616 dignis
1229 547 1375 602 versatur.
1414 533 1544 623 denique
1561 558 1631 604 cum
1654 541 1685 604 in

361 646 497 706 Parisino
520 646 624 708 codice
646 654 769 726 praeter
793 659 828 703 ea
852 658 929 720 quae
960 645 990 705 in
1021 643 1117 724 prima
1146 649 1243 722 parte
1262 639 1334 702 libri
1362 639 1428 722 ipse
1458 643 1570 705 contuli
1599 645 1686 707 Gais-

362 748 452 810 lordii
476 747 533 810 lule
557 745 701 808 utendum
726 755 804 807 esset
828 754 857 806 ct
886 745 1066 826 quibusdam
1096 743 1170 806 locis
1194 741 1327 806 dubitari
1354 753 1470 824 posset,
1500 765 1573 808 num
1602 755 1686 808 recte

362 853 513 933 scriptura
541 849 653 912 codicis
681 847 719 910 ab
749 866 785 909 en
812 845 943 912 indicata
975 857 1068 920 esset,
1101 849 1132 908 in
1159 844 1207 909 his
1237 847 1342 908 eadem
1372 850 1506 920 ratione,
1536 867 1625 930 quam
1655 851 1686 911 in
1747 920 1750 934 Ι

310 1029 313 1040 ¹
364 954 462 1017 Cassii
490 953 577 1015 Bassi
607 961 637 1014 et
665 951 747 1014 lttttt
775 951 984 1014 Fortunatiani
1013 951 1100 1014 libris
1129 951 1226 1021 teoni,
1262 945 1335 1023 usus
1363 966 1446 1020 sum,
1477 959 1509 1012 ut
1540 951 1686 1032 principis

365 1058 506 1140 editionis
529 1054 659 1117 lectione
682 1055 814 1117 indicata
831 1053 1064 1136 discrepantiam
1089 1053 1205 1115 codicis
1227 1071 1287 1114 non
1312 1051 1481 1115 adnotatam
1505 1071 1572 1114 esse
1594 1055 1687 1132 signi·
1744 1107 1752 1167 ,ι

362 1163 493 1222 llcarem.
518 1159 746 1220 Vaticanorum
762 1157 913 1238 codicum,
938 1161 969 1219 in
986 1157 1096 1236 quibus
1113 1165 1257 1236 excerpta
1280 1157 1318 1218 de
1341 1157 1558 1238 orthographia
1573 1157 1685 1238 scripta

363 1281 430 1324 esse
453 1263 526 1338 dixi,
549 1263 636 1342 copia
652 1263 725 1323 mihi
742 1271 816 1331 tum,
841 1279 909 1322 cum
927 1257 1092 1322 editionem
1109 1260 1265 1340 parabam.
1290 1260 1366 1321 lacta
1384 1277 1444 1321 tion
1469 1267 1542 1321 erat.
1581 1271 1684 1342 postea

267 1389 276 1398 ·
363 1367 467 1444 accepi
490 1365 697 1446 apographum
721 1363 833 1425 codicis
858 1364 993 1425 Vaticani
1016 1359 1112 1434 2725,
1142 1380 1273 1443 quocum
1297 1363 1407 1442 reliqui
1431 1372 1495 1425 tres
1524 1365 1588 1425 iere
1612 1383 1684 1424 con·

363 1469 507 1532 sentiunt.
546 1486 583 1529 ex
607 1469 664 1530 hoc
680 1465 916 1546 discrepantiam
940 1467 1109 1547 scripturae
1124 1469 1156 1528 in
1180 1467 1240 1528 hue
1258 1466 1417 1529 voluminis
1434 1466 1583 1528 adnotari.
1622 1469 1686 1547 ipsa

271 1637 273 1640 ,
362 1581 504 1652 excerpta
528 1589 566 1632 ex
588 1569 695 1632 codem
711 1566 816 1632 codice
840 1568 992 1650 descripta
1009 1570 1090 1631 edidi
1114 1569 1177 1631 ind.
1195 1569 1262 1632 lect.
1281 1571 1364 1651 univ.
1383 1568 1449 1631 llal.
1466 1579 1540 1634 aest.
1557 1589 1583 1632 a.
1603 1566 1686 1631 1874
1772 1561 1774 1566 ’

362 1692 544 1756 quamquam
573 1683 672 1736 autem
702 1671 752 1733 illa
782 1682 924 1754 excerpta
954 1691 990 1733 ex
1023 1672 1130 1736 codice
1159 1670 1261 1754 aliquo
1296 1672 1334 1733 ah
1363 1675 1400 1734 iis
1434 1676 1488 1753 qui
1522 1665 1704 1755 supersunt

247 1766 252 1774 ’
363 1779 492 1849 diverso,
517 1778 604 1839 cuius
627 1776 832 1857 apographum
857 1775 989 1838 habebat
1014 1775 1102 1838 larius
1125 1775 1314 1847 Parrhasius,
1344 1776 1435 1839 ducta
1459 1787 1545 1848 sunt,
1574 1785 1686 1846 umen,

363 1899 432 1942 curn
457 1891 483 1940 et
508 1899 605 1962 pauca
627 1883 693 1942 siue
722 1888 806 1941 certo
830 1879 937 1940 ordine
967 1897 1004 1941 ex
1033 1899 1069 1940 eo
1093 1877 1272 1961 deprompta
1301 1890 1331 1942 et
1359 1883 1459 1942 omnia
1490 1880 1693 1960 neglegenter

365 1987 481 2064 scripta
505 1994 535 2046 et
551 1982 726 2065 perturbata
749 1985 819 2054 siut,
844 1999 914 2044 raro
931 1981 1065 2044 melioris
1081 1985 1250 2064 scripturae
1266 1984 1390 2063 vestigia
1414 1985 1612 2065 apparebant.
1650 2001 1686 2044 ex

363 2086 548 2149 editionibus
571 2085 737 2149 Camerarii
761 2087 800 2167 (ς)
825 2095 856 2146 et
878 2085 1044 2148 ttaetteenst
1068 2085 1130 2166 (cr),
1161 2104 1237 2167 quas
1265 2086 1378 2148 nnllam
1408 2088 1617 2148 auctoritatem
1649 2089 1685 2148 ad

362 2191 527 2254 lectionem
550 2189 791 2252 constituendam
816 2188 928 2251 habere
952 2197 1146 2270 apparet‚'ea
1170 2207 1247 2270 quae
1271 2188 1316 2252 vel
1340 2199 1423 2252 recte
1447 2189 1477 2252 in
1501 2189 1560 2252 illis
1584 2209 1685 2252 emcn-

342 2295 432 2356 data
456 2303 544 2357 erant
567 2293 612 2354 vel
635 2301 808 2375 propterea,
832 2291 914 2375 quod
938 2313 974 2354 ex
998 2294 1045 2354 his
1073 2291 1207 2372 vulgaris
1235 2295 1388 2374 scriptura
1404 2303 1581 2374 propagata
1611 2303 1685 2365 erat,

364 2394 571 2460 memorabilia
596 2415 662 2458 esse
686 2395 863 2460 videbantur
887 2396 1038 2476 adscripta
1062 2404 1142 2458 sunt.
1392 2399 1396 2406 '

449 2501 536 2564 diarii
560 2501 705 2562 Victorini
730 2517 842 2562 nomen
866 2503 898 2562 in
921 2481 1167 2581 praescriptione
1191 2509 1221 2560 et
1244 2499 1467 2582 subscriptione
1496 2504 1586 2582 primi
1613 2501 1685 2564 iibri
1789 2491 1790 2494 '

363 2608 394 2666 in
420 2603 520 2666 tribus
543 2603 708 2674 codicibus,
734 2606 765 2665 in
782 2607 840 2665 llne
864 2604 997 2665 universi
1014 2604 1115 2684 operis
1139 2601 1303 2684 p.184in
1328 2621 1387 2664 uno
1403 2603 1541 2666 Parisino
1565 2606 1685 2684 legitur.

363 2707 428 2770 solo
454 2707 599 2768 Victorini
623 2708 744 2768 nomine
768 2709 957 2788 praescripto
973 2705 1098 2767 liulinus
1117 2725 1226 2768 corum.
1251 2710 1283 2767 in
1308 2717 1396 2770 metr.
1413 2707 1535 2769 'l'erent
1559 2728 1586 2790 p.
1611 2706 1685 2780 556,

363 2807 405 2871 22
430 2822 458 2871 et
480 2807 554 2880 557,
581 2807 620 2871 19
644 2809 719 2872 duos
747 2809 829 2871 locos
859 2829 895 2870 ex
924 2809 1057 2871 secundo
1087 2808 1165 2870 libro
1193 2829 1221 2892 p.
1247 2807 1297 2880 78,
1324 2807 1363 2872 19
1387 2821 1468 2891 etp.
1494 2807 1545 2882 80,
1569 2808 1609 2873 27
1634 2813 1686 2874 de·

364 2922 521 2994 promptos
544 2912 690 2981 exhibuit,
722 2913 889 2992 eodemque
912 2913 1002 2974 modo
1026 2932 1098 2975 usus
1126 2932 1156 2994 p.
1180 2909 1254 2982 565.
1277 2910 1298 2975 3
1323 2915 1507 2976 Victorinum
1533 2918 1610 3000 inter
1635 2935 1686 2978 cos

364 3019 415 3098 qui
440 3033 583 3078 numeros
606 3035 671 3078 esse
695 3019 725 3078 in
750 3015 885 3078 Terentii
909 3026 938 3077 et
961 3016 1060 3079 Plauti
1084 3029 1113 3078 et
1136 3027 1307 3079 ceterorum
1332 3019 1519 3080 comicorum
1544 3029 1573 3080 et
1596 3023 1687 3099 tragi-

364 3138 469 3182 corum
494 3118 609 3182 labulas
632 3117 793 3183 voluerunt
816 3119 986 3202 appellavit.
1032 3121 1111 3182 idern
1134 3138 1248 3182 nomen
1276 3123 1437 3204 restituere
1466 3139 1527 3184 nou
1556 3121 1687 3184 dubitavi

284 3235 289 3242 ·
363 3224 395 3284 ln
419 3223 707 3306 excerptis-codicis
731 3221 933 3302 Sangallensis
956 3243 985 3305 p.
1009 3219 1081 3295 639,
1101 3221 1150 3295 15,
1175 3225 1205 3284 in
1229 3224 1340 3305 quibus
1362 3227 1515 3306 excerptis
1530 3224 1687 3307 complura

299 3345 305 3352 ·
365 3345 402 3387 ex
426 3327 572 3388 Victorini
594 3324 680 3388 libris
697 3327 873 3406 deprompta
898 3325 1051 3406 leguntur.
1091 3337 1118 3388 et
1143 3327 1217 3389 haec
1233 3325 1295 3390 sola
1320 3328 1455 3409 exempla
1472 3339 1552 3400 sunt,
1577 3328 1687 3409 quibus

364 3429 522 3492 inferioris
545 3431 651 3492 aetatis
674 3432 887 3507 grammaticos
911 3430 957 3492 his
981 3429 1065 3493 libris
1090 3431 1133 3492 usi
1157 3449 1223 3492 csse
1254 3433 1458 3513 reperiuntur.
1505 3431 1559 3494 sed
1588 3433 1687 3495 diver·

367 3549 433 3592 sum
451 3531 488 3594 ab
513 3533 560 3594 his
577 3532 716 3595 codicum
734 3544 764 3594 et
786 3536 1052 3612 grammaticorum
1071 3535 1251 3596 testimoniis
1268 3542 1313 3597 est
1334 3534 1419 3610 illud,
1445 3535 1524 3615 quod
1541 3537 1572 3597 ln
1590 3537 1687 3598 trihus

366 3634 523 3698 codicibus
546 3645 654 3717 quarto
678 3637 758 3698 libro
788 3639 995 3720 subscriptum
1020 3645 1064 3700 est
1087 3655 1115 3717 p.
1143 3634 1213 3708 173,
1237 3635 1289 3709 32,
1314 3643 1395 3701 Aelii
1415 3643 1502 3702 Festi
1521 3641 1690 3718 ,aphthonii

366 3737 429 3800 uiri
443 3739 665 3817 perfectissimi
686 3743 724 3802 de
746 3745 850 3804 metris
873 3743 1010 3804 onicinus
1037 3743 1166 3820 explicit
1193 3743 1271 3803 liber
1292 3741 1375 3806 IIII.
1421 3743 1477 3806 hac
1505 3725 1587 3806 enirn
1617 3743 1687 3806 sub·

366 3844 542 3926 scriptione,
567 3861 643 3926 quae
666 3844 738 3906 olim
762 3865 778 3906 a
802 3845 974 3908 Camerario
998 3847 1117 3915 omissa,
1146 3856 1252 3924 postca
1276 3865 1291 3906 a
1317 3847 1488 3909 Gaisl'ordio
1511 3849 1647 3928 primurn
1671 3867 1687 3907 e

366 3944 506 4008 Parisino
530 3947 634 4008 codice
652 3947 769 4026 prolata
792 3959 848 4018 est.
873 3949 930 4010 hoc
946 3951 1111 4028 significari
1128 3948 1275 4009 intellexit
1292 3948 1437 4028 Bergkius
1453 3950 1560 4012 Philol.
1578 3969 1605 4012 v.
1622 3947 1686 4011 xvt

366 4066 396 4128 p.
413 4045 477 4111 639
493 4069 569 4132 sqq..
594 4061 627 4112 ut
643 4060 784 4132 quattuor
800 4051 870 4112 libri
885 4051 1172 4136 qui-praecederent
1187 4070 1247 4112 nort
1265 4050 1428 4123 Victorino,
1446 4050 1498 4114 scd
1515 4051 1686 4133 hphtlronio

368 4151 624 4230 uincerentnre).
1042 4229 1043 4232 Ἴ

453 4256 556 4340 ltaque
572 4275 640 4318 cum
658 4257 786 4319 duorum
803 4261 1068 4337 gramnradcorum
1086 4261 1207 4322 nomina
1219 4261 1250 4322 in
1264 4278 1324 4322 uno
1337 4278 1429 4340 opere
1443 4261 1602 4322 coniuncta
1615 4262 1685 4331 sint,

368 4360 500 4440 primum
524 4359 597 4420 illud
621 4370 756 4441 apparet,
781 4379 815 4422 ea
839 4379 916 4440 quac
938 4373 1006 4442 post
1028 4363 1110 4425 illam
1134 4364 1387 4445 subscriptionem
1414 4363 1446 4424 in
1470 4361 1627 4425 codicibus
1650 4363 1687 4424 dc

369 4467 474 4526 metris
492 4465 662 4530 Horatianis
686 4477 716 4529 et
740 4467 777 4528 de
794 4465 850 4527 ode
873 4477 903 4528 et
926 4465 992 4529 colo
1017 4477 1046 4530 et
1069 4479 1218 4530 commate
1233 4472 1346 4552 scripta
1369 4481 1439 4533 suut
1462 4471 1498 4534 ab
1515 4471 1686 4553 hphtlronic

345 4719 348 4721 ’
436 4725 463 4788 ⁸)
482 4725 552 4786 Quae
570 4741 705 4794 praeterea
726 4725 853 4794 Bergltins
878 4727 911 4776 ad
934 4727 1000 4777 hunc
1019 4730 1171 4779 sententiam
1190 4728 1393 4780 confirmandam
1412 4729 1506 4788 attulit,
1524 4745 1569 4780 cur
1588 4730 1702 4796 impro·,
1803 4775 1806 4783 .
1882 4731 1913 4766 ·'

368 4813 464 4873 horem,
487 4815 599 4880 exposui
618 4815 644 4864 in
663 4813 878 4865 commentatione
896 4813 1043 4863 academica
1062 4813 1133 4864 ltalia
1153 4829 1176 4865 a.
1200 4815 1363 4879 istoscine,
1382 4827 1482 4878 quaest.
1504 4829 1612 4882 gramm.
1632 4831 1657 4884 p.
1676 4816 1686 4866 l

368 4901 400 4949 de
419 4895 493 4949 lllnril
513 4899 638 4951 Victorini
656 4915 710 4950 arte
728 4899 905 4968 grammatica.
1468 4897 1472 4902 ’
