3906 5564
365 262 427 330 132
509 276 512 282 ·
856 265 964 320 naen
986 263 1180 318 vrcroamr

388 379 411 424 p.
423 366 484 411 rato.
498 368 523 409 tt
538 364 561 411 r.
1492 377 1519 448 p.
1529 368 1574 412 tat.
1589 368 1616 410 ca
1630 367 1656 411 c.

363 463 396 521 ut
417 459 458 520 ita
483 455 626 528 dixerim,
648 450 765 517 iontem
791 453 977 536 [consortem
1001 459 1047 520 sni
1069 455 1216 539 temporis
1238 473 1273 518 ac
1294 453 1436 539 socium}
1483 474 1499 518 e
1522 476 1582 539 qno
1612 457 1683 540 quid

363 558 471 624 sollers
495 559 652 622 doctorum
675 558 823 623 industria
856 578 912 642 per
934 560 1133 624 adlectionem
1157 578 1212 622 seu
1234 558 1452 623 detractionem
1481 570 1533 624 aut
1559 563 1682 624 concin-

363 666 515 729 nationem
538 671 718 745 conceptum
744 663 883 735 ediderit,
906 664 978 748 quid
1002 664 1188 728 cruditorum
1212 661 1326 726 iudicio
1348 670 1503 744 receptum
1527 667 1559 726 in
1583 683 1682 728 exem·

362 767 446 851 plum
471 766 627 850 disciplina
651 770 783 849 posteris
798 766 946 831 traditura
969 770 1017 840 sit,
1042 776 1133 852 prout
1146 775 1270 851 potero,
1295 787 1311 830 e
1334 764 1475 848 pluribus
1490 787 1584 850 panca
1602 786 1682 831 cotu-

362 871 558 954 prehendam,
588 869 745 953 prolntnra
776 868 895 934 scilicet
923 873 1087 954 cognitioni
1116 881 1168 936 aut
1195 868 1362 936 intellectui
1386 888 1491 935 eorum
1514 891 1592 956 qnae
1614 875 1711 956 quise

362 957 415 1039 aut
437 992 544 1039 eruere
567 983 601 1038 ut
623 975 722 1057 prisca
745 993 781 1038 ex
797 974 964 1039 reconditis
979 985 1031 1040 ant
1054 995 1090 1040 er
1112 994 1144 1040 sc
1160 994 1271 1055 notare
1294 977 1494 1055 temptaverit.

449 1079 587 1143 Diximus
608 1079 683 1151 iam,
708 1096 776 1141 cum
800 1078 970 1162 specialiter
993 1077 1180 1162 singulorum
1202 1086 1363 1163 praecepta
1387 1078 1585 1152 traderemus,
1608 1083 1682 1143 iam-

364 1183 436 1246 bum
460 1179 579 1265 dactylo
608 1193 668 1246 tam
697 1182 807 1265 pedum
837 1203 964 1248 numero
987 1202 1076 1267 quam
1107 1185 1303 1266 percussione
1333 1199 1513 1264 congruere.
1557 1203 1626 1247 nant
1650 1191 1684 1247 ut

362 1284 448 1351 illum
470 1305 492 1349 α
513 1305 564 1350 ser
587 1285 699 1368 pedum
716 1305 807 1350 cursu
823 1287 1047 1360 hexametrum,
1070 1289 1109 1351 ita
1133 1289 1215 1352 huuc
1229 1304 1349 1371 quoque
1363 1286 1404 1349 ob
1427 1286 1556 1365 eundem
1571 1287 1682 1371 pedum
1754 1284 1755 1287 ’

362 1409 522 1456 numerum
546 1392 699 1455 senarium
722 1387 866 1475 appellari
890 1392 1066 1465 voluerunt,
1095 1411 1184 1476 quem
1209 1401 1238 1456 ct
1261 1395 1448 1456 trimetrum:
1479 1409 1549 1454 nam
1571 1393 1680 1472 iugatis
1697 1412 1724 1454 ro

358 1515 418 1580 per
440 1494 583 1579 dipodittn
608 1494 687 1558 binis
707 1493 837 1578 pedihus
860 1504 906 1558 ter
923 1495 1041 1560 teritur.
1085 1496 1157 1560 huic
1172 1503 1279 1578 poetae
1302 1503 1429 1578 propter
1443 1497 1681 1559 contractionem

363 1599 593 1682 achretitatem
609 1601 693 1672 eins,
718 1607 821 1682 utpote
837 1601 867 1664 in
885 1602 941 1663 tria
963 1610 1098 1684 tempora
1115 1600 1239 1664 coartati
1254 1598 1383 1681 ideoque
1398 1618 1493 1683 pauca
1509 1597 1682 1672 admodum,

363 1722 439 1784 qnae
463 1706 527 1767 eius
550 1713 648 1768 metro
671 1703 923 1784 temporibusque
941 1715 1156 1785 congruerent,
1179 1703 1269 1766 rerba
1283 1703 1487 1776 admittentis,
1511 1724 1571 1787 qno
1593 1703 1684 1769 latius

363 1808 563 1892 panderetur,
586 1805 755 1891 spondeum
779 1805 928 1891 dactylum
953 1816 983 1871 ct
1005 1816 1201 1892 anapaestum
1222 1809 1424 1881 miscuerunt,
1448 1806 1602 1872 dumtaxat
1622 1807 1681 1870 dis·

361 1914 428 1996 parl
456 1911 539 1984 loco,
569 1909 599 1973 ld
629 1919 676 1975 est
703 1913 802 1994 primo
831 1914 921 1975 tertio
949 1921 980 1975 et
1007 1913 1126 1995 quinto,
1155 1929 1258 1993 parem
1286 1922 1386 1976 autem
1415 1911 1519 1976 sedem
1547 1910 1722 1975 iambumrt

361 2035 482 2099 semper
504 2023 538 2079 ut
559 2011 617 2078 sibi
640 2015 769 2080 dicatam
793 2013 932 2079 obtinere
954 2015 1124 2079 noluerunt.
1170 2015 1223 2079 sed
1246 2017 1304 2079 hoc
1320 2017 1350 2079 itt
1373 2017 1497 2096 tragicis
1513 2024 1542 2079 et
1558 2015 1682 2080 comicis

361 2122 484 2193 metris,
508 2138 567 2203 quo
590 2120 651 2182 sint
665 2118 836 2202 ampliores.
882 2138 951 2183 nam
967 2119 1137 2184 iamborum
1153 2120 1334 2204 scriptores,
1358 2119 1469 2204 quibus
1484 2117 1575 2184 celeri
1592 2137 1680 2183 tersa

362 2244 439 2310 opus
462 2232 517 2300 est,
541 2222 605 2286 iere
627 2242 684 2307 per
706 2223 799 2306 pedes
822 2222 938 2286 iambos
961 2222 1128 2304 provolant.
1162 2220 1173 2307 ΙΙ
1201 2221 1286 2308 sollet
1307 2231 1408 2288 tamen
1432 2242 1492 2287 nott
1515 2241 1679 2306 numquam

362 2326 532 2411 tribrachys
546 2336 671 2410 propter
686 2328 914 2409 congruentiam
931 2328 1097 2392 eorundem
1113 2326 1208 2392 isdem
1224 2327 1408 2408 regionibus,
1432 2327 1540 2410 quibus
1553 2326 1679 2400 iambus,

362 2435 467 2516 recipi.
513 2449 583 2495 nam
606 2430 792 2514 ubicumque
820 2428 933 2516 syllaba
956 2433 1045 2514 longa
1070 2441 1130 2504 est,
1163 2430 1205 2495 ibi
1228 2431 1306 2496 duae
1329 2432 1436 2496 breves
1458 2433 1529 2514 poni
1553 2440 1721 2515 possuateo

362 2546 486 2618 excepta
518 2534 590 2598 sede
618 2533 738 2612 ultima,
768 2555 825 2618 qua
856 2543 1040 2618 passerius
1064 2533 1231 2608 clauditur,
1255 2538 1306 2618 qui
1335 2554 1454 2619 semper
1484 2545 1534 2600 aut
1561 2533 1680 2600 iambus

302 2697 308 2708 .
362 2660 429 2706 esse
458 2638 550 2704 debet
571 2646 624 2702 aut
651 2639 839 2720 pariambus,
873 2657 933 2719 quo
961 2640 994 2702 ttt
1022 2646 1055 2702 ut
1082 2637 1274 2721 longissimus
1303 2658 1406 2704 tersus
1435 2641 1465 2702 io
1490 2659 1526 2704 eo
1549 2647 1680 2723 septem·

362 2746 458 2810 decim
488 2743 525 2807 sit
548 2741 744 2824 syllabarum,
774 2752 944 2824 temporum
974 2761 1045 2806 aeto
1069 2743 1208 2816 totidem,
1238 2753 1312 2826 quot
1340 2753 1369 2807 et
1397 2745 1496 2826 isqui
1524 2751 1680 2808 coustate

362 2833 520 2912 duodecim
550 2846 681 2928 syllabis.
725 2865 783 2930 qua
813 2847 880 2926 lege
908 2850 1024 2930 recepit
1056 2847 1243 2930 tribrachyn,
1278 2849 1366 2911 etiarn
1400 2846 1562 2910 trochaeus
1590 2845 1679 2910 simili

362 2963 533 3036 temporum
558 2968 697 3016 mensura
725 2950 842 3016 admitti
865 2953 1028 3033 potuisset,
1052 2955 1165 3035 qnippe
1181 2970 1263 3018 ,cnm
1293 2960 1419 3035 uterque
1449 2969 1553 3014 eornm
1583 2951 1719 3021 tribusaa

362 3055 551 3140 temporibus
573 3063 743 3119 censeatur.
787 3054 840 3118 sed
864 3074 903 3119 ne
926 3056 1077 3137 copulatio
1093 3056 1228 3119 trochaei
1251 3075 1318 3118 com
1335 3054 1435 3118 iambo
1451 3053 1576 3119 alterins
1591 3059 1680 3119 metri

360 3163 493 3244 speciem
517 3157 688 3232 induceret,
718 3167 870 3241 quaeant
894 3157 1069 3223 choriambo
1098 3169 1149 3222 aut
1170 3161 1268 3222 ionico
1299 3159 1437 3242 adempta
1459 3159 1555 3241 prima
1585 3158 1678 3232 breti,

362 3283 420 3347 tyna
444 3262 560 3328 iambus
582 3263 704 3345 incipit,
733 3261 897 3326 subsistere
920 3262 1088 3336 rideretur,
1117 3265 1247 3326 omissus
1270 3271 1324 3328 est.
1370 3271 1491 3326 notatur
1519 3271 1617 3326 autem
1648 3263 1679 3324 iu

361 3368 523 3451 tragoediis
557 3385 660 3430 versus
690 3385 725 3428 ex
754 3366 894 3430 omnibns
923 3366 1031 3431 iambis
1059 3368 1257 3450 compositus,
1286 3365 1414 3446 ideoque
1443 3366 1606 3430 admodum
1634 3374 1680 3430 est

261 3517 264 3524 -
355 3491 463 3545 ·ratns;
494 3469 628 3553 adaeque
658 3479 688 3533 et
711 3468 776 3542 ille,
808 3473 859 3554 qui
882 3472 1012 3534 secunda
1036 3479 1141 3553 quarta
1166 3481 1196 3534 at
1226 3479 1309 3532 setta
1339 3471 1410 3533 sede
1439 3469 1605 3552 spondeum
1629 3478 1719 3548 anteo

361 3578 413 3660 qui
437 3595 472 3640 er
496 3593 532 3638 co
556 3562 697 3637 creantur
720 3573 863 3646 admittit,
895 3575 924 3638 in
949 3576 1063 3656 tragico
1092 3575 1247 3639 dumtaxat
1269 3573 1356 3638 stilo:
1385 3591 1454 3636 num
1484 3575 1535 3654 qui
1565 3573 1679 3637 comico

362 3681 538 3743 charactere
553 3695 725 3740 sermonem
747 3679 908 3750 instruunt,
932 3679 1037 3741 vitiant
1058 3678 1191 3742 iambum
1216 3679 1347 3742 admixto
1362 3678 1497 3741 omatibus
1519 3677 1593 3742 locis
1616 3679 1679 3740 eius

361 3783 506 3869 spondeo,
530 3801 590 3864 quo
614 3789 644 3843 et
665 3799 758 3844 canor·
774 3783 905 3863 tragicus
928 3779 1081 3864 paululum
1105 3783 1136 3844 in
1153 3781 1261 3845 tabulis
1277 3784 1502 3876 comprimatur,
1527 3791 1556 3846 et
1572 3798 1679 3846 rursus

361 3885 614 3953 acousnetudine
629 3885 720 3949 solttti
735 3889 885 3950 sermonis
905 3885 989 3982 stilus
1012 3886 1147 3949 comicus
1163 3887 1304 3968 erigatur.
1328 3905 1417 3969 quam
1438 3884 1677 3949 observationem

371 4016 569 4035 ..an—*¹¹*—

431 4089 445 4139 1
463 4097 610 4138 consonam
630 4085 671 4136 sni
690 4075 864 4152 temporis'ec
882 4085 991 4140 socium.
1011 4087 1078 4152 quae
1096 4085 1129 4138 de
1141 4085 1223 4137 iambo
1234 4101 1286 4152 per
1298 4086 1483 4137 detractionem
1495 4087 1569 4137 aulas
1582 4092 1679 4150 ternpo-

360 4160 398 4212 rt‘t
415 4157 546 4223 eductpio
562 4155 686 4220 formato,
704 4159 732 4204 ut
750 4155 844 4205 dictum
862 4163 900 4205 ert
918 4155 1076 4221 ρ.141,11,
1096 4155 1211 4220 iutellept'
1228 4161 1365 4224 nequeant,
1385 4170 1399 4206 e
1413 4155 1529 4219 margine
1540 4153 1589 4206 huc
1605 4155 1679 4205 allato

360 4233 427 4280 aaut.
458 4227 578 4278 oldentur
600 4229 683 4276 autem
706 4221 785 4274 veroa
806 4224 939 4288 pertinere
967 4224 1003 4274 od
1024 4223 1059 4273 ut
1081 4239 1133 4288 qna
1157 4223 1213 4289 lege
1238 4225 1334 4290 recepit
1357 4223 1502 4290 tribrachyn
1530 4232 1679 4274 consortem

360 4295 544 4363 sui'tempcris
563 4309 593 4344 ac
611 4293 711 4345 socium
775 4292 963 4360 ddisciplintte
983 4291 1077 4349 aaa
1140 4293 1262 4344 traditum
1282 4293 1352 4348 sits
1415 4293 1494 4343 daut
1512 4307 1544 4343 ex
1563 4307 1633 4343 noua
1651 4307 1679 4343 re

360 4363 525 4433 temptauerit
543 4365 568 4415 A
582 4363 645 4420 Be.
670 4362 1086 4428 fortasseantnovaexcogltare
1105 4373 1153 4413 tem
1176 4365 1281 4414 tuterit:
1299 4361 1334 4424 ef.
1353 4378 1379 4428 p.
1397 4364 1457 4428 too,
1471 4364 1505 4414 20
1523 4363 1589 4416 Atii.
1603 4361 1677 4413 Fert.

361 4437 472 4502 gutddd
490 4439 561 4486 emir.
627 4427 851 4498 idiximusiam]
871 4435 985 4498 p.79,8
1048 4377 1246 4498 Sdactyficos
1313 4429 1534 4487 baomABs
1599 4432 1679 4481 ttae

317 4507 318 4511 ’
359 4505 511 4557 brevitatem
529 4502 709 4554 Luclmtoaaau
726 4501 753 4550 itt
774 4499 878 4553 Terent.
898 4501 986 4554 Maur.
1004 4502 1074 4552 219⁶
1090 4501 1125 4552 ud
1143 4502 1291 4552 breuitatem
1312 4497 1407 4556 ABc
1473 4502 1505 4552 13
1522 4500 1597 4551 metri
1614 4511 1680 4550 tent·

361 4573 469 4640 poribus
488 4587 555 4637 quae
572 4579 745 4638 congruerent
762 4567 789 4618 B
806 4571 879 4621 metri
897 4571 1057 4638 temporibus
1074 4606 1117 4624 ...
1133 4559 1262 4638 congruer'
1280 4569 1305 4620 A
1324 4569 1398 4619 metri
1416 4569 1553 4636 temporib:
1571 4583 1598 4633 q:
1616 4582 1679 4619 con·

361 4643 438 4708 gntc‘r
454 4643 512 4696 Vol.
531 4641 605 4692 metri
624 4638 784 4707 temporibus
802 4651 1004 4708 congruerente
1072 4639 1218 4691 admittenti
1235 4638 1291 4696 ςΒ
1309 4637 1466 4691 adurittetA
1534 4639 1569 4688 tt
1586 4637 1679 4688 tribra-

360 4711 409 4778 clty
429 4715 454 4765 A
524 4711 558 4762 26
576 4721 730 4762 censeantur
747 4707 839 4765 Atta
908 4711 941 4761 27
965 4725 1032 4774 quae
1049 4721 1093 4761 out
1111 4709 1297 4764 cltoriamboe
1324 4723 1391 4770 ottae
1408 4709 1434 4758 t'tt
1456 4705 1633 4759 choriambum
1653 4708 1678 4759 A

360 4783 406 4845 tyni
424 4793 508 4832 autent
527 4779 703 4830 cltoriembum
722 4776 749 4827 B
822 4781 855 4832 28
874 4780 1000 4830 omissum
1018 4779 1044 4830 A
1057 4779 1112 4835 Βς
1187 4781 1219 4831 31
1238 4777 1374 4839 dumtaxat
1391 4790 1408 4832 ς
1426 4776 1487 4827 dnm
1506 4777 1596 4828 attinet
1615 4777 1680 4828 AB

430 4853 463 4902 32
481 4849 574 4900 uitiaut
591 4861 608 4904 ς
627 4847 759 4900 uitiumA
773 4845 799 4898 B
870 4849 990 4900 omnibns
1008 4865 1056 4901 om.
1070 4851 1091 4901 A
1105 4847 1159 4906 Βς
1227 4843 1296 4912 eius]
1316 4861 1375 4896 eum
1393 4845 1418 4896 B
