3874 5556
394 387 459 456 346
778 453 783 462 ,
952 407 1170 458 reuerentiam

395 505 417 544 p.
431 493 490 535 esse.
505 494 530 535 es
545 496 569 534 e.

549 601 680 664 namque
705 585 731 646 si
756 598 778 660 Q
800 586 1004 666 praeferatur,
1029 584 1159 668 syllabae
1183 585 1256 646 llcnt
1278 583 1365 654 duae,

550 691 639 752 tertia
663 686 710 748 bis
733 687 814 769 quod
839 685 990 768 implicari
1013 687 1094 750 nulla
1119 686 1231 750 roralis
1253 696 1362 768 potest,

549 791 601 854 sed
626 790 703 854 duae
727 793 800 854 dent
822 809 944 866 seorsae
968 790 1100 872 syllabae
1123 811 1179 872 per
1202 809 1235 852 se
1259 789 1378 853 breves.

549 903 609 978 qut
634 913 747 976 super
770 896 814 958 sic
837 896 967 958 inveniri
990 893 1125 978 dactylus
1148 897 1207 957 iam
1232 912 1293 956 nun
1317 903 1425 973 potest,

497 1013 536 1054 roo
549 997 679 1080 syllabas
701 997 754 1063 sed
777 1017 832 1081 pes
855 997 980 1061 babebit
1003 1007 1144 1080 quattuor
1166 1007 1245 1061 totas
1269 996 1387 1060 breves.

549 1102 717 1184 principale
740 1103 794 1165 sed
817 1104 954 1166 ridemus
978 1122 1045 1166 esse
1068 1103 1166 1183 quis,
1190 1119 1250 1183 quo
1274 1101 1408 1164 nascitur

549 1213 622 1288 qui,
648 1205 779 1270 dativum
805 1206 924 1286 quande
948 1225 1051 1269 casum
1074 1208 1152 1268 ratio
1176 1207 1326 1269 sermonis
1348 1212 1440 1286 petet
1479 1231 1481 1234 ·

549 1328 637 1373 casus
661 1318 690 1373 et
712 1310 865 1373 secundus
888 1318 972 1387 ante,
997 1314 1050 1392 qui
1072 1311 1146 1373 lacit
1167 1312 1291 1392 quius,
1315 1307 1425 1390 probat

549 1425 571 1488 Q
595 1414 722 1476 duarum
745 1414 912 1496 praeditam
937 1433 1003 1476 esse
1027 1413 1158 1496 syllabae
1183 1414 1340 1477 vocalium.

497 1531 536 1573 ²05
549 1527 676 1600 quartus
699 1525 729 1579 et
752 1536 838 1579 casus
861 1520 959 1598 priori
983 1535 1043 1580 non
1067 1527 1218 1600 repugnat
1240 1516 1372 1597 regulae.

551 1639 606 1683 nec
629 1623 730 1684 minus
753 1635 776 1696 Q
799 1630 986 1702 perseverat,
1011 1640 1081 1684 cum
1104 1620 1212 1704 loquor
1235 1620 1402 1702 pluraliter,

549 1723 666 1788 casibus
689 1726 810 1788 cunetis
833 1725 970 1804 iugamus
993 1724 1113 1807 quaudo
1137 1723 1254 1787 vocales
1277 1724 1364 1786 duas:

549 1830 612 1907 qui
636 1828 717 1898 lacit,
742 1847 899 1908 quorum
923 1827 1048 1900 deinde,
1073 1845 1141 1889 mox
1165 1827 1321 1910 quibus,
1347 1844 1450 1906 quos,
1475 1825 1662 1908 aquibus.

549 1951 644 2012 usque
668 1947 690 2009 Q
715 1949 876 2014 numquam
901 1931 1005 1994 revelli
1027 1931 1182 2014 propalam
1207 1941 1252 1994 est
1275 1932 1456 2014 pronomini.

497 2035 658 2098 indubius
682 2045 782 2098 autem
805 2037 873 2118 quia
898 2035 992 2098 videri
1017 2053 1162 2098 numerus
1186 2043 1215 2096 et
1238 2054 1326 2099 casus
1348 2041 1456 2116 potest,

549 2159 618 2202 cum
642 2139 740 2202 datico
764 2139 911 2219 singulari
934 2141 1030 2222 prima
1055 2155 1077 2217 Q
1100 2137 1327 2222 praescribitur,

550 2254 579 2307 et
602 2251 700 2323 potest
722 2241 840 2324 plurale
864 2250 925 2325 qui
948 2241 1045 2306 lector
1067 2242 1177 2326 aliquis
1201 2241 1328 2305 eredere

548 2365 583 2408 ae
606 2345 695 2410 simul
720 2353 842 2408 nutante
866 2365 937 2408 casu
959 2346 1075 2408 tardius
1097 2365 1219 2409 sensum
1244 2349 1340 2429 sequi,

549 2467 632 2521 usus,
658 2459 690 2512 ut
711 2450 802 2518 solet,
827 2449 948 2532 reliquit
969 2452 1106 2512 veritatis
1129 2447 1274 2530 regulam.
1348 2485 1350 2496 ·

413 2619 419 2628 ,
496 2569 535 2610 uu
548 2553 680 2616 litteram
705 2562 734 2616 et
756 2551 836 2614 dedit
862 2555 1080 2635 propinquam,
1106 2553 1176 2614 ‹lctm
1199 2553 1301 2616 studet
1324 2553 1514 2634 compendio.

549 2676 621 2738 crgo
643 2676 698 2739 per
721 2669 741 2718 u
764 2657 824 2719 iam
849 2655 987 2718 videmus
1010 2659 1070 2718 cui
1093 2657 1256 2718 notandum
1281 2657 1428 2720 litteram:

549 2760 627 2824 lianc
650 2763 732 2823 euim
754 2773 777 2822 u
800 2767 868 2841 post
891 2762 1026 2822 insecuta
1052 2759 1218 2840 praeditam
1242 2760 1331 2822 decet
1353 2761 1411 2824 sibi

549 2874 578 2926 et
601 2865 768 2928 cohaerens
791 2877 819 2934 1,
844 2863 977 2926 secundo
1001 2865 1121 2946 quando
1143 2881 1257 2926 conexa
1281 2872 1327 2926 est
1349 2862 1427 2928 loco.

548 2969 662 3050 quippe
685 2981 707 3043 Q
732 2985 792 3028 nun
815 2977 933 3030 constat
956 2965 1042 3030 aliter
1065 2985 1155 3048 quarn
1180 2967 1297 3028 duabus
1320 2981 1340 3030 c
1365 2978 1395 3031 et
1416 2982 1449 3039 u,

497 3087 570 3132 reon
596 3070 675 3134 velut
698 3068 744 3132 vel
767 3083 792 3132 K
815 3069 896 3149 quod
920 3089 986 3132 csse
1009 3084 1031 3146 Q
1055 3068 1137 3134 rides
1161 3071 1235 3132 muti
1259 3074 1343 3143 soni:

549 3189 571 3250 Q
595 3173 676 3236 velut
699 3183 728 3236 et
751 3187 783 3244 U,
807 3185 827 3235 e
850 3192 971 3256 quoque
994 3183 1024 3235 et
1047 3187 1092 3234 uu
1115 3173 1235 3254 plenius
1258 3175 1338 3257 quod
1363 3177 1554 3258 postmodum

551 3279 652 3340 sicin
678 3295 768 3340 tinam
792 3291 814 3352 Q
838 3276 977 3340 redactae
1001 3289 1208 3357 congruerunt
1231 3279 1372 3351 litteram,

548 3383 646 3462 portio
671 3388 702 3441 ut
724 3398 805 3442 nunc
829 3382 1021 3443 consonantis
1044 3394 1067 3442 u
1090 3379 1183 3442 rideri
1208 3384 1328 3453 rectius,

548 3484 664 3546 litterae
687 3482 798 3545 vocalis
821 3483 954 3546 lrabitum
979 3501 1069 3564 quam
1093 3494 1197 3547 tenere
1221 3484 1339 3548 debeat.

496 3604 678 3669 resnamque
702 3601 724 3663 Q
747 3591 913 3668 praemissa
937 3606 1057 3668 semper
1080 3601 1102 3649 u
1126 3586 1214 3650 simul
1238 3591 1334 3668 iungit
1359 3589 1428 3662 sibi,

548 3689 692 3773 syllabam
717 3709 776 3752 non
800 3689 930 3760 editura,
956 3692 986 3754 ni
1009 3711 1110 3755 comes
1133 3695 1173 3755 sit
1196 3695 1282 3754 teriia

549 3792 701 3876 quaelibet
724 3793 833 3856 vocalis
857 3794 928 3858 illis.
974 3793 1084 3859 bouet
1110 3796 1256 3877 exemplis
1279 3797 1383 3877 proba.

551 3915 679 3978 namque
702 3916 813 3980 equos
834 3895 880 3960 vel
902 3915 1054 3980 aequos,
1078 3917 1220 3982 aequor
1241 3910 1293 3962 aut
1308 3918 1437 3981 aquam
1455 3920 1521 3964 cum
1538 3902 1708 3974 scribimus,

463 4093 514 4144 696
533 4089 589 4142 siC
608 4086 768 4155 praeferatur
780 4087 815 4139 M
830 4088 852 4137 si
871 4104 903 4137 eu
922 4087 1081 4154 praeferatur
1095 4089 1175 4140 Aldus
1193 4091 1253 4141 inst.
1271 4106 1379 4156 mairiam.
1396 4107 1422 4156 p.
1443 4093 1504 4146 ³54.
1541 4065 1710 4144 ‘scribebdum

394 4181 436 4230 uel
458 4196 472 4242 q
493 4181 535 4229 uel
552 4193 613 4241 quu.
631 4178 734 4226 litterae
753 4190 841 4226 neneeu
864 4181 983 4238 estquis,
1003 4173 1034 4228 id
1055 4183 1097 4226 est
1114 4191 1178 4234 cvu,
1204 4192 1254 4226 non
1273 4171 1319 4224 cu’
1339 4175 1519 4228 Locbmorrrues
1588 4179 1639 4231 699
1657 4179 1710 4230 etl

396 4263 508 4315 svuilu
523 4263 562 4314 tl.
582 4264 626 4327 qui
645 4261 743 4313 duobus
761 4259 879 4312 breuibus
891 4259 998 4327 syllabis
1015 4267 1040 4312 et
1058 4261 1099 4311 bie
1118 4269 1142 4312 et
1162 4279 1182 4312 u.
1198 4263 1247 4311 702
1260 4263 1329 4312 dixit
1346 4261 1516 4314 Terentianus
1526 4281 1576 4330 pru
1596 4280 1626 4315 eu
1645 4265 1713 4332 quud

394 4353 491 4402 rectius
509 4341 670 4401 scribendum
693 4354 751 4398 erut
770 4349 847 4412 quui,
871 4349 937 4397 simu
960 4347 1037 4410 quius
1055 4364 1106 4414 pro
1125 4348 1221 4410 quuius
1240 4349 1309 4398 droit
1327 4365 1349 4397 u.
1371 4351 1432 4398 703.
1455 4353 1504 4400 774
1575 4353 1624 4402 700
1643 4365 1711 4401 turris

394 4439 504 4489 coniecit
522 4437 661 4487 Santcnius
731 4435 780 4485 702
799 4433 844 4497 qui
861 4432 978 4483 datiuum
998 4433 1146 4498 Lennepiur
1165 4436 1189 4484 in
1204 4435 1315 4484 editione
1329 4434 1448 4486 Sontem'i
1462 4451 1489 4500 p.
1510 4438 1573 4490 dio.
1593 4435 1649 4486 Cl'l
1668 4437 1711 4486 da-

395 4526 477 4576 tiuum
498 4521 529 4574 ,il
598 4524 647 4574 703
666 4521 752 4584 quiius
772 4519 909 4571 Bri-scaeua
928 4520 1022 4582 quuius
1038 4521 1189 4571 Petreeinus
1259 4521 1308 4570 712
1328 4519 1386 4578 Qvi
1400 4521 1498 4584 ,liqui
1517 4523 1614 4573 divisim
1628 4523 1711 4573 Laeb-

394 4625 509 4664 mannus,
545 4625 578 4658 on
598 4609 642 4671 qui
662 4609 716 4658 sic?
754 4605 803 4656 lroc
822 4607 866 4670 qui
886 4605 1031 4658 Sescenius.
1067 4619 1091 4656 et
1111 4618 1197 4672 potest
1215 4606 1313 4674 plurale
1336 4608 1381 4670 qui
1400 4607 1479 4658 lectur
1496 4605 1589 4670 aliquis
1609 4607 1713 4660 eredere

395 4695 468 4745 lucile
487 4695 608 4745 ediderat
625 4693 766 4744 Bricsueus
837 4693 885 4742 t21
905 4708 920 4756 q
940 4692 1010 4742 uelut
1029 4703 1053 4742 et
1073 4709 1087 4741 u
1106 4708 1119 4742 c
1138 4707 1242 4756 quoque
1261 4707 1285 4744 et
1302 4710 1338 4742 uu
1356 4693 1536 4743 Locdraannuu
1555 4693 1632 4744 Velut
1650 4693 1671 4754 Ο
1689 4707 1715 4745 et

396 4781 538 4842 unoqne
557 4791 581 4830 ct
600 4781 622 4828 V
644 4781 675 4832 ai!
693 4798 707 4844 q
728 4779 808 4840 uelut,
834 4779 869 4828 ita
887 4794 901 4828 u
920 4791 944 4828 et
963 4795 978 4828 n
998 4794 1101 4844 quoque
1121 4780 1260 4830 Sanienius
1339 4781 1390 4830 726
1409 4778 1517 4842 Nunque
1538 4777 1648 4838 uultis
1673 4781 1712 4831 uel

397 4867 536 4925 acutuli
550 4883 581 4915 nu
598 4867 717 4926 stnu
731 4881 789 4915 rum
803 4861 941 4916 scribimus
957 4866 987 4914 ,ll
1001 4881 1102 4928 risuque
1115 4882 1194 4928 eques
1208 4865 1246 4914 trel
1260 4881 1357 4928 aequus
1370 4881 1467 4928 aequor
1485 4878 1529 4916 urit
1547 4881 1642 4928 equum
1654 4882 1712 4917 eum

396 4952 786 5012 scribimusSanteniusneuque
796 4967 877 5014 equos
890 4952 929 5001 uel
939 4967 1045 5014 cressum,
1060 4953 1164 5014 Aequus
1175 4965 1218 5000 aut
1227 4953 1527 5022 uqrmmrumscribinrus
1537 4953 1714 5005 Luedmonnus
