3906 5564
362 279 423 376 138
850 311 958 366 mareu
980 310 1173 366 vrcromm

385 423 408 467 p.
422 411 481 455 idid.
497 411 520 454 Ρ.

793 501 877 566 adest
901 499 982 565 celer
1005 500 1144 584 phaselus
1167 511 1227 572 cst,

358 603 430 670 item

828 707 1000 774 Simonides
1022 709 1203 773 Simonides.

333 811 337 819 '
359 816 455 900 prima
479 815 559 877 enim
581 813 720 896 adempta
740 811 856 906 syllaba
881 813 970 876 iaciet
993 807 1168 895 ἀκέφαλον
1190 814 1249 885 sic,
1278 869 1282 876 .

813 926 858 980 est
880 916 962 980 celer
985 916 1127 998 phaselus
1149 927 1210 988 est;

328 1071 331 1078 .
358 1021 463 1088 ultima
487 1039 558 1086 vero
582 1019 722 1086 claudum
745 1023 804 1094 sic,

836 1123 921 1188 adest
944 1123 1025 1188 celer
1047 1122 1198 1207 phaselus.

357 1231 431 1293 item
455 1221 627 1312 ἀκέφαλος

630 1403 633 1414 Α
814 1333 818 1340 ’
846 1331 984 1395 monides
1007 1331 1189 1405 Simonides,

356 1455 465 1500 8032011
880 1481 884 1490 .
1691 1471 1717 1512 ω

856 1539 1028 1603 Simonides
1051 1539 1175 1610 simoni,

357 1642 394 1706 ad
417 1645 511 1707 instar
527 1643 643 1707 scilicet
667 1644 794 1708 trimetri
809 1645 987 1726 superioris.
1034 1642 1175 1707 Horatius
1191 1652 1290 1707 autem
1311 1644 1341 1705 in
1358 1661 1412 1706 suo
1436 1659 1529 1724 opere
1547 1641 1675 1724 primum

357 1746 524 1830 acephalon
547 1747 715 1811 adsimilem
739 1746 823 1818 huic.

819 1859 865 1913 est
886 1849 969 1914 celer
991 1848 1132 1933 phaselus
1154 1859 1214 1923 est,

356 1957 397 2018 ita
420 1954 552 2032 induxit,
608 1943 610 1948 ¹

754 2074 824 2120 non
848 2056 941 2122 ebur
965 2076 1086 2140 neque
1110 2076 1278 2131 aureum,

356 2172 533 2244 sequentem
558 2180 628 2224 rero
652 2161 782 2244 epodum
806 2163 977 2226 trimetrum
1001 2161 1208 2224 catalecticum
1232 2161 1268 2225 ad
1292 2164 1387 2226 instar
1410 2161 1507 2234 huius,

683 2263 849 2349 ‚phaselus
871 2262 921 2327 ill'e
947 2284 1037 2347 quem
1061 2265 1144 2328 rides
1167 2265 1304 2338 Sabinus,

708 2388 785 2433 mea
808 2368 965 2433 renidet
987 2369 1024 2432 in
1048 2367 1153 2432 domo
1177 2368 1342 2434 lacunar.
1375 2431 1379 2439 ,

356 2476 405 2538 cui
426 2475 452 2537 si
474 2471 624 2558 duplicem
649 2471 781 2535 iamhum
806 2475 821 2536 i
844 2471 994 2556 principio
1017 2473 1185 2556 dempseris
1209 2475 1286 2536 ‘mea
1310 2475 1397 2544 reni'.
1415 2471 1427 2557 ΙΙ
1444 2475 1501 2536 erit
1524 2471 1672 2555 reliquum
1688 2511 1714 2552 ,ο

356 2578 420 2641 ‘det
441 2579 472 2641 in
489 2576 578 2640 domo
594 2575 740 2650 lacunar',
766 2595 841 2659 quae
858 2575 963 2639 clauda
979 2595 1051 2658 pars
1067 2579 1126 2640 erit
1146 2577 1269 2640 dimetri
1291 2574 1434 2640 adsimilis
1450 2574 1492 2638 illi
1514 2577 1674 2658 superiori,

837 2678 923 2744 adest
944 2677 1024 2743 celer
1047 2679 1197 2762 phaselus.

354 2785 447 2850 huius
476 2787 591 2849 tenoris
620 2803 654 2848 ac
679 2784 793 2848 lormae
817 2783 963 2866 quosdam
994 2801 1098 2848 versus
1127 2793 1232 2866 poetas
1262 2784 1371 2866 lyricos
1399 2785 1584 2850 carminibus
1614 2785 1675 2848 suis

355 2887 498 2953 indidisse
521 2890 730 2970 cognovimns,
756 2898 790 2951 ut
812 2895 842 2951 et
863 2887 942 2970 apud
965 2886 1118 2953 Arbitrum
1141 2890 1325 2960 invenimus,
1349 2889 1436 2952 cuius
1459 2887 1630 2971 exemplum

791 2991 1059 3072 Memphitidos
1081 2991 1234 3072 puellae
1687 3025 1713 3069 ,5

789 3096 910 3159 sacris
934 3094 1040 3158 deum
1065 3104 1239 3178 paratae,

356 3203 425 3264 item

788 3305 935 3367 tinctus
958 3301 1089 3366 colore
1113 3303 1253 3375 noctis,

787 3408 947 3490 Aegyptias
973 3407 1109 3471 choreas.

383 3623 388 3638 '
442 3615 505 3700 [DE
530 3627 706 3679 servituro
730 3615 858 3698 versv]
906 3615 941 3679 m
963 3617 1106 3698 quoniam
1134 3614 1191 3680 suh
1220 3617 1377 3678 occasione
1400 3635 1506 3678 versus
1530 3615 1619 3680 huius
1642 3623 1711 3691 et„

355 3721 528 3799 tempestiva
558 3736 625 3782 sese
647 3717 735 3781 nohis
758 3716 814 3780 alia
838 3719 974 3798 suggerit
996 3720 1127 3802 species,
1156 3708 1389 3782 consentaneum
1419 3737 1489 3783 reor
1519 3719 1576 3782 hcc
1605 3720 1671 3782 loco

355 3824 457 3886 dicere
480 3821 517 3884 de
546 3828 652 3885 natura
676 3831 706 3885 et
728 3822 844 3904 origine
872 3822 959 3884 huius
981 3841 1099 3895 tersus,
1131 3825 1178 3886 cui
1206 3823 1304 3904 prisca
1334 3822 1413 3906 apud
1444 3822 1559 3886 Latium
1590 3831 1673 3886 aetas

422 4034 456 4084 30
474 4030 506 4081 Ει
523 4029 646 4094 quonium
661 4055 692 4066 -
707 4031 765 4094 139,
777 4031 811 4081 30
829 4043 845 4079 ιι
863 4028 981 4096 spondeo
1000 4030 1038 4080 sic
1061 4029 1153 4096 incipit
1174 4029 1277 4086 Terent.
1291 4029 1379 4085 dlour.
1392 4032 1585 4082 eaor-2524.
1609 4031 1671 4082 Atii.

356 4102 461 4157 l'uriuu.
480 4103 548 4152 2⁶7⁹
567 4099 635 4150 Prot.
654 4101 722 4150 2650

422 4273 438 4321 ‘d
457 4272 517 4320 item
530 4264 679 4322 Simonides
696 4271 780 4338 primu
797 4270 852 4328 eu
871 4271 932 4322 item
950 4272 1088 4323 simonidis
1109 4273 1191 4340 prima
1210 4274 1234 4324 A
1291 4275 1321 4323 ta
1338 4271 1440 4322 dimetri
1453 4273 1597 4339 strperioris
1615 4272 1670 4329 eli

353 4340 455 4390 ‹limetri
478 4341 627 4406 superiores
653 4341 676 4390 A
767 4341 797 4391 to
821 4355 872 4391 nou
892 4342 989 4398 ehure
1017 4357 1062 4392 nec
1081 4342 1143 4392 ehur
1163 4345 1186 4393 Α
1204 4341 1243 4392 B:
1267 4341 1336 4392 Hor.
1355 4357 1433 4394 eorm.
1455 4341 1487 4392 ΙΙ
1508 4343 1584 4406 18,1

353 4412 387 4460 ‘Ji
406 4409 573 4466 Arbitrume
596 4409 728 4460 arbitrium
749 4407 813 4460 AB
899 4413 932 4462 25
957 4405 1150 4479 Memphitidos]
1180 4409 1390 4466 Terentillam.
1411 4413 1481 4461 2⁴93
1569 4411 1602 4461 eo
1618 4427 1670 4476 pro

355 4480 498 4546 Aegyptias
515 4477 623 4530 choreus
641 4481 713 4545 opud
735 4477 913 4530 Terentiomun
932 4483 1024 4548 lepiiur
1043 4496 1120 4530 manu
1140 4495 1203 4548 puer
1222 4479 1330 4544 loquaci.
1359 4479 1425 4530 rende
1444 4479 1469 4530 1.
1489 4477 1608 4544 Scaliper
1625 4495 1671 4530 eu·

353 4551 399 4598 tol.
423 4554 471 4599 oei.
492 4555 564 4615 poet.
583 4565 609 4614 p.
629 4551 682 4600 257
703 4549 744 4602 ed.
763 4547 905 4604 Lindenhr.
930 4549 1178 4617 quinqueremibus
1200 4549 1356 4602 continuatis
1379 4563 1456 4599 manu
1482 4563 1545 4615 puer
1566 4549 1669 4612 loquaci

354 4619 500 4684 Aegyptius
519 4618 655 4669 choreutes
672 4618 787 4682 scripsit,
807 4633 882 4669 mann
904 4634 967 4686 puer
985 4619 1087 4682 loquaci
1101 4621 1247 4686 aegyptius
1265 4615 1400 4668 choraules
1420 4617 1449 4668 F.
1463 4617 1670 4686 Liudeudropius

354 4693 407 4737 etot.
425 4687 451 4737 in
468 4688 546 4738 colui.
564 4705 591 4754 p.
612 4689 674 4739 336.
697 4687 757 4738 midi
771 4686 933 4752 probabilius
951 4703 1007 4739 eoae
1025 4689 1127 4740 videtur
1149 4689 1306 4740 Victorinum
1324 4701 1422 4738 uersum
1444 4689 1483 4738 cel
1499 4703 1517 4736 a
1534 4701 1563 4738 re
1580 4691 1619 4738 uei
1636 4687 1669 4740 uh

354 4755 405 4806 otio
424 4757 591 4823 prmrrmuir'co
610 4759 697 4819 fictum
719 4759 837 4822 exemplo
860 4757 1011 4808 Terentiam
1031 4757 1199 4820 nudatituiaae,
1224 4772 1298 4824 quum
1321 4755 1414 4808 Caesio
1436 4753 1522 4807 Burro
1545 4757 1584 4807 cel
1605 4755 1670 4808 luha

354 4831 460 4876 nurture
483 4841 581 4876 umorem
603 4841 638 4878 ιω
657 4827 744 4878 eodem
763 4825 882 4877 Petronii
903 4829 1015 4878 currnine
1036 4831 1143 4894 petitum
1162 4827 1293 4879 addidisse
1369 4827 1403 4877 30
1420 4837 1445 4874 et
1463 4827 1618 4892 tempestiuo
1636 4830 1670 4878 ἦ

354 4893 428 4943 nohis
448 4895 472 4946 Α
492 4906 516 4944 et
535 4895 688 4961 tempestiua
707 4895 783 4946 etiarn
803 4895 877 4946 nobis
896 4894 951 4952 ςΒ
969 4911 998 4946 se
1016 4898 1170 4965 tempestiua
1188 4897 1265 4947 etiam
1284 4894 1359 4946 nohis
1379 4893 1515 4946 Puiacltiua
