3904 5556
604 313 684 366 ΛΒΤ.
703 315 815 370 unxit.
835 315 906 368 LlB.
925 315 939 366 1
958 320 981 379 1,
1001 321 1016 368 a
1035 345 1067 356 -
1086 323 1110 382 3,
1134 321 1162 370 11
1532 321 1553 384 5

258 429 279 469 p.
292 415 344 456 ana
358 415 380 456 e.
1071 453 1077 468 ,
1405 434 1426 476 p.
1441 423 1460 464 a.
1475 425 1488 463 ι
1502 421 1526 464 (ι.

232 513 277 566 εει
299 505 388 568 uuius
410 505 556 589 cuiusque
585 510 630 571 rei
653 509 781 578 initium,
812 526 912 588 aquo
941 510 1071 570 sumitur
1099 510 1322 572 incrementum
1352 517 1381 570 et
1410 513 1441 572 io
1471 513 1550 591 thod

230 607 403 671 resolvitur:
427 608 519 672 dictio
541 619 586 673 est
609 613 703 692 ligura
727 611 958 692 significantium
983 631 1103 675 vocum:
1135 614 1231 675 oratio
1254 622 1300 675 est
1324 612 1414 675 dictio
1438 615 1551 694 signill-

231 729 302 775 cans
318 709 363 774 rel
383 715 563 795 compositio
580 715 743 778 dictionum
759 715 991 795 significantium
1009 733 1223 779 consummans
1239 733 1328 779 ειιεει
1345 715 1550 802 seutentiam!

761 905 810 970 DE
839 905 1015 968 LITTERIS

204 1057 217 1096 5
316 1024 427 1087 Littera
457 1034 502 1088 εει
526 1045 581 1090 rox
604 1026 730 1107 simplex
760 1045 819 1090 uua
848 1028 943 1108 ligura
974 1025 1123 1089 notabilis.
1164 1027 1294 1092 litteram
1324 1027 1447 1110 quidam
1478 1029 1549 1111 quid

229 1136 334 1211 putam
356 1127 487 1192 dictami
515 1133 601 1212 qnasi
623 1129 790 1209 legiteram.
830 1131 941 1212 quare?
970 1133 1040 1210 quia
1064 1131 1176 1211 legenti
1205 1133 1263 1194 iter
1291 1131 1445 1214 praebeat.
1485 1136 1549 1212 qui·

229 1233 295 1294 dam
324 1232 396 1316 quid
421 1233 580 1296 dixerunt?
608 1234 775 1297 leviteram.
814 1235 926 1315 (puerei
954 1235 1023 1314 ‹pxin
1046 1231 1125 1296 levat
1148 1242 1180 1296 ut
1203 1237 1341 1306 iteretur,
1373 1235 1403 1298 id
1428 1246 1473 1299 est
1497 1237 1548 1300 de-

211 1337 326 1413 lectat,
350 1339 461 1399 iterum
487 1344 520 1400 ut
540 1336 700 1400 scribatur.
731 1355 786 1400 uox
809 1337 937 1418 simplex
961 1337 1074 1420 querci
1098 1336 1166 1400 ideo
1190 1341 1260 1420 qxxia
1284 1339 1348 1400 eius
1367 1343 1449 1403 vocis
1472 1359 1550 1423 quae

229 1439 398 1520 ἔναρθρος
419 1459 436 1501 a
461 1441 585 1504 Graecis
612 1439 689 1504 dicta
719 1449 765 1503 est
792 1439 849 1504 sub
872 1443 1125 1522 significationem
1154 1439 1285 1521 aliquam
1310 1443 1397 1514 veuit,
1431 1442 1492 1527 [vel
1517 1457 1549 1508 ει

193 1545 351 1606 ιιιειειειε
375 1541 462 1628 pars]
493 1544 622 1626 ideoque
647 1565 662 1608 a
685 1563 746 1607 non
770 1543 863 1608 millis
886 1553 956 1608 nota
980 1547 1063 1608 vocis
1094 1544 1271 1608 articulatae
1296 1545 1375 1609 dicta
1399 1555 1451 1610 est.
1490 1567 1548 1610 uua

227 1649 321 1728 tigura
345 1645 489 1710 notabilis
506 1649 621 1727 qureret
652 1647 721 1710 ideo
744 1649 813 1731 quia
836 1667 894 1711 una
919 1665 1056 1730 quaeque
1079 1648 1179 1712 littera
1197 1667 1282 1712 suam
1300 1651 1427 1729 liguram
1445 1650 1545 1715 lrabet.

227 1768 294 1814 nam
323 1748 456 1833 syllabae
483 1751 622 1834 pluribus
649 1753 763 1832 figuris,
793 1751 822 1814 id
852 1760 897 1814 est
925 1751 1042 1825 litteris,
1074 1761 1226 1826 iactantur,
1258 1753 1316 1817 nisi
1338 1772 1406 1817 eum
1431 1753 1549 1818 vocales

227 1857 298 1918 ιιεε
313 1853 498 1936 syllabarum
521 1854 697 1936 iunguntur.

311 1956 418 2043 [Nam]
441 1958 583 2022 accidunt
605 1961 657 2020 uni
680 1959 789 2042 cuique
813 1957 931 2022 litterae
951 1977 1060 2022 nomeu
1077 1963 1172 2041 ligura
1188 1968 1328 2042 potestas.
1369 1979 1478 2024 nomen
1504 1971 1549 2025 est

191 2079 283 2146 raquo
311 2061 492 2145 appellatur,
522 2064 615 2143 ligura
645 2081 704 2144 qua
734 2070 864 2134 notatur,
895 2072 1029 2143 potestas
1058 2081 1115 2142 ιιεε
1145 2062 1230 2126 valet.
1271 2063 1440 2128 litterarum
1471 2063 1547 2127 aliae

225 2163 294 2230 suut
315 2165 443 2236 uocales,
467 2166 542 2230 aliae
564 2171 775 2229 consonantes.
814 2165 932 2230 vocales
960 2175 1032 2231 sunt
1054 2185 1132 2250 quae
1157 2188 1213 2251 per
1235 2187 1267 2230 sc
1292 2169 1493 2248 proiciuntur
1517 2179 1548 2232 et

225 2289 278 2351 per
293 2289 327 2334 sc
343 2268 486 2352 syllabam
503 2268 515 2354 [1
532 2271 657 2334 iaciunt.
691 2279 762 2332 sunt
777 2279 877 2334 autem
900 2289 1026 2333 numero
1050 2271 1191 2353 utrinque,
1216 2289 1231 2334 a
1256 2292 1273 2335 e
1295 2273 1305 2333 i
1328 2291 1345 2334 o
1370 2293 1398 2336 u.
1437 2271 1544 2336 harum

226 2373 311 2444 duae,
334 2375 345 2436 i
370 2383 399 2436 et
423 2393 451 2446 u,
480 2383 640 2437 transeunt
662 2375 693 2436 in
717 2375 948 2438 consonantium
973 2381 1162 2457 potestatem,
1193 2395 1261 2438 cum
1285 2384 1337 2438 aut
1359 2377 1443 2459 ipsae
1466 2377 1545 2439 inter

225 2496 256 2541 εε
278 2479 472 2559 geminantur
499 2486 550 2542 aut
579 2497 649 2541 cum
677 2476 745 2540 aliis
769 2475 921 2541 vocalibus
944 2480 1121 2559 iunguntur,
1154 2487 1186 2541 ut
1209 2479 1282 2541 luno
1307 2487 1399 2542 vates.
1437 2499 1545 2556 conso·

189 2599 213 2640 eo
226 2585 360 2646 nantium
384 2601 455 2645 vero
478 2591 524 2645 est
546 2582 663 2665 species
685 2580 811 2663 duplex:
836 2590 907 2644 sunt
923 2583 1004 2645 enim
1023 2579 1097 2644 aliae
1113 2581 1317 2652 semivocales,
1342 2582 1419 2646 aliae
1435 2593 1543 2647 ιεειεε.

224 2683 417 2749 semivocales
444 2693 516 2749 sunt
543 2704 620 2768 qnae
649 2705 705 2768 pcx
735 2705 768 2747 se
796 2685 918 2768 quidem
947 2685 1155 2768 proteruntur,
1185 2687 1237 2750 sed
1262 2705 1317 2769 per
1339 2705 1373 2750 se
1400 2685 1543 2769 syllabam

225 2809 283 2853 nou
314 2791 439 2854 iaciunt
483 2798 554 2853 suut
582 2799 684 2853 autern
715 2807 843 2852 numero
874 2798 998 2870 septem,
1031 2789 1126 2852 llm
1150 2809 1168 2850 u
1192 2810 1245 2852 rs
1269 2811 1296 2852 x.
1342 2809 1378 2854 ex
1408 2791 1455 2854 his
1486 2811 1544 2854 urm

224 2893 333 2976 duplex
353 2893 464 2965 littera,
487 2913 519 2956 x:
543 2900 662 2956 constat
684 2893 764 2956 enim
786 2901 838 2955 aut
860 2911 896 2955 ex
920 2911 938 2973 g
961 2901 990 2955 et
1013 2911 1036 2964 s,
1062 2901 1094 2955 ut
1115 2912 1170 2956 rex
1194 2895 1283 2974 regis,
1307 2903 1359 2956 ant
1382 2913 1418 2956 ox
1442 2903 1505 2957 εει
1519 2915 1543 2965 ε,

223 3009 257 3061 ει
269 3000 320 3080 pix
336 2999 429 3080 picis;
453 2997 582 3080 ideoque
598 2997 673 3060 lxoec
696 2993 797 3060 littera
821 3017 837 3060 a
860 2995 1040 3080 quibusdam
1056 3002 1193 3077 negatur.
1232 3006 1333 3060 mutae
1354 3005 1424 3060 ειιει
1444 3008 1543 3062 autem

189 3117 300 3184 oquae
329 3118 429 3181 neque
456 3120 512 3182 pm·
540 3119 573 3164 se
596 3101 727 3184 proferri
756 3111 884 3182 possunt
913 3119 968 3163 nec
990 3119 1046 3182 per
1075 3119 1108 3164 se
1131 3099 1275 3183 syllabam
1304 3099 1426 3167 iaciunt.
1472 3111 1543 3165 suxit

224 3215 323 3268 autem
347 3223 475 3268 numero
499 3222 616 3276 novem,
642 3203 660 3267 b
677 3223 693 3266 c
710 3203 727 3271 d
744 3222 762 3285 g
778 3203 798 3264 b
815 3202 832 3265 Ιι
849 3223 868 3286 p
885 3224 904 3286 q
921 3211 940 3264 t.
987 3221 1023 3264 ex
1053 3203 1101 3267 liis
1130 3223 1336 3286 supervacuae
1363 3203 1543 3284 quibusdam

223 3309 362 3371 ridentur
385 3309 404 3371 lx
429 3318 458 3372 et
480 3328 514 3391 q.
545 3310 614 3390 quia
645 3327 661 3371 c
690 3307 789 3370 littera
818 3305 927 3370 lxorum
956 3307 1055 3369 locum
1085 3307 1179 3390 possit
1200 3307 1338 3389 implere.
1377 3307 1397 3370 n
1424 3327 1543 3391 quoque

224 3411 435 3494 adspirationis
464 3424 581 3484 notam,
617 3430 676 3474 uon
705 3410 838 3474 litteram
874 3413 1093 3474 existimamus.
1134 3432 1150 3494 y
1179 3421 1210 3474 et
1236 3431 1251 3473 a
1281 3419 1405 3494 propter
1433 3430 1541 3493 graeca

225 3519 345 3580 uomina
369 3517 566 3580 admittimus.

188 3644 212 3686 ιε
309 3621 419 3684 Littera
451 3628 497 3683 est
525 3620 674 3683 humanae
705 3621 786 3682 vocis
814 3637 893 3699 pars.
944 3618 1062 3681 litterae
1094 3637 1237 3682 romanae
1272 3619 1309 3682 ad
1342 3623 1541 3683 imitationem

224 3741 401 3802 graecarum
431 3727 537 3790 laetae.
575 3743 666 3786 novas
695 3723 784 3787 etiam
807 3721 928 3795 liabent,
961 3731 993 3786 nt
1016 3723 1035 3784 lx
1059 3743 1078 3805 q
1103 3742 1128 3786 ι.
1165 3725 1236 3787 ἰιειιι
1259 3725 1430 3807 superlluos
1452 3743 1539 3806 quas·

307 3935 323 3982 2
350 3931 432 3982 omno
456 3958 489 3969 -
512 3931 664 3985 seutentiam
690 3933 772 3984 Dion.
798 3933 862 3992 000,
887 3934 920 3982 18
944 3931 1020 3982 Oion.
1049 3931 1108 3985 Τὴν.
1134 3933 1199 3988 031.
1231 3935 1248 3982 3
1270 3933 1349 3984 celrol.
1375 3933 1450 3984 Ilion.
1478 3931 1538 3983 Tdr.

222 4003 281 4065 010,
300 4005 316 4052 8
389 4005 422 4053 14
444 4002 563 4052 occidnut
585 4001 630 4052 uui
649 4001 741 4064 cuique
759 4000 909 4052 litterae-
929 4001 962 4051 29
981 3999 1141 4050 nduriuimns
1162 4001 1262 4053 Ciceris.
1282 4005 1358 4064 7-8,
1379 4005 1412 4052 20
1441 4002 1539 4053 Dositl.

224 4073 265 4133 12,
283 4072 420 4136 5-13,³
447 4069 524 4122 Mae.
547 4069 649 4126 Victor.
671 4073 738 4121 1911
766 4071 920 4124 Iliorum
950 4069 1015 4122 Don.
1036 4072 1088 4121 307

222 4277 288 4322 εεει,
310 4275 357 4311 εει
374 4277 389 4311 ε
409 4275 462 4325 quo
486 4260 690 4326 rxnumquodque
713 4261 793 4312 eximit
810 4261 1006 4320 incrementum,
1029 4269 1054 4311 et
1078 4261 1103 4310 in
1128 4259 1198 4324 quod
1222 4259 1369 4313 resoluitur.
1395 4259 1477 4310 omnio
1502 4273 1541 4310 est

223 4331 349 4381 ontinnrio
374 4329 414 4381 uei
438 4331 595 4397 compositio
617 4330 760 4382 dictionum
784 4329 987 4396 significantium
1006 4331 1154 4380 continuam
1175 4329 1328 4380 sontarninm
1351 4342 1368 4385 ς
1443 4330 1541 4392 aquid

222 4403 329 4452 deletion
347 4405 387 4449 εει
405 4401 432 4450 in
453 4399 486 4462 B,
505 4416 552 4453 om.
577 4412 594 4456 ς
664 4401 679 4452 6
698 4413 778 4464 qxxare
796 4400 858 4463 quia
877 4398 948 4462 tpuod
966 4399 1061 4465 legenti
1073 4401 1158 4451 deleto
1176 4401 1238 4461 qrria
1257 4398 1289 4450 B.
1306 4399 1422 4462 fortasse
1441 4401 1538 4460 ιιεειει

222 4471 281 4532 qnia
299 4469 395 4536 legitur
413 4469 453 4518 vel
473 4469 542 4530 quod
562 4468 655 4536 legenti
675 4472 724 4520 iter
742 4469 860 4536 praebet:
880 4469 915 4532 ef.
936 4469 1017 4519 Diona.
1036 4485 1061 4533 p.
1081 4473 1142 4533 121,
1156 4471 1191 4518 20
1260 4468 1365 4530 qxxldnm
1385 4466 1446 4528 qnid
1466 4468 1540 4517 dixe-

223 4549 279 4589 xnut
292 4541 316 4590 A
335 4537 445 4602 qrxidnm
459 4537 529 4600 q'uid'
544 4537 579 4598 id.
592 4553 615 4589 e.
629 4539 746 4602 quidem)
765 4537 887 4588 dixerunt
904 4535 930 4586 B
949 4537 1053 4600 qxxirlnnr
1067 4538 1189 4588 dixerunt
1207 4549 1224 4592 ς
1293 4539 1309 4587 9
1329 4535 1367 4585 εει
1387 4547 1415 4584 ιιι
1433 4537 1540 4586 minimo

222 4623 280 4672 pars
299 4623 335 4660 ex
352 4607 457 4674 culpari
473 4607 545 4671 opud
560 4609 740 4674 prnmrunlicos
752 4608 900 4671 definitione
913 4608 1015 4657 litterae
1035 4607 1168 4672 (Diorux).
1185 4607 1293 4668 121,15
1316 4606 1382 4658 Dnn.
1394 4621 1422 4670 p.
1437 4607 1497 4666 307,
1511 4608 1538 4669 0)

223 4678 309 4728 addito
326 4693 385 4729 ease
404 4677 526 4727 uidentur
604 4681 633 4729 11
654 4692 734 4742 quare
752 4693 799 4728 εει.
819 4674 911 4732 Alie
993 4678 1022 4726 17
1042 4691 1148 4726 rrrrmexo
1165 4693 1213 4728 ona
1233 4677 1257 4726 al
1271 4671 1326 4730 Βς
1404 4675 1437 4724 27
1457 4673 1539 4724 Ιίιιειε

222 4761 266 4796 εει,
284 4745 317 4808 Α,
336 4747 400 4798 add.
421 4762 438 4796 u
509 4745 543 4796 28
563 4759 613 4796 nou
632 4746 742 4798 litternnx
761 4745 922 4795 admittimus
941 4739 1174 4796 scd'ncstirnnmus
1194 4743 1218 4795 A
1232 4743 1257 4794 B
1327 4746 1357 4795 31
1377 4743 1493 4806 l'ortusse
1513 4757 1540 4794 ut

122 4864 127 4874 ,
223 4814 284 4879 ibn
300 4832 321 4875 v,
339 4821 365 4868 ri
381 4815 461 4866 morio
480 4829 546 4880 quae
564 4817 595 4867 de
612 4817 631 4880 s
644 4819 732 4868 littera
750 4819 868 4882 leputatur
877 4819 902 4874 6,
914 4818 929 4866 4
942 4816 974 4866 ab
994 4816 1051 4883 ipro
1068 4817 1202 4867 Victorino
1215 4815 1325 4879 scripta,
1346 4829 1396 4864 aron
1413 4813 1445 4863 ub
1458 4815 1533 4865 iater-

220 4887 332 4949 polutore
349 4887 449 4938 addita
467 4889 527 4935 ειιιιι
