<?xml version="1.0" encoding="UTF-8"?>
<!DOCTYPE html PUBLIC "-//W3C//DTD XHTML 1.0 Transitional//EN"
    "http://www.w3.org/TR/xhtml1/DTD/xhtml1-transitional.dtd">
<html xmlns="http://www.w3.org/1999/xhtml" xml:lang="en" lang="en">
 <head>
  <title>
</title>
<meta http-equiv="Content-Type" content="text/html;charset=utf-8" />
  <meta name='ocr-system' content='tesseract 3.04.00' />
  <meta name='ocr-capabilities' content='ocr_page ocr_carea ocr_par ocr_line ocrx_word'/>
</head>
<body>
  <div class='ocr_page' id='page_1' title='image "./grammaticilatin05hagagoog_0439.png"; bbox 0 0 3888 5550; ppageno 0'>
   <div class='ocr_carea' id='block_1_1' title="bbox 284 354 1057 494">
    <p class='ocr_par' dir='ltr' id='par_1_1' title="bbox 284 354 1057 494">
     <span class='ocr_line' id='line_1_1' title="bbox 853 354 1057 404; baseline 0.005 -1"><span class='ocrx_word' id='word_1_1' title='bbox 853 354 901 404; x_wconf 74' lang='lat' dir='ltr'><strong>Dm</strong></span> <span class='ocrx_word' id='word_1_2' title='bbox 925 354 1057 404; x_wconf 72' lang='lat' dir='ltr'><strong>insanis</strong></span> 
     </span>
     <span class='ocr_line' id='line_1_2' title="bbox 284 443 409 494; baseline -0.032 -8"><span class='ocrx_word' id='word_1_3' title='bbox 284 455 306 494; x_wconf 80' lang='lat' dir='ltr'><strong>p.</strong></span> <span class='ocrx_word' id='word_1_4' title='bbox 317 443 370 486; x_wconf 67' lang='lat' dir='ltr'><strong>iud</strong></span> <span class='ocrx_word' id='word_1_5' title='bbox 383 443 409 484; x_wconf 66' lang='grc' dir='ltr'><strong>ι’.</strong></span> 
     </span>
    </p>
   </div>
   <div class='ocr_carea' id='block_1_2' title="bbox 424 531 1478 4126">
    <p class='ocr_par' dir='ltr' id='par_1_2' title="bbox 424 531 1478 4126">
     <span class='ocr_line' id='line_1_3' title="bbox 540 531 1239 614; baseline 0.006 -22"><span class='ocrx_word' id='word_1_6' title='bbox 540 531 709 614; x_wconf 85' lang='lat' dir='ltr'><strong>spondeum</strong></span> <span class='ocrx_word' id='word_1_7' title='bbox 733 531 881 614; x_wconf 80' lang='lat' dir='ltr'>siquidem</span> <span class='ocrx_word' id='word_1_8' title='bbox 907 534 986 596; x_wconf 88' lang='lat' dir='ltr'><strong>later</strong></span> <span class='ocrx_word' id='word_1_9' title='bbox 1009 542 1040 595; x_wconf 92' lang='lat' dir='ltr'><strong>et</strong></span> <span class='ocrx_word' id='word_1_10' title='bbox 1062 532 1239 597; x_wconf 87' lang='lat' dir='ltr'><strong>secundum.</strong></span> 
     </span>
     <span class='ocr_line' id='line_1_4' title="bbox 475 635 1178 718; baseline 0.007 -24"><span class='ocrx_word' id='word_1_11' title='bbox 475 651 633 716; x_wconf 72' lang='lat' dir='ltr'><strong>ausoquem</strong></span> <span class='ocrx_word' id='word_1_12' title='bbox 656 635 715 696; x_wconf 82' lang='lat' dir='ltr'><strong>scis</strong></span> <span class='ocrx_word' id='word_1_13' title='bbox 738 635 877 716; x_wconf 75' lang='lat' dir='ltr'>dactylon</span> <span class='ocrx_word' id='word_1_14' title='bbox 902 635 951 700; x_wconf 77' lang='lat' dir='ltr'><strong>iiio</strong></span> <span class='ocrx_word' id='word_1_15' title='bbox 973 635 1073 699; x_wconf 83' lang='lat' dir='ltr'><strong>solere</strong></span> <span class='ocrx_word' id='word_1_16' title='bbox 1096 640 1178 718; x_wconf 86' lang='lat' dir='ltr'><strong>poni,</strong></span> 
     </span>
     <span class='ocr_line' id='line_1_5' title="bbox 539 737 1113 822; baseline 0.003 -22"><span class='ocrx_word' id='word_1_17' title='bbox 539 739 566 800; x_wconf 87' lang='lat' dir='ltr'><strong>si</strong></span> <span class='ocrx_word' id='word_1_18' title='bbox 589 737 692 801; x_wconf 85' lang='lat' dir='ltr'><strong>trudas</strong></span> <span class='ocrx_word' id='word_1_19' title='bbox 716 749 898 818; x_wconf 79' lang='lat' dir='ltr'><strong>anapaestos</strong></span> <span class='ocrx_word' id='word_1_20' title='bbox 922 741 1113 822; x_wconf 80' lang='lat' dir='ltr'><strong>insanasque,</strong></span> 
     </span>
     <span class='ocr_line' id='line_1_6' title="bbox 539 840 1133 921; baseline 0 -19"><span class='ocrx_word' id='word_1_21' title='bbox 539 843 646 921; x_wconf 79' lang='lat' dir='ltr'><strong>iungas</strong></span> <span class='ocrx_word' id='word_1_22' title='bbox 669 849 788 914; x_wconf 85' lang='lat' dir='ltr'><strong>cetera,</strong></span> <span class='ocrx_word' id='word_1_23' title='bbox 812 844 871 904; x_wconf 91' lang='lat' dir='ltr'><strong>iam</strong></span> <span class='ocrx_word' id='word_1_24' title='bbox 897 840 1012 904; x_wconf 84' lang='lat' dir='ltr'><strong>ridebis</strong></span> <span class='ocrx_word' id='word_1_25' title='bbox 1034 843 1133 921; x_wconf 86' lang='lat' dir='ltr'><strong>ipsum</strong></span> 
     </span>
     <span class='ocr_line' id='line_1_7' title="bbox 802 969 1119 1011; baseline -0.013 1"><span class='ocrx_word' id='word_1_26' title='bbox 802 971 820 1011; x_wconf 59' lang='lat'><em>2</em></span> <span class='ocrx_word' id='word_1_27' title='bbox 951 971 969 1011; x_wconf 57' lang='lat' dir='ltr'><strong>t</strong></span> <span class='ocrx_word' id='word_1_28' title='bbox 1101 969 1119 1008; x_wconf 72' lang='grc'><em>*</em></span> 
     </span>
     <span class='ocr_line' id='line_1_8' title="bbox 538 1046 1106 1128; baseline 0.002 -20"><span class='ocrx_word' id='word_1_29' title='bbox 538 1058 683 1109; x_wconf 83' lang='lat' dir='ltr'><strong>consueto</strong></span> <span class='ocrx_word' id='word_1_30' title='bbox 708 1046 784 1128; x_wconf 86' lang='lat' dir='ltr'><strong>pede</strong></span> <span class='ocrx_word' id='word_1_31' title='bbox 807 1047 938 1110; x_wconf 87' lang='lat' dir='ltr'><strong>Sotaden</strong></span> <span class='ocrx_word' id='word_1_32' title='bbox 961 1047 1106 1111; x_wconf 88' lang='lat' dir='ltr'><strong>locutum.</strong></span> 
     </span>
     <span class='ocr_line' id='line_1_9' title="bbox 539 1149 1242 1214; baseline -0.003 0"><span class='ocrx_word' id='word_1_33' title='bbox 539 1169 687 1214; x_wconf 87' lang='lat' dir='ltr'><strong>carmen</strong></span> <span class='ocrx_word' id='word_1_34' title='bbox 712 1149 887 1212; x_wconf 78' lang='lat' dir='ltr'>Pierides</span> <span class='ocrx_word' id='word_1_35' title='bbox 910 1150 1056 1212; x_wconf 89' lang='lat' dir='ltr'><strong>dabunt</strong></span> <span class='ocrx_word' id='word_1_36' title='bbox 1077 1169 1242 1214; x_wconf 89' lang='lat' dir='ltr'><strong>sorores.</strong></span> 
     </span>
     <span class='ocr_line' id='line_1_10' title="bbox 475 1251 1233 1335; baseline 0.007 -22"><span class='ocrx_word' id='word_1_37' title='bbox 475 1269 527 1313; x_wconf 77' lang='lat' dir='ltr'><strong>asso</strong></span> <span class='ocrx_word' id='word_1_38' title='bbox 543 1257 568 1316; x_wconf 89' lang='lat' dir='ltr'><strong>si</strong></span> <span class='ocrx_word' id='word_1_39' title='bbox 593 1256 689 1317; x_wconf 88' lang='lat' dir='ltr'><strong>dicam</strong></span> <span class='ocrx_word' id='word_1_40' title='bbox 714 1251 882 1334; x_wconf 86' lang='lat' dir='ltr'><strong>lepidae.</strong></span> <span class='ocrx_word' id='word_1_41' title='bbox 907 1253 1004 1335; x_wconf 88' lang='lat' dir='ltr'><strong>palam</strong></span> <span class='ocrx_word' id='word_1_42' title='bbox 1029 1263 1074 1316; x_wconf 89' lang='lat' dir='ltr'><strong>est</strong></span> <span class='ocrx_word' id='word_1_43' title='bbox 1097 1257 1233 1333; x_wconf 83' lang='lat' dir='ltr'><strong>prolecto</strong></span> 
     </span>
     <span class='ocr_line' id='line_1_11' title="bbox 540 1358 1220 1438; baseline -0.001 -18"><span class='ocrx_word' id='word_1_44' title='bbox 540 1358 619 1438; x_wconf 92' lang='lat' dir='ltr'><strong>quod</strong></span> <span class='ocrx_word' id='word_1_45' title='bbox 643 1359 683 1420; x_wconf 88' lang='lat' dir='ltr'><strong>sit</strong></span> <span class='ocrx_word' id='word_1_46' title='bbox 707 1373 759 1436; x_wconf 84' lang='lat' dir='ltr'><strong>pes</strong></span> <span class='ocrx_word' id='word_1_47' title='bbox 783 1366 973 1438; x_wconf 74' lang='lat' dir='ltr'>anapaestus.</span> <span class='ocrx_word' id='word_1_48' title='bbox 1019 1359 1123 1420; x_wconf 85' lang='lat' dir='ltr'><strong>insero</strong></span> <span class='ocrx_word' id='word_1_49' title='bbox 1146 1375 1220 1438; x_wconf 81' lang='lat' dir='ltr'><strong>ergo</strong></span> 
     </span>
     <span class='ocr_line' id='line_1_12' title="bbox 538 1459 1166 1544; baseline 0 -22"><span class='ocrx_word' id='word_1_50' title='bbox 538 1459 673 1544; x_wconf 83' lang='lat' dir='ltr'><strong>spondeo</strong></span> <span class='ocrx_word' id='word_1_51' title='bbox 697 1460 829 1522; x_wconf 87' lang='lat' dir='ltr'><strong>medium</strong></span> <span class='ocrx_word' id='word_1_52' title='bbox 854 1469 944 1542; x_wconf 88' lang='lat' dir='ltr'><strong>atque</strong></span> <span class='ocrx_word' id='word_1_53' title='bbox 968 1464 1166 1540; x_wconf 77' lang='lat' dir='ltr'><strong>consequenti</strong></span> 
     </span>
     <span class='ocr_line' id='line_1_13' title="bbox 541 1561 1185 1643; baseline -0.002 -17"><span class='ocrx_word' id='word_1_54' title='bbox 541 1565 598 1626; x_wconf 83' lang='lat' dir='ltr'><strong>iroo</strong></span> <span class='ocrx_word' id='word_1_55' title='bbox 623 1581 731 1626; x_wconf 89' lang='lat' dir='ltr'><strong>nomen</strong></span> <span class='ocrx_word' id='word_1_56' title='bbox 756 1561 923 1643; x_wconf 87' lang='lat' dir='ltr'><strong>lepidae:</strong></span> <span class='ocrx_word' id='word_1_57' title='bbox 948 1565 981 1626; x_wconf 84' lang='lat' dir='ltr'><strong>dt</strong></span> <span class='ocrx_word' id='word_1_58' title='bbox 1003 1581 1093 1626; x_wconf 87' lang='lat' dir='ltr'><strong>omne</strong></span> <span class='ocrx_word' id='word_1_59' title='bbox 1117 1564 1185 1634; x_wconf 83' lang='lat' dir='ltr'><strong>talc,</strong></span> 
     </span>
     <span class='ocr_line' id='line_1_14' title="bbox 540 1664 1429 1746; baseline 0.004 -18"><span class='ocrx_word' id='word_1_60' title='bbox 540 1684 690 1728; x_wconf 87' lang='lat' dir='ltr'><strong>carmen</strong></span> <span class='ocrx_word' id='word_1_61' title='bbox 715 1664 867 1746; x_wconf 88' lang='lat' dir='ltr'><strong>lepidae</strong></span> <span class='ocrx_word' id='word_1_62' title='bbox 890 1665 1071 1730; x_wconf 82' lang='lat' dir='ltr'><strong>Pierides</strong></span> <span class='ocrx_word' id='word_1_63' title='bbox 1094 1665 1237 1731; x_wconf 90' lang='lat' dir='ltr'><strong>dabunt</strong></span> <span class='ocrx_word' id='word_1_64' title='bbox 1259 1687 1429 1732; x_wconf 84' lang='lat' dir='ltr'><strong>sorores.</strong></span> 
     </span>
     <span class='ocr_line' id='line_1_15' title="bbox 475 1768 1105 1850; baseline 0.006 -22"><span class='ocrx_word' id='word_1_65' title='bbox 475 1783 527 1828; x_wconf 73' lang='lat' dir='ltr'><strong>ssu</strong></span> <span class='ocrx_word' id='word_1_66' title='bbox 541 1768 656 1832; x_wconf 86' lang='lat' dir='ltr'><strong>idcirco</strong></span> <span class='ocrx_word' id='word_1_67' title='bbox 680 1787 776 1848; x_wconf 77' lang='lat' dir='ltr'><strong>genus</strong></span> <span class='ocrx_word' id='word_1_68' title='bbox 799 1768 857 1832; x_wconf 87' lang='lat' dir='ltr'><strong>hoc</strong></span> <span class='ocrx_word' id='word_1_69' title='bbox 879 1768 1105 1850; x_wconf 82' lang='lat' dir='ltr'><strong>plialaeciorum</strong></span> 
     </span>
     <span class='ocr_line' id='line_1_16' title="bbox 542 1870 1157 1954; baseline 0.008 -22"><span class='ocrx_word' id='word_1_70' title='bbox 542 1870 587 1934; x_wconf 81' lang='lat' dir='ltr'><strong>vir</strong></span> <span class='ocrx_word' id='word_1_71' title='bbox 610 1873 802 1934; x_wconf 86' lang='lat' dir='ltr'><strong>doctissimus</strong></span> <span class='ocrx_word' id='word_1_72' title='bbox 826 1871 1039 1954; x_wconf 86' lang='lat' dir='ltr'><strong>undecumque</strong></span> <span class='ocrx_word' id='word_1_73' title='bbox 1062 1872 1157 1937; x_wconf 84' lang='lat' dir='ltr'><strong>Varro</strong></span> 
     </span>
     <span class='ocr_line' id='line_1_17' title="bbox 541 1975 1055 2054; baseline 0 -16"><span class='ocrx_word' id='word_1_74' title='bbox 541 1976 578 2038; x_wconf 89' lang='lat' dir='ltr'><strong>ad</strong></span> <span class='ocrx_word' id='word_1_75' title='bbox 601 1975 699 2054; x_wconf 80' lang='lat' dir='ltr'><strong>legem</strong></span> <span class='ocrx_word' id='word_1_76' title='bbox 723 1975 864 2054; x_wconf 80' lang='lat' dir='ltr'><strong>redigens</strong></span> <span class='ocrx_word' id='word_1_77' title='bbox 886 1976 1055 2038; x_wconf 82' lang='lat' dir='ltr'><strong>ionicorum</strong></span> 
     </span>
     <span class='ocr_line' id='line_1_18' title="bbox 461 2079 1134 2149; baseline 0 -8"><span class='ocrx_word' id='word_1_78' title='bbox 461 2146 463 2149; x_wconf 60' lang='grc'>,</span> <span class='ocrx_word' id='word_1_79' title='bbox 541 2079 611 2142; x_wconf 86' lang='lat' dir='ltr'><strong>irinc</strong></span> <span class='ocrx_word' id='word_1_80' title='bbox 635 2087 720 2142; x_wconf 90' lang='lat' dir='ltr'><strong>natos</strong></span> <span class='ocrx_word' id='word_1_81' title='bbox 743 2081 785 2140; x_wconf 90' lang='lat' dir='ltr'><strong>ait</strong></span> <span class='ocrx_word' id='word_1_82' title='bbox 808 2095 890 2148; x_wconf 87' lang='lat' dir='ltr'><strong>esse,</strong></span> <span class='ocrx_word' id='word_1_83' title='bbox 914 2079 967 2141; x_wconf 89' lang='lat' dir='ltr'><strong>scd</strong></span> <span class='ocrx_word' id='word_1_84' title='bbox 991 2081 1134 2142; x_wconf 81' lang='lat' dir='ltr'><strong>minores.</strong></span> 
     </span>
     <span class='ocr_line' id='line_1_19' title="bbox 583 2181 1220 2262; baseline 0 -16"><span class='ocrx_word' id='word_1_85' title='bbox 583 2181 671 2246; x_wconf 88' lang='lat' dir='ltr'><strong>Nunc</strong></span> <span class='ocrx_word' id='word_1_86' title='bbox 694 2182 814 2254; x_wconf 84' lang='lat' dir='ltr'><strong>divisio,</strong></span> <span class='ocrx_word' id='word_1_87' title='bbox 838 2200 926 2262; x_wconf 86' lang='lat' dir='ltr'><strong>quam</strong></span> <span class='ocrx_word' id='word_1_88' title='bbox 951 2181 1126 2262; x_wconf 83' lang='lat' dir='ltr'><strong>loquemur,</strong></span> <span class='ocrx_word' id='word_1_89' title='bbox 1150 2182 1220 2246; x_wconf 86' lang='lat' dir='ltr'><strong>edet</strong></span> 
     </span>
     <span class='ocr_line' id='line_1_20' title="bbox 475 2287 1159 2367; baseline 0.003 -22"><span class='ocrx_word' id='word_1_90' title='bbox 475 2301 528 2344; x_wconf 80' lang='lat' dir='ltr'><strong>aneo</strong></span> <span class='ocrx_word' id='word_1_91' title='bbox 542 2295 672 2348; x_wconf 85' lang='lat' dir='ltr'><strong>metrum</strong></span> <span class='ocrx_word' id='word_1_92' title='bbox 696 2303 756 2367; x_wconf 88' lang='lat' dir='ltr'><strong>quo</strong></span> <span class='ocrx_word' id='word_1_93' title='bbox 779 2293 950 2348; x_wconf 86' lang='lat' dir='ltr'><strong>memorant</strong></span> <span class='ocrx_word' id='word_1_94' title='bbox 971 2287 1159 2349; x_wconf 78' lang='lat' dir='ltr'><strong>Arracreauta</strong></span> 
     </span>
     <span class='ocr_line' id='line_1_21' title="bbox 541 2388 1072 2470; baseline 0.002 -19"><span class='ocrx_word' id='word_1_95' title='bbox 541 2388 645 2452; x_wconf 90' lang='lat' dir='ltr'><strong>dulces</strong></span> <span class='ocrx_word' id='word_1_96' title='bbox 669 2390 875 2470; x_wconf 79' lang='lat' dir='ltr'><strong>composuisse</strong></span> <span class='ocrx_word' id='word_1_97' title='bbox 898 2390 1072 2452; x_wconf 77' lang='lat' dir='ltr'><strong>cantilenas.</strong></span> 
     </span>
     <span class='ocr_line' id='line_1_22' title="bbox 542 2493 1064 2564; baseline 0 -10"><span class='ocrx_word' id='word_1_98' title='bbox 542 2493 599 2556; x_wconf 89' lang='lat' dir='ltr'><strong>hoc</strong></span> <span class='ocrx_word' id='word_1_99' title='bbox 623 2493 784 2556; x_wconf 81' lang='lat' dir='ltr'><strong>Petronius</strong></span> <span class='ocrx_word' id='word_1_100' title='bbox 806 2493 957 2556; x_wconf 82' lang='lat' dir='ltr'><strong>invenitur</strong></span> <span class='ocrx_word' id='word_1_101' title='bbox 982 2511 1064 2564; x_wconf 88' lang='lat' dir='ltr'><strong>usus,</strong></span> 
     </span>
     <span class='ocr_line' id='line_1_23' title="bbox 541 2595 1148 2677; baseline 0.003 -21"><span class='ocrx_word' id='word_1_102' title='bbox 541 2595 636 2658; x_wconf 86' lang='lat' dir='ltr'><strong>llusls</strong></span> <span class='ocrx_word' id='word_1_103' title='bbox 658 2615 727 2660; x_wconf 87' lang='lat' dir='ltr'><strong>oum</strong></span> <span class='ocrx_word' id='word_1_104' title='bbox 750 2595 878 2677; x_wconf 75' lang='lat' dir='ltr'><strong>lyricum</strong></span> <span class='ocrx_word' id='word_1_105' title='bbox 902 2597 998 2658; x_wconf 87' lang='lat' dir='ltr'><strong>relert</strong></span> <span class='ocrx_word' id='word_1_106' title='bbox 1020 2597 1148 2658; x_wconf 83' lang='lat' dir='ltr'><strong>eundum</strong></span> 
     </span>
     <span class='ocr_line' id='line_1_24' title="bbox 543 2697 1053 2773; baseline 0.004 -11"><span class='ocrx_word' id='word_1_107' title='bbox 543 2702 741 2763; x_wconf 77' lang='lat' dir='ltr'><strong>consonantia</strong></span> <span class='ocrx_word' id='word_1_108' title='bbox 766 2697 858 2762; x_wconf 87' lang='lat' dir='ltr'><strong>verba</strong></span> <span class='ocrx_word' id='word_1_109' title='bbox 882 2701 1053 2773; x_wconf 88' lang='lat' dir='ltr'><strong>cantitassc,</strong></span> 
     </span>
     <span class='ocr_line' id='line_1_25' title="bbox 424 2793 1086 2886; baseline 0.009 -26"><span class='ocrx_word' id='word_1_110' title='bbox 424 2840 427 2849; x_wconf 86' lang='lat'>-</span> <span class='ocrx_word' id='word_1_111' title='bbox 477 2812 573 2866; x_wconf 76' lang='lat' dir='ltr'><strong>mouet</strong></span> <span class='ocrx_word' id='word_1_112' title='bbox 594 2793 698 2886; x_wconf 87' lang='lat' dir='ltr'><strong>piures</strong></span> <span class='ocrx_word' id='word_1_113' title='bbox 720 2801 781 2865; x_wconf 89' lang='lat' dir='ltr'><strong>aiii.</strong></span> <span class='ocrx_word' id='word_1_114' title='bbox 825 2803 877 2866; x_wconf 89' lang='lat' dir='ltr'><strong>sed</strong></span> <span class='ocrx_word' id='word_1_115' title='bbox 902 2805 958 2866; x_wconf 84' lang='lat' dir='ltr'><strong>iste</strong></span> <span class='ocrx_word' id='word_1_116' title='bbox 983 2821 1086 2866; x_wconf 80' lang='lat' dir='ltr'><strong>versus</strong></span> 
     </span>
     <span class='ocr_line' id='line_1_26' title="bbox 542 2905 1116 2989; baseline 0 -21"><span class='ocrx_word' id='word_1_117' title='bbox 542 2905 622 2989; x_wconf 89' lang='lat' dir='ltr'><strong>quali</strong></span> <span class='ocrx_word' id='word_1_118' title='bbox 645 2908 832 2986; x_wconf 85' lang='lat' dir='ltr'><strong>compositus</strong></span> <span class='ocrx_word' id='word_1_119' title='bbox 856 2915 936 2968; x_wconf 84' lang='lat' dir='ltr'><strong>torae</strong></span> <span class='ocrx_word' id='word_1_120' title='bbox 960 2907 998 2968; x_wconf 88' lang='lat' dir='ltr'><strong>sit</strong></span> <span class='ocrx_word' id='word_1_121' title='bbox 1022 2907 1116 2982; x_wconf 85' lang='lat' dir='ltr'><strong>edam,</strong></span> 
     </span>
     <span class='ocr_line' id='line_1_27' title="bbox 542 3008 1278 3090; baseline 0.001 -18"><span class='ocrx_word' id='word_1_122' title='bbox 542 3011 736 3072; x_wconf 80' lang='lat' dir='ltr'><strong>‘iuverunt</strong></span> <span class='ocrx_word' id='word_1_123' title='bbox 759 3020 913 3090; x_wconf 71' lang='lat' dir='ltr'><strong>segetes</strong></span> <span class='ocrx_word' id='word_1_124' title='bbox 937 3027 1052 3072; x_wconf 86' lang='lat' dir='ltr'><strong>meum</strong></span> <span class='ocrx_word' id='word_1_125' title='bbox 1077 3008 1278 3072; x_wconf 82' lang='lat' dir='ltr'><strong>iaborem’.</strong></span> 
     </span>
     <span class='ocr_line' id='line_1_28' title="bbox 542 3112 1185 3193; baseline -0.002 -19"><span class='ocrx_word' id='word_1_126' title='bbox 542 3114 738 3184; x_wconf 82' lang='lat' dir='ltr'><strong>iuverunt,</strong></span> <span class='ocrx_word' id='word_1_127' title='bbox 763 3121 853 3193; x_wconf 86' lang='lat' dir='ltr'><strong>caput</strong></span> <span class='ocrx_word' id='word_1_128' title='bbox 877 3121 922 3174; x_wconf 91' lang='lat' dir='ltr'><strong>est</strong></span> <span class='ocrx_word' id='word_1_129' title='bbox 945 3115 979 3174; x_wconf 80' lang='lat' dir='ltr'><strong>id</strong></span> <span class='ocrx_word' id='word_1_130' title='bbox 1001 3112 1185 3174; x_wconf 77' lang='lat' dir='ltr'><strong>noxarum-i:</strong></span> 
     </span>
     <span class='ocr_line' id='line_1_29' title="bbox 541 3215 1104 3297; baseline -0.005 -17"><span class='ocrx_word' id='word_1_131' title='bbox 541 3218 567 3280; x_wconf 83' lang='lat' dir='ltr'><strong>ai</strong></span> <span class='ocrx_word' id='word_1_132' title='bbox 591 3233 680 3280; x_wconf 89' lang='lat' dir='ltr'><strong>cures</strong></span> <span class='ocrx_word' id='word_1_133' title='bbox 704 3215 837 3296; x_wconf 88' lang='lat' dir='ltr'><strong>reliquos</strong></span> <span class='ocrx_word' id='word_1_134' title='bbox 861 3215 954 3297; x_wconf 90' lang='lat' dir='ltr'><strong>pedes</strong></span> <span class='ocrx_word' id='word_1_135' title='bbox 978 3216 1104 3288; x_wconf 84' lang='lat' dir='ltr'><strong>relerre,</strong></span> 
     </span>
     <span class='ocr_line' id='line_1_30' title="bbox 477 3321 1478 3384; baseline 0.001 -2"><span class='ocrx_word' id='word_1_136' title='bbox 477 3323 724 3384; x_wconf 76' lang='lat' dir='ltr'><strong>meoiuverunt</strong></span> <span class='ocrx_word' id='word_1_137' title='bbox 747 3322 909 3381; x_wconf 87' lang='lat' dir='ltr'><strong>animum</strong></span> <span class='ocrx_word' id='word_1_138' title='bbox 934 3337 1061 3382; x_wconf 85' lang='lat' dir='ltr'><strong>versus</strong></span> <span class='ocrx_word' id='word_1_139' title='bbox 1086 3337 1125 3380; x_wconf 83' lang='lat' dir='ltr'><strong>ex</strong></span> <span class='ocrx_word' id='word_1_140' title='bbox 1150 3323 1317 3383; x_wconf 77' lang='lat' dir='ltr'><strong>carmine</strong></span> <span class='ocrx_word' id='word_1_141' title='bbox 1341 3321 1478 3384; x_wconf 79' lang='lat' dir='ltr'><strong>Flacci.</strong></span> 
     </span>
     <span class='ocr_line' id='line_1_31' title="bbox 544 3422 1287 3504; baseline -0.003 -16"><span class='ocrx_word' id='word_1_142' title='bbox 544 3425 621 3504; x_wconf 90' lang='lat' dir='ltr'><strong>quod</strong></span> <span class='ocrx_word' id='word_1_143' title='bbox 646 3433 754 3494; x_wconf 84' lang='lat' dir='ltr'><strong>restat,</strong></span> <span class='ocrx_word' id='word_1_144' title='bbox 779 3432 932 3502; x_wconf 83' lang='lat' dir='ltr'><strong>segetes</strong></span> <span class='ocrx_word' id='word_1_145' title='bbox 956 3443 1072 3486; x_wconf 77' lang='lat' dir='ltr'><strong>merim</strong></span> <span class='ocrx_word' id='word_1_146' title='bbox 1098 3422 1287 3493; x_wconf 81' lang='lat' dir='ltr'><strong>laborem,</strong></span> 
     </span>
     <span class='ocr_line' id='line_1_32' title="bbox 545 3525 1254 3607; baseline -0.003 -17"><span class='ocrx_word' id='word_1_147' title='bbox 545 3527 603 3590; x_wconf 91' lang='lat' dir='ltr'><strong>tale</strong></span> <span class='ocrx_word' id='word_1_148' title='bbox 626 3537 687 3598; x_wconf 86' lang='lat' dir='ltr'><strong>est,</strong></span> <span class='ocrx_word' id='word_1_149' title='bbox 712 3545 767 3590; x_wconf 89' lang='lat' dir='ltr'><strong>ceu</strong></span> <span class='ocrx_word' id='word_1_150' title='bbox 792 3525 956 3607; x_wconf 78' lang='lat' dir='ltr'><strong>‘triplici</strong></span> <span class='ocrx_word' id='word_1_151' title='bbox 981 3527 1086 3588; x_wconf 82' lang='lat' dir='ltr'><strong>rides</strong></span> <span class='ocrx_word' id='word_1_152' title='bbox 1111 3539 1147 3589; x_wconf 91' lang='lat' dir='ltr'><strong>ut</strong></span> <span class='ocrx_word' id='word_1_153' title='bbox 1169 3537 1254 3588; x_wconf 91' lang='lat' dir='ltr'><strong>ortu</strong></span> 
     </span>
     <span class='ocr_line' id='line_1_33' title="bbox 544 3631 1004 3708; baseline -0.004 -14"><span class='ocrx_word' id='word_1_154' title='bbox 544 3631 692 3694; x_wconf 85' lang='lat' dir='ltr'><strong>&#39;iriviae</strong></span> <span class='ocrx_word' id='word_1_155' title='bbox 716 3638 864 3691; x_wconf 88' lang='lat' dir='ltr'><strong>rotetur</strong></span> <span class='ocrx_word' id='word_1_156' title='bbox 888 3631 1004 3708; x_wconf 78' lang='lat' dir='ltr'><strong>ignis,</strong></span> 
     </span>
     <span class='ocr_line' id='line_1_34' title="bbox 545 3731 1053 3815; baseline 0.002 -22"><span class='ocrx_word' id='word_1_157' title='bbox 545 3733 765 3815; x_wconf 79' lang='lat' dir='ltr'><strong>volucrique</strong></span> <span class='ocrx_word' id='word_1_158' title='bbox 791 3731 961 3796; x_wconf 84' lang='lat' dir='ltr'><strong>Phoebus</strong></span> <span class='ocrx_word' id='word_1_159' title='bbox 984 3751 1053 3794; x_wconf 80' lang='lat' dir='ltr'><strong>axe</strong></span> 
     </span>
     <span class='ocr_line' id='line_1_35' title="bbox 479 3834 1098 3918; baseline 0 -22"><span class='ocrx_word' id='word_1_160' title='bbox 479 3835 718 3918; x_wconf 77' lang='lat' dir='ltr'><strong>amarapidum</strong></span> <span class='ocrx_word' id='word_1_161' title='bbox 743 3846 918 3917; x_wconf 86' lang='lat' dir='ltr'><strong>pererret</strong></span> <span class='ocrx_word' id='word_1_162' title='bbox 941 3834 1098 3898; x_wconf 89' lang='lat' dir='ltr'><strong>orbem&#39;.</strong></span> 
     </span>
     <span class='ocr_line' id='line_1_36' title="bbox 546 3939 1218 4018; baseline -0.003 -15"><span class='ocrx_word' id='word_1_163' title='bbox 546 3959 605 4003; x_wconf 92' lang='lat' dir='ltr'><strong>non</strong></span> <span class='ocrx_word' id='word_1_164' title='bbox 631 3939 704 4002; x_wconf 90' lang='lat' dir='ltr'><strong>nulli</strong></span> <span class='ocrx_word' id='word_1_165' title='bbox 731 3953 848 4000; x_wconf 83' lang='lat' dir='ltr'><strong>metron</strong></span> <span class='ocrx_word' id='word_1_166' title='bbox 874 3939 930 4000; x_wconf 76' lang='lat' dir='ltr'><strong>icoc</strong></span> <span class='ocrx_word' id='word_1_167' title='bbox 955 3939 1047 4018; x_wconf 74' lang='lat' dir='ltr'><strong>caragis</strong></span> <span class='ocrx_word' id='word_1_168' title='bbox 1071 3949 1218 4018; x_wconf 80' lang='lat' dir='ltr'><strong>pritarunt</strong></span> 
     </span>
     <span class='ocr_line' id='line_1_37' title="bbox 546 4043 1114 4126; baseline -0.005 -21"><span class='ocrx_word' id='word_1_169' title='bbox 546 4044 625 4126; x_wconf 90' lang='lat' dir='ltr'><strong>quod</strong></span> <span class='ocrx_word' id='word_1_170' title='bbox 650 4045 688 4104; x_wconf 91' lang='lat' dir='ltr'><strong>sit</strong></span> <span class='ocrx_word' id='word_1_171' title='bbox 711 4051 829 4122; x_wconf 88' lang='lat' dir='ltr'><strong>postera</strong></span> <span class='ocrx_word' id='word_1_172' title='bbox 854 4059 923 4123; x_wconf 78' lang='lat' dir='ltr'><strong>qiars</strong></span> <span class='ocrx_word' id='word_1_173' title='bbox 947 4043 1114 4102; x_wconf 77' lang='lat' dir='ltr'><strong>ionicorum</strong></span> 
     </span>
    </p>
   </div>
   <div class='ocr_carea' id='block_1_3' title="bbox 290 4203 494 4216">
    <p class='ocr_par' dir='ltr' id='par_1_3' title="bbox 290 4203 494 4216">
     <span class='ocr_line' id='line_1_38' title="bbox 290 4203 494 4216; baseline 0 -2"><span class='ocrx_word' id='word_1_174' title='bbox 290 4203 494 4216; x_wconf 69' lang='lat' dir='ltr'><strong>—un—-s-</strong></span> 
     </span>
    </p>
   </div>
   <div class='ocr_carea' id='block_1_4' title="bbox 322 4265 1609 4422">
    <p class='ocr_par' dir='ltr' id='par_1_4' title="bbox 322 4265 1609 4422">
     <span class='ocr_line' id='line_1_39' title="bbox 356 4265 1609 4337; baseline -0.004 -14"><span class='ocrx_word' id='word_1_175' title='bbox 356 4273 424 4324; x_wconf 73' lang='lat'><strong>2846</strong></span> <span class='ocrx_word' id='word_1_176' title='bbox 443 4271 580 4337; x_wconf 74' lang='lat' dir='ltr'><strong>Arrprralr&#39;n.</strong></span> <span class='ocrx_word' id='word_1_177' title='bbox 603 4269 637 4319; x_wconf 82' lang='lat' dir='ltr'><strong>de</strong></span> <span class='ocrx_word' id='word_1_178' title='bbox 655 4269 701 4318; x_wconf 79' lang='lat' dir='ltr'><strong>clv.</strong></span> <span class='ocrx_word' id='word_1_179' title='bbox 725 4267 768 4316; x_wconf 79' lang='lat' dir='ltr'><strong>clet&#39;</strong></span> <span class='ocrx_word' id='word_1_180' title='bbox 792 4265 833 4315; x_wconf 88' lang='lat' dir='ltr'><strong>Vl</strong></span> <span class='ocrx_word' id='word_1_181' title='bbox 853 4269 868 4316; x_wconf 91' lang='grc'><strong>2</strong></span> <span class='ocrx_word' id='word_1_182' title='bbox 938 4267 1111 4318; x_wconf 71' lang='lat' dir='ltr'><strong>‘ista-2865</strong></span> <span class='ocrx_word' id='word_1_183' title='bbox 1132 4267 1206 4320; x_wconf 64' lang='lat' dir='ltr'><strong>illoti.</strong></span> <span class='ocrx_word' id='word_1_184' title='bbox 1230 4267 1326 4320; x_wconf 77' lang='lat' dir='ltr'><strong>Theocl.</strong></span> <span class='ocrx_word' id='word_1_185' title='bbox 1349 4285 1375 4334; x_wconf 82' lang='grc' dir='ltr'><strong>ρ.</strong></span> <span class='ocrx_word' id='word_1_186' title='bbox 1393 4273 1445 4321; x_wconf 70' lang='grc'><strong>544</strong></span> <span class='ocrx_word' id='word_1_187' title='bbox 1464 4271 1505 4322; x_wconf 86' lang='lat' dir='ltr'><strong>ed.</strong></span> <span class='ocrx_word' id='word_1_188' title='bbox 1525 4270 1609 4332; x_wconf 74' lang='lat' dir='ltr'><strong>Gaios.</strong></span> 
     </span>
     <span class='ocr_line' id='line_1_40' title="bbox 322 4351 1511 4422; baseline -0.003 -14"><span class='ocrx_word' id='word_1_189' title='bbox 322 4358 388 4409; x_wconf 74' lang='lat'><strong>2861</strong></span> <span class='ocrx_word' id='word_1_190' title='bbox 409 4359 545 4422; x_wconf 70' lang='lat' dir='ltr'><strong>Aequalin.</strong></span> <span class='ocrx_word' id='word_1_191' title='bbox 563 4357 596 4406; x_wconf 79' lang='lat' dir='ltr'><strong>de</strong></span> <span class='ocrx_word' id='word_1_192' title='bbox 615 4371 680 4408; x_wconf 77' lang='lat' dir='ltr'><strong>mua.</strong></span> <span class='ocrx_word' id='word_1_193' title='bbox 701 4351 768 4402; x_wconf 83' lang='lat'><em>1111</em></span> <span class='ocrx_word' id='word_1_194' title='bbox 789 4355 830 4404; x_wconf 81' lang='lat'><strong>1⁷.</strong></span> <span class='ocrx_word' id='word_1_195' title='bbox 850 4354 884 4401; x_wconf 76' lang='lat'><strong>2⁶</strong></span> <span class='ocrx_word' id='word_1_196' title='bbox 954 4354 1031 4404; x_wconf 76' lang='lat'><strong>2862.</strong></span> <span class='ocrx_word' id='word_1_197' title='bbox 1050 4353 1083 4405; x_wconf 81' lang='lat'><strong>63</strong></span> <span class='ocrx_word' id='word_1_198' title='bbox 1102 4354 1240 4421; x_wconf 74' lang='lat' dir='ltr'><strong>Aupmlla.</strong></span> <span class='ocrx_word' id='word_1_199' title='bbox 1258 4357 1291 4406; x_wconf 83' lang='lat' dir='ltr'><strong>de</strong></span> <span class='ocrx_word' id='word_1_200' title='bbox 1309 4372 1370 4406; x_wconf 78' lang='lat' dir='ltr'><strong>raras.</strong></span> <span class='ocrx_word' id='word_1_201' title='bbox 1391 4355 1460 4405; x_wconf 86' lang='grc'><em>1111</em></span> <span class='ocrx_word' id='word_1_202' title='bbox 1478 4358 1511 4405; x_wconf 76' lang='lat' dir='ltr'><strong>Id</strong></span> 
     </span>
    </p>
   </div>
   <div class='ocr_carea' id='block_1_5' title="bbox 284 4525 1611 4922">
    <p class='ocr_par' dir='ltr' id='par_1_5' title="bbox 284 4525 1611 4922">
     <span class='ocr_line' id='line_1_41' title="bbox 359 4525 1607 4595; baseline -0.004 -13"><span class='ocrx_word' id='word_1_203' title='bbox 359 4535 430 4595; x_wconf 80' lang='lat' dir='ltr'><strong>‘poet</strong></span> <span class='ocrx_word' id='word_1_204' title='bbox 448 4533 519 4582; x_wconf 78' lang='lat'><strong>2837</strong></span> <span class='ocrx_word' id='word_1_205' title='bbox 538 4528 637 4580; x_wconf 72' lang='lat' dir='ltr'><strong>earidd</strong></span> <span class='ocrx_word' id='word_1_206' title='bbox 656 4539 756 4584; x_wconf 74' lang='lat' dir='ltr'><strong>uersus,</strong></span> <span class='ocrx_word' id='word_1_207' title='bbox 776 4525 1023 4590; x_wconf 68' lang='lat' dir='ltr'><strong>quaerimoniam,</strong></span> <span class='ocrx_word' id='word_1_208' title='bbox 1044 4541 1095 4589; x_wconf 88' lang='lat' dir='ltr'><strong>qno</strong></span> <span class='ocrx_word' id='word_1_209' title='bbox 1115 4541 1195 4593; x_wconf 87' lang='lat' dir='ltr'><strong>supra</strong></span> <span class='ocrx_word' id='word_1_210' title='bbox 1209 4527 1253 4576; x_wconf 84' lang='lat' dir='ltr'><strong>tibi</strong></span> <span class='ocrx_word' id='word_1_211' title='bbox 1268 4526 1382 4577; x_wconf 79' lang='lat' dir='ltr'><strong>dixinrus</strong></span> <span class='ocrx_word' id='word_1_212' title='bbox 1398 4539 1509 4592; x_wconf 82' lang='lat' dir='ltr'><strong>poetam.</strong></span> <span class='ocrx_word' id='word_1_213' title='bbox 1547 4542 1607 4577; x_wconf 85' lang='lat' dir='ltr'><strong>oon·</strong></span> 
     </span>
     <span class='ocr_line' id='line_1_42' title="bbox 285 4611 1608 4679; baseline -0.004 -13"><span class='ocrx_word' id='word_1_214' title='bbox 285 4616 331 4679; x_wconf 77' lang='lat' dir='ltr'><strong>ser</strong></span> <span class='ocrx_word' id='word_1_215' title='bbox 355 4633 379 4666; x_wconf 84' lang='lat' dir='ltr'><strong>u.</strong></span> <span class='ocrx_word' id='word_1_216' title='bbox 399 4618 478 4666; x_wconf 78' lang='lat'><strong><em>1510’</em></strong></span> <span class='ocrx_word' id='word_1_217' title='bbox 503 4615 698 4665; x_wconf 75' lang='lat' dir='ltr'><strong>Locirmnmna:</strong></span> <span class='ocrx_word' id='word_1_218' title='bbox 721 4612 777 4662; x_wconf 79' lang='lat' dir='ltr'><strong>alne</strong></span> <span class='ocrx_word' id='word_1_219' title='bbox 800 4613 893 4661; x_wconf 81' lang='lat' dir='ltr'><strong>lacuna</strong></span> <span class='ocrx_word' id='word_1_220' title='bbox 917 4613 949 4662; x_wconf 89' lang='lat' dir='ltr'><em>M</em></span> <span class='ocrx_word' id='word_1_221' title='bbox 1017 4613 1084 4664; x_wconf 73' lang='lat'><strong>2853</strong></span> <span class='ocrx_word' id='word_1_222' title='bbox 1109 4611 1190 4662; x_wconf 80' lang='lat' dir='ltr'><strong>iiusis</strong></span> <span class='ocrx_word' id='word_1_223' title='bbox 1215 4627 1273 4661; x_wconf 82' lang='lat' dir='ltr'><strong>com</strong></span> <span class='ocrx_word' id='word_1_224' title='bbox 1297 4613 1433 4663; x_wconf 82' lang='lat' dir='ltr'><strong>Dawesa&#39;ua</strong></span> <span class='ocrx_word' id='word_1_225' title='bbox 1456 4619 1525 4665; x_wconf 80' lang='lat' dir='ltr'><strong>ariao.</strong></span> <span class='ocrx_word' id='word_1_226' title='bbox 1549 4615 1608 4662; x_wconf 78' lang='lat' dir='ltr'><strong>crit.</strong></span> 
     </span>
     <span class='ocr_line' id='line_1_43' title="bbox 284 4696 1610 4767; baseline -0.003 -17"><span class='ocrx_word' id='word_1_227' title='bbox 284 4719 314 4767; x_wconf 82' lang='lat' dir='ltr'><strong>p.</strong></span> <span class='ocrx_word' id='word_1_228' title='bbox 334 4703 395 4760; x_wconf 76' lang='lat'><strong><em>103.</em></strong></span> <span class='ocrx_word' id='word_1_229' title='bbox 413 4700 539 4751; x_wconf 75' lang='lat' dir='ltr'><strong>Marsicum</strong></span> <span class='ocrx_word' id='word_1_230' title='bbox 559 4699 590 4750; x_wconf 79' lang='lat' dir='ltr'><strong>,tl</strong></span> <span class='ocrx_word' id='word_1_231' title='bbox 659 4698 728 4750; x_wconf 76' lang='lat'><strong>2858</strong></span> <span class='ocrx_word' id='word_1_232' title='bbox 746 4697 772 4747; x_wconf 87' lang='lat' dir='ltr'><strong>id</strong></span> <span class='ocrx_word' id='word_1_233' title='bbox 791 4713 837 4748; x_wconf 79' lang='lat' dir='ltr'><strong>aar.</strong></span> <span class='ocrx_word' id='word_1_234' title='bbox 859 4697 895 4754; x_wconf 80' lang='lat' dir='ltr'><strong>M,</strong></span> <span class='ocrx_word' id='word_1_235' title='bbox 915 4700 976 4749; x_wconf 85' lang='lat' dir='ltr'><strong>add.</strong></span> <span class='ocrx_word' id='word_1_236' title='bbox 990 4699 1111 4764; x_wconf 71' lang='lat' dir='ltr'><strong>Micyllus</strong></span> <span class='ocrx_word' id='word_1_237' title='bbox 1180 4698 1397 4748; x_wconf 71' lang='lat' dir='ltr'><strong>eudaemones</strong></span> <span class='ocrx_word' id='word_1_238' title='bbox 1416 4699 1526 4749; x_wconf 78' lang='lat' dir='ltr'><strong>coniecit</strong></span> <span class='ocrx_word' id='word_1_239' title='bbox 1543 4696 1610 4747; x_wconf 85' lang='lat' dir='ltr'><strong>Snu-</strong></span> 
     </span>
     <span class='ocr_line' id='line_1_44' title="bbox 291 4781 1611 4848; baseline -0.002 -13"><span class='ocrx_word' id='word_1_240' title='bbox 291 4787 374 4837; x_wconf 77' lang='lat' dir='ltr'><strong>iern&#39;na</strong></span> <span class='ocrx_word' id='word_1_241' title='bbox 443 4785 511 4837; x_wconf 68' lang='lat'><strong>2864</strong></span> <span class='ocrx_word' id='word_1_242' title='bbox 534 4787 577 4835; x_wconf 82' lang='lat' dir='ltr'><strong>axi</strong></span> <span class='ocrx_word' id='word_1_243' title='bbox 602 4784 707 4836; x_wconf 81' lang='lat' dir='ltr'><strong>rllniliaa</strong></span> <span class='ocrx_word' id='word_1_244' title='bbox 738 4781 889 4834; x_wconf 78' lang='lat' dir='ltr'><strong>Theodorus</strong></span> <span class='ocrx_word' id='word_1_245' title='bbox 910 4799 938 4848; x_wconf 86' lang='lat' dir='ltr'><strong>p.</strong></span> <span class='ocrx_word' id='word_1_246' title='bbox 966 4787 1017 4834; x_wconf 70' lang='lat'><strong>545</strong></span> <span class='ocrx_word' id='word_1_247' title='bbox 1046 4785 1087 4834; x_wconf 85' lang='lat' dir='ltr'><strong>ed.</strong></span> <span class='ocrx_word' id='word_1_248' title='bbox 1118 4782 1201 4841; x_wconf 72' lang='lat' dir='ltr'><strong>Gales.</strong></span> <span class='ocrx_word' id='word_1_249' title='bbox 1274 4784 1342 4834; x_wconf 77' lang='lat'><strong>2865</strong></span> <span class='ocrx_word' id='word_1_250' title='bbox 1370 4783 1474 4832; x_wconf 84' lang='lat' dir='ltr'><strong>rodium</strong></span> <span class='ocrx_word' id='word_1_251' title='bbox 1504 4783 1611 4833; x_wconf 78' lang='lat' dir='ltr'><strong>Mallius</strong></span> 
     </span>
     <span class='ocr_line' id='line_1_45' title="bbox 291 4869 450 4922; baseline 0.013 -2"><span class='ocrx_word' id='word_1_252' title='bbox 291 4869 450 4922; x_wconf 74' lang='lat' dir='ltr'><strong>Theodorus.</strong></span> 
     </span>
    </p>
   </div>
   <div class='ocr_carea' id='block_1_6' title="bbox 342 4956 1443 5013">
    <p class='ocr_par' dir='ltr' id='par_1_6' title="bbox 342 4956 1443 5013">
     <span class='ocr_line' id='line_1_46' title="bbox 342 4956 1443 5013; baseline -0.006 -2"><span class='ocrx_word' id='word_1_253' title='bbox 342 4979 494 5011; x_wconf 66' lang='lat' dir='ltr'><strong>annumerari</strong></span> <span class='ocrx_word' id='word_1_254' title='bbox 508 4981 590 5012; x_wconf 74' lang='lat' dir='ltr'><strong>nsrrsr</strong></span> <span class='ocrx_word' id='word_1_255' title='bbox 605 4981 635 5013; x_wconf 78' lang='lat' dir='ltr'><strong>vr.</strong></span> <span class='ocrx_word' id='word_1_256' title='bbox 1411 4956 1443 5005; x_wconf 71' lang='lat'><strong>27</strong></span> 
     </span>
    </p>
   </div>
   <div class='ocr_carea' id='block_1_7' title="bbox 0 0 1955 5540">
    <p class='ocr_par' dir='ltr' id='par_1_7' title="bbox 0 0 1955 5540">
     <span class='ocr_line' id='line_1_47' title="bbox 0 0 1955 5540; baseline 0 0"><span class='ocrx_word' id='word_1_257' title='bbox 0 0 1955 5540; x_wconf 95' lang='lat' dir='ltr'><strong> </strong></span> 
     </span>
    </p>
   </div>
  </div>
 </body>
</html>
