3866 5562
398 394 463 462 572
956 475 963 482 ,
996 409 1120 461 svrnu
1221 461 1235 468 -

396 499 574 550 aramma.
617 530 623 538 ,
1453 511 1455 516 v
1546 499 1724 553 assesso.

398 587 626 672 Theophrasto,
662 587 714 670 qui
740 595 826 670 putat
853 587 1035 660 orationem,
1071 604 1148 668 quae
1179 586 1300 668 quidem
1330 585 1369 652 sit
1398 587 1490 670 polita
1518 597 1608 674 atque
1642 591 1723 654 iacta

399 693 529 773 quodam
558 685 672 762 modo.¹
694 709 756 754 non
786 689 944 762 adstricto,
979 689 1032 753 sed
1062 685 1226 754 remissius
1248 709 1441 755 numerosam
1471 711 1537 758 esse
1566 702 1720 775 oportere.

399 799 520 872 etenim,
544 797 623 859 sicut
644 793 695 858 ille
718 793 920 875 suspicatur*
935 801 1005 876 post
1027 803 1218 882 anapaestus,
1242 795 1401 874 procerior
1417 795 1540 877 quidam
1566 815 1721 866 numerus.

399 899 540 971 eilloruit,
564 899 633 962 inde
656 897 707 960 ille
730 895 873 959 licentior
896 905 927 959 et
944 893 1093 979 ladiritlor
1115 896 1201 960 lluxit
1223 897 1447 980 dithyrambus‚
1477 898 1563 962 cuius
1585 899 1723 963 membra

336 1029 338 1034 ·
399 1014 427 1068 et
451 1005 553 1086 pedes.
577 1011 610 1066 ut
632 1003 675 1063 ait
696 999 788 1072 idem,
813 1001 940 1062 suntin
963 1003 1046 1064 omni
1070 999 1214 1083 locupleti
1236 1003 1374 1064 oratione
1398 1001 1529 1066 diffusa!
1735 991 1756 1061 s'

490 1107 573 1170 Idem
597 1105 704 1169 Cicero
727 1107 759 1167 in
776 1103 870 1166 Bruto
894 1104 938 1166 sie
961 1102 1044 1176 dicit,
1069 1105 1187 1168 ‘Extitit
1209 1105 1302 1185 igitur
1326 1107 1385 1168 iam
1407 1103 1532 1168 senibus
1554 1103 1621 1178 iliis,
1646 1123 1724 1189 quos

398 1211 489 1294 paulo
512 1218 581 1273 ante
604 1207 744 1284 diximus,
771 1207 928 1279 isocrates,
957 1209 1044 1271 cuius
1067 1207 1175 1270 domus
1196 1215 1323 1271 cunctae
1347 1207 1491 1272 Graeciae
1521 1210 1608 1291 quasi
1630 1207 1720 1272 ludus

399 1315 519 1398 quidam
544 1313 640 1396 patuit
663 1320 754 1392 atque
769 1309 888 1372 olllcina
913 1310 1043 1383 dicendi,
1067 1327 1196 1391 magnus
1217 1321 1321 1374 orator
1345 1319 1374 1375 et
1389 1311 1543 1394 perlectus
1566 1313 1719 1392 magister,

399 1435 580 1500 quamquam
605 1415 718 1478 lorensi
741 1413 808 1476 luce
832 1415 930 1477 caruit
952 1413 1090 1496 intraque
1113 1418 1246 1496 parietes
1276 1413 1351 1478 aluit
1373 1432 1439 1477 earn
1461 1413 1599 1496 gloriam,
1628 1433 1719 1496 qnam

399 1539 487 1583 nemo
510 1537 578 1582 meo
601 1517 713 1581 iudicio
737 1526 782 1580 est
804 1525 909 1597 postea
932 1525 1122 1580 consecutus.
1167 1519 1193 1580 is
1217 1520 1334 1600 etipse
1363 1517 1485 1599 scripsit
1513 1515 1607 1580 multa
1630 1537 1718 1600 prae·
1733 1534 1760 1576 so

398 1625 478 1687 clare
502 1632 532 1685 et
556 1621 657 1685 docuit
680 1619 763 1690 alios,
789 1629 910 1682 etcum
933 1629 1035 1683 cetera
1058 1619 1169 1682 melius
1191 1639 1281 1704 quam
1304 1623 1489 1701 superiores.
1515 1630 1578 1683 turn
1602 1623 1720 1704 primus

398 1725 545 1789 intellexit
568 1727 659 1788 ctiam
684 1727 714 1786 in
739 1720 835 1785 soluta
859 1724 1006 1795 oratione,
1030 1721 1102 1785 durn
1130 1741 1250 1786 versum
1274 1723 1438 1804 ellugeret,
1466 1723 1589 1787 modum
1619 1731 1718 1786 umen

313 1840 319 1848 ·
399 1839 428 1893 et
452 1845 612 1892 numerum
636 1827 787 1906 quendam
811 1835 952 1907 oportere
976 1827 1099 1889 serrari.
1145 1835 1214 1890 ante
1237 1825 1319 1890 hunc
1344 1829 1424 1889 enirn
1449 1826 1610 1890 verborum
1634 1828 1718 1909 qussi

398 1941 548 1996 structura
572 1939 602 1993 et
624 1928 772 2012 quaedam
796 1927 833 1992 ad
857 1947 1018 1993 numerum
1047 1928 1203 1993 conclusio
1229 1928 1310 1993 nulla
1340 1940 1418 2002 erat,
1449 1940 1514 2001 aut.
1531 1932 1570 1992 -si
1600 1928 1717 2012 qnando
1833 1965 1839 1971 ·

382 2045 473 2108 erat,
497 2053 558 2097 non
581 2032 748 2116 apparebat
770 2051 836 2094 earn
860 2030 959 2095 dedita
988 2051 1080 2114 opera
1104 2050 1170 2097 esse
1193 2033 1373 2115 quaesitam:
1404 2051 1480 2115 qnae
1504 2033 1630 2096 lorsitan
1654 2031 1717 2096 laus
1731 2049 1757 2093 ιι

331 2127 334 2136 '
399 2141 448 2211 slt,
473 2155 575 2201 verum
605 2147 706 2198 tamen
735 2145 842 2198 natura
872 2137 968 2214 magis
996 2144 1060 2198 tum
1090 2153 1222 2217 casuque
1251 2152 1311 2197 non
1341 2153 1519 2218 numquam,
1548 2154 1640 2216 quom
1668 2145 1719 2200 aut
1813 2194 1821 2198 .

398 2244 518 2306 ratione
541 2239 639 2322 aliqua
661 2248 713 2302 aut
736 2237 795 2300 ulla
819 2237 1030 2301 observatione
1052 2237 1164 2301 llebat’.
1660 2254 1664 2260 ·

485 2343 605 2406 Flavius
627 2341 783 2424 Sosipater
799 2341 952 2406 Charisius
967 2340 1005 2403 de
1029 2342 1165 2405 numeris
1187 2340 1230 2403 sic
1246 2341 1328 2413 dicit,
1352 2329 1567 2408 ‘bacchiacum
1589 2352 1716 2407 metrum

349 2526 351 2532 Ι
399 2458 446 2512 est
468 2445 537 2518 tale,

460 2623 465 2634 Ι
555 2548 713 2620 bacchare
737 2547 849 2611 laetare
873 2555 1033 2628 praesente
1054 2546 1219 2616 Frontone.
1246 2579 1248 2584 ·
1730 2566 1756 2606 so

399 2655 456 2717 hoc
478 2651 553 2716 rnlhi
577 2651 695 2714 ridetur
717 2652 754 2713 ad
778 2667 899 2730 prosam
924 2653 1096 2714 convenire.
1143 2659 1173 2714 et
1203 2669 1276 2713 sane
1306 2651 1411 2715 multis
1428 2650 1572 2734 ‘pedibus
1599 2655 1629 2716 ln
1651 2670 1717 2716 ora·

397 2758 479 2819 tione
503 2758 627 2826 utimur,
652 2753 722 2852 licet
737 2754 821 2817 stulti
845 2762 951 2835 putent
966 2753 1130 2818 liberuma
1154 2752 1279 2817 vinculis
1295 2755 1407 2836 padum
1423 2773 1593 2819 sermonem
1612 2773 1718 2837 prosae

307 2877 309 2882 ’
400 2877 467 2924 esse
489 2853 657 2940 debera’l
1004 2935 1010 2945 ἱ

485 2961 592 3031 Cicero
615 2959 653 3022 de
675 2963 812 3024 numeris
833 2961 877 3022 sic
901 2961 984 3032 dicit,
1008 2959 1132 3024 ‘Versus
1155 2963 1236 3024 enirn
1259 2959 1302 3023 lili
1331 2969 1449 3024 veteres
1475 2963 1506 3025 in
1536 2961 1593 3026 hac
1623 2961 1716 3025 soluta

271 3063 275 3070 '
346 3144 355 3164 Ι
400 3067 537 3129 oratione
560 3063 793 3146 propemodum,
825 3064 882 3126 hoc
906 3072 953 3126 est
975 3081 1117 3127 numeros
1140 3055 1295 3146 quosdam,
1319 3063 1406 3128 nobis
1435 3083 1502 3128 esse
1531 3064 1756 3128 adhibendosss

291 3191 301 3200 ·
399 3169 604 3250 putaverunt)
644 3169 820 3264 postetam,
843 3165 947 3249 ‘idque
971 3168 1111 3249 princeps
1135 3167 1284 3230 isocrates
1299 3169 1466 3231 instituisse
1489 3169 1596 3238 lertur,
1621 3179 1653 3232 ut
1674 3171 1717 3230 in·

399 3272 551 3334 conditam
581 3271 776 3351 antiquorum
806 3269 929 3332 dicendi
960 3269 1207 3333 consuetudinem
1242 3270 1453 3334 delectationis
1482 3279 1574 3350 atque
1602 3274 1715 3334 aurium

312 3452 318 3465 „
387 3393 500 3446 cansa,
524 3389 614 3454 quem
638 3371 814 3434 admodum
838 3371 945 3435 scribit
968 3372 1133 3456 discipulus
1156 3373 1221 3436 eius
1235 3373 1410 3445 Naucrates,
1435 3377 1571 3438 numeris
1594 3375 1717 3437 adstrin-

398 3487 494 3560 geret
540 3492 669 3557 namque
692 3475 768 3538 haec
792 3476 851 3537 duo
875 3477 993 3545 musici,
1018 3477 1069 3555 qui
1093 3485 1181 3539 erant
1203 3478 1354 3560 quondam
1370 3481 1442 3542 item
1466 3487 1582 3560 poetae,
1607 3477 1716 3541 machi·

346 3639 348 3642 .
401 3583 465 3645 nati
487 3579 525 3642 ad
548 3575 732 3657 voluptatem
756 3587 835 3649 sunt,
860 3597 980 3642 versum
998 3588 1088 3660 atque
1111 3590 1242 3652 cantum.
1267 3589 1345 3642 utet
1367 3581 1530 3644 verborum
1547 3598 1673 3644 numero
1688 3587 1755 3643 etso

396 3701 604 3716 μ

468 3755 484 3807 d
504 3753 573 3804 ldem
592 3746 684 3801 Cicero
702 3750 729 3800 in
748 3749 827 3802 bruto
845 3751 871 3809 8,
891 3753 927 3804 32
1014 3751 1047 3803 te
1067 3749 1170 3803 ilarius
1189 3749 1325 3818 Sosipater
1342 3751 1480 3804 (iliarisius
1500 3753 1583 3808 Dion
1603 3755 1666 3818 513,
1684 3755 1717 3804 tt

452 3841 485 3891 ts
504 3835 595 3891 Cicero
614 3837 647 3890 de
666 3837 783 3888 numeris
802 3835 857 3891 cre.
876 3837 909 3890 de
927 3845 997 3888 orat.
1016 3835 1068 3887 111
1088 3840 1130 3898 dd,
1151 3840 1203 3890 173

402 3939 604 3954 ...ι-.-

466 3996 569 4048 dsicut
587 3991 628 4043 ille
646 3991 802 4059 suspicetur,
827 3991 935 4042 existis
956 3991 1056 4052 modis,
1080 3991 1175 4056 quibus
1200 3991 1242 4042 hic
1263 3992 1375 4044 usitatus
1398 4008 1490 4046 remus
1508 3991 1635 4056 efficitur,
1659 4003 1715 4060 post

398 4091 558 4148 anapaestus
577 4078 677 4132 Cicero.
706 4079 796 4130 eadesa
814 4075 906 4142 Rufino
923 4079 1037 4129 restituit
1055 4077 1286 4144 Capperoanerius
1355 4077 1459 4144 quidem
1478 4095 1548 4133 eorr.
1567 4079 1671 4144 quidam
1691 4079 1714 4130 A

398 4169 504 4232 quidem
524 4164 567 4221 Βς
588 4167 592 4172 ’
637 4164 786 4215 4ηιιιιιὶιιιι
804 4173 848 4213 ant
866 4162 946 4229 pedes
965 4161 991 4214 A
1062 4163 1185 4216 destitit
1202 4165 1246 4223 Be
1265 4165 1356 4215 existit
1373 4164 1399 4217 A
1469 4165 1604 4232 Spatauit
1621 4165 1646 4214 B

397 4255 431 4306 10
449 4264 541 4321 postes
560 4267 596 4303 ec
613 4250 738 4302 Cicerone
760 4249 881 4301 Pithoeus
899 4261 976 4315 poeta
989 4247 1060 4304 ABs
1131 4253 1161 4302 li
1182 4249 1272 4302 melius
1291 4265 1370 4314 qnam
1383 4251 1531 4316 superiores
1545 4251 1609 4305 Ata.
1626 4250 1716 4302 melius

399 4339 510 4404 equam
529 4335 650 4404 superior
669 4333 722 4387 AB
744 4335 809 4388 Vsa.
882 4335 913 4386 ld
932 4336 1016 4401 tnagis
1035 4333 1063 4385 ui
1081 4333 1107 4386 B
1125 4335 1253 4403 magistris
1272 4337 1297 4388 A
1316 4335 1510 4403 megistanas
1579 4351 1657 4400 quam
1675 4346 1716 4386 ant

397 4425 498 4476 ntione
515 4440 552 4476 erc
571 4421 705 4474 &aaronis
722 4422 795 4474 tibris
812 4422 932 4473 Halmius
949 4432 994 4472 ant
1012 4422 1113 4472 ratione
1131 4423 1218 4474 rodes
1232 4421 1434 4489 Teperasesass's
1451 4421 1521 4473 haud
1538 4423 1640 4474 ratione
1652 4421 1714 4477 ABs

450 4511 482 4561 i'l
502 4509 681 4560 obsecratione
702 4507 725 4558 B
805 4509 837 4560 18
857 4507 892 4558 Fl.
910 4506 1047 4574 Sosipater
1067 4508 1202 4560 Putschisa
1220 4509 1255 4560 llu
1274 4509 1405 4574 sosipater
1422 4507 1475 4560 AB
1498 4507 1563 4559 Vea.
1583 4509 1644 4561 Asc.
1664 4505 1713 4556 l'ul.

319 4637 323 4644 .
396 4593 534 4664 Sosipater
552 4595 614 4646 Alci.
634 4593 738 4645 l'lauius
758 4591 895 4660 Sosipater
914 4593 1142 4658 Capperoaaerius
1241 4593 1407 4644 bacclriaeurn
1425 4595 1513 4646 cadere
1530 4593 1714 4645 Btnss'sdleasis

400 4681 467 4736 Vea.
485 4679 646 4731 bacchiatnm
666 4679 692 4730 B
711 4681 862 4732 bacchaturn
882 4682 907 4731 A
927 4677 1062 4730 bacchium
1080 4682 1144 4733 Asa.
1162 4680 1310 4732 bacchicam
1329 4681 1391 4732 Ald.
1464 4681 1497 4730 19
1515 4677 1565 4728 asle
1583 4689 1656 4733 ests

396 4767 428 4817 tt
449 4767 512 4817 milri
531 4781 579 4822 om.
599 4779 616 4822 ς
703 4767 738 4817 24
755 4767 787 4817 de
806 4767 920 4816 numeris
940 4767 984 4822 As
1006 4765 1038 4816 de
1052 4749 1163 4816 'numero
1184 4765 1209 4817 B
1296 4767 1330 4818 26
1349 4781 1407 4816 esse
1424 4763 1587 4815 adhibendos
1605 4761 1649 4819 Βς
1670 4762 1713 4813 ad·

396 4849 525 4903 bibendos
545 4867 604 4903 esse
622 4852 648 4903 A
718 4855 752 4904 29
770 4852 834 4903 haec
849 4852 904 4902 dno
924 4851 958 4907 ὸς
976 4849 1024 4901 hae
1042 4849 1094 4900 duc
1108 4851 1161 4901 AB
1230 4847 1300 4918 item]
1320 4852 1398 4903 iidern
1417 4867 1453 4902 ea
1471 4847 1596 4901 Cicerone
1616 4847 1714 4915 Coppe-

394 4939 533 4989 manerius
564 5002 568 5013 ¹
615 4939 648 4990 80
667 4948 737 4988 utet
756 4939 780 4988 A
798 4938 885 4988 eadee
904 4937 1093 4988 Elasa'cdlssrsia
1110 4947 1135 4987 et
1154 4948 1182 4987 ut
1200 4935 1243 4992 ne
