3874 5556
803 349 852 398 nn
875 350 1045 400 srnntnrs
1522 331 1585 398 347

270 449 292 488 p.
308 439 359 480 m
372 437 395 480 Ρ.

471 537 502 590 ει
524 546 619 610 queo
643 538 673 591 ει
696 527 864 609 querela.
888 545 1050 608 quercus
1073 538 1102 592 ει
1125 539 1269 610 quator,
1295 542 1317 602 Q
1342 527 1476 610 praedita
1501 535 1555 588 est.

334 611 338 630 ⁸
418 659 456 702 rso
471 641 502 694 ει
523 632 606 695 sides
632 633 694 712 qni
717 649 839 714 quoquc
861 632 1000 694 similiter
1023 650 1089 695 esso
1111 633 1230 696 vocales
1254 631 1337 694 duas.

473 735 554 799 unde
577 737 602 796 sl
627 735 765 798 dematur
787 751 809 808 ι,
835 745 866 798 ει
888 734 950 798 sola
975 738 1015 799 sit
1038 735 1147 799 vocalis
1170 750 1202 807 u,

470 858 531 903 non
555 841 613 903 erit
635 842 694 902 lam
720 855 742 917 Q
766 859 892 902 neccsse
915 839 1046 922 syllabae
1069 859 1269 923 praeponere,

470 946 549 1008 sicut
572 943 643 1016 illic,
668 962 738 1006 curn
760 943 914 1027 querela
939 954 968 1004 ει
991 962 1129 1024 aequor
1152 953 1202 1009 aut
1224 962 1352 1027 aquam
1378 953 1473 1015 notas,

418 1107 420 1112 .
471 1046 523 1110 sed
547 1048 642 1128 tnagis
665 1059 699 1108 c:
724 1047 785 1110 sola
811 1065 940 1128 namque
964 1045 1104 1110 subditur
1128 1046 1238 1110 vocalis
1260 1061 1291 1119 ι’,

418 1169 560 1218 sucuro
584 1169 652 1212 cunr
676 1151 720 1213 sel
746 1151 855 1232 cupio
879 1150 969 1218 dicis,
994 1135 1176 1212 currovel
1201 1151 1379 1214 custodio.

471 1253 552 1318 undc
575 1273 685 1318 nornen
709 1255 760 1335 qui
784 1253 966 1336 sequendi
991 1255 1103 1316 rectius
1125 1252 1217 1316 scribi
1242 1263 1357 1334 putant,

469 1360 495 1422 sl
518 1360 603 1439 prins
625 1371 647 1433 Q
672 1356 865 1427 collocarint,
889 1371 911 1419 U
935 1368 965 1420 et
988 1371 1010 1420 o
1034 1356 1256 1428 subiunnerint‚

471 1465 540 1541 qula
562 1478 705 1541 sequor
727 1469 757 1522 et
778 1460 899 1524 easdem
924 1459 1063 1536 habebat,
1086 1461 1166 1523 unde
1190 1480 1299 1526 nornen
1324 1464 1467 1534 nascitur.

471 1583 531 1628 non
555 1565 697 1628 ridentur
721 1563 861 1627 obtinere
885 1566 1020 1627 veritatis
1043 1563 1197 1645 regulam

418 1672 540 1751 cloquio
564 1686 709 1748 sequor
732 1668 805 1730 duas
830 1669 964 1731 vidsrnus
987 1687 1052 1730 csse
1077 1667 1194 1761 rocalps
1217 1668 1317 1748 simul,

471 1782 502 1835 ει
525 1775 634 1836 merito
659 1781 729 1834 tnnc
754 1787 776 1848 Q
800 1770 934 1835 locanrus
957 1773 1096 1854 exigente
1119 1771 1247 1854 syllaba:

471 1886 501 1939 at
522 1877 716 1939 sccundus
739 1886 771 1937 nt
794 1876 848 1945 sil,
873 1894 932 1938 una
957 1879 1081 1955 ponitur
1105 1877 1215 1938 vocalis
1238 1891 1275 1938 u:

471 1979 607 2043 clocari
631 1979 722 2042 debet
746 1997 834 2059 crgo,
859 1979 980 2062 qnando
1004 1979 1097 2042 solam
1122 1978 1256 2060 copulat:

441 2144 443 2148 Α
471 2085 584 2167 quippe
607 2084 693 2162 origo
716 2085 814 2164 prima
840 2081 925 2144 verbi
949 2101 1009 2145 non
1033 2091 1134 2146 nranet
1155 2084 1214 2146 iarn
1239 2087 1364 2149 nomini.

419 2214 458 2256 ιιι
473 2197 607 2250 ceterum
631 2185 743 2248 vocalis
767 2184 826 2248 illis
850 2188 875 2247 si
899 2188 1018 2266 lugetur
1041 2190 1141 2254 tortia.
1198 2213 1202 2220 ¹

473 2306 496 2367 Q
520 2309 644 2354 necasse
667 2301 712 2354 cst
734 2291 831 2372 prima
856 2289 945 2352 detur
968 2299 999 2354 ει
1021 2293 1061 2354 sit
1083 2309 1141 2352 nna
1164 2289 1285 2372 syllaba,

474 2398 594 2458 nornina
619 2404 767 2474 utsupra
793 2391 885 2456 relata
910 2396 967 2456 ianr
991 2394 1064 2457 satis
1088 2394 1175 2456 nobis
1198 2397 1338 2478 probant.

474 2517 534 2560 non
557 2507 657 2563 umen
682 2499 768 2578 prior
791 2510 812 2558 n
837 2497 930 2561 videri
952 2499 1031 2560 lacta
1055 2516 1226 2562 consonans
1249 2511 1356 2580 potest,

476 2619 646 2666 consonans
670 2605 742 2682 quia
767 2601 804 2662 dc
827 2600 943 2664 duabus
967 2600 1049 2664 clfici
1072 2602 1155 2683 prior
1179 2601 1263 2675 solet,

422 2733 461 2775 rso
478 2707 558 2769 nuda
582 2706 634 2770 sen
659 2709 804 2786 priorque
829 2706 949 2786 quando
973 2723 1029 2768 nec
1052 2705 1174 2768 subacta
1199 2719 1244 2769 cst
1267 2727 1426 2780 consonas,

474 2810 596 2893 quando
620 2819 650 2872 ct
671 2811 823 2888 hispidum
847 2810 1013 2890 diganumus
1037 2811 1127 2870 sumit
1149 2819 1179 2872 ει
1203 2812 1328 2874 lornranr
1353 2824 1383 2874 ει
1405 2831 1521 2874 sonurn.

475 2933 557 2977 nunc
580 2933 671 2977 sonus
694 2912 806 2977 uocalis
830 2912 889 2984 illi,
915 2914 965 2992 qui
988 2911 1078 2984 solet,
1103 2932 1169 2975 cunr
1194 2913 1288 2976 libera
1314 2925 1368 2985 cst,

475 3016 612 3098 praedita
636 3029 682 3079 ost
705 3018 749 3081 vel
774 3020 965 3079 consonanti:
991 3035 1070 3078 nunc
1094 3019 1174 3078 eninr
1198 3027 1243 3079 est
1267 3017 1377 3081 vocalis
1400 3035 1423 3082 1.

475 3129 504 3182 ει
526 3129 627 3183 tamen
652 3120 786 3184 videmus
809 3118 891 3182 illarn
916 3137 1067 3182 consonae
1091 3123 1149 3182 virn
1174 3140 1304 3194 sumere,

422 3225 604 3295 cartennis
629 3233 660 3286 ut
683 3226 758 3288 dixit
780 3233 868 3306 posta
893 3223 1007 3286 nubis
1030 3224 1084 3286 irc
1107 3223 1267 3287 vellera:

474 3327 562 3409 longa
586 3329 619 3390 llt
641 3347 710 3390 narn
734 3329 830 3410 prima
855 3341 926 3390 nnn
949 3345 1040 3398 nunc,
1064 3345 1132 3390 curn
1156 3337 1302 3410 sequatur
1325 3343 1347 3390 U
1370 3341 1401 3392 ει
1425 3343 1448 3391 1.

475 3450 531 3494 nec
555 3434 664 3504 minus,
690 3432 801 3494 vocalis
824 3449 884 3494 una
907 3435 932 3494 si
956 3440 1102 3510 sequatur
1126 3431 1212 3507 lianc,
1237 3441 1337 3513 potest

475 3553 627 3598 consonae
650 3535 798 3617 praebere
823 3537 900 3596 rircs
925 3544 954 3596 ct
977 3534 1146 3614 digammcs
1169 3537 1259 3606 ellici,

475 3657 591 3719 gcnva
616 3658 683 3701 curn
707 3637 841 3701 labant
865 3638 1029 3708 llaretis,
1056 3657 1168 3718 aeger
1192 3639 1252 3701 o'st
1276 3639 1482 3702 anhelitus.

423 3760 532 3814 ιωιιεε
556 3752 655 3824 potest
678 3753 707 3804 ει
730 3743 786 3804 hoc
810 3743 943 3822 liquens,
968 3761 1006 3804 an
1030 3756 1043 3804 1
1067 3756 1206 3822 pulensus
1230 3761 1406 3816 consonans,

475 3845 564 3926 longa
587 3848 649 3908 cui
672 3863 785 3924 super
808 3855 933 3928 paretur
956 3865 1010 3907 ceu
1034 3844 1150 3908 dnalsus
1173 3850 1330 3918 consonis:

341 4193 391 4244 729
411 4191 431 4252 Q
450 4209 497 4246 om.
518 4191 555 4252 M,
579 4193 640 4244 odd.
653 4189 804 4245 Brr'ssnens.
829 4208 845 4243 u
864 4193 981 4260 praedita
1006 4203 1045 4243 est
1064 4193 1186 4258 nllicpllus
1256 4195 1306 4246 733
1326 4193 1376 4244 illic
1397 4193 1537 4245 Brirsneus
1556 4193 1591 4243 illi

272 4277 302 4328 M
372 4293 471 4342 aequor
495 4288 540 4328 nrrt
562 4293 656 4343 nqrrnna
683 4277 823 4330 Brissoena
846 4277 984 4339 AEOVOR
1004 4294 1036 4327 nn
1057 4280 1176 4339 AQlel
1199 4281 1230 4330 .ll
1298 4283 1347 4331 735
1370 4281 1447 4348 ειιρίο
1471 4280 1592 4346 ,lllcyllns

269 4363 441 4416 evulliunt
508 4367 559 4417 ’738
578 4377 603 4416 ει
621 4381 668 4418 onr.
684 4365 721 4429 nl,
740 4366 802 4416 add.
823 4365 961 4417 Sontem'nr
1031 4367 1081 4416 746
1101 4379 1128 4416 ιιι
1151 4369 1185 4416 sit
1203 4365 1371 4416 llctcdlsisins
1441 4367 1491 4416 750
1509 4366 1592 4432 prior-

269 4465 321 4513 qne
339 4449 480 4503 Santenins
498 4453 569 4519 prior
587 4467 654 4516 quoe
668 4450 700 4500 M
768 4452 817 4502 751
837 4451 967 4518 hispidam
987 4467 1034 4505 orn.
1047 4451 1089 4515 M,
1110 4453 1170 4504 add.
1191 4451 1379 4502 anlrmnnnus.
1416 4451 1520 4514 qnando
1541 4466 1591 4501 nou

269 4537 396 4604 digornnri
419 4539 499 4590 sumit
521 4553 604 4602 usqne
623 4537 732 4605 ligurum
754 4553 836 4601 neque
854 4552 947 4588 sonunt
967 4538 1088 4588 ediderat
1106 4535 1255 4591 Brissnens,
1279 4537 1383 4600 qnando
1407 4553 1509 4603 srnrper
1528 4536 1592 4587 haec

271 4623 398 4689 dignmrnl
420 4625 501 4676 sumit
524 4637 549 4675 ec
569 4623 677 4675 lormanr
702 4634 727 4675 ει
749 4638 841 4675 sonurn
866 4625 976 4675 coniecit
1000 4623 1138 4673 Snntenius
1208 4623 1258 4672 755
1286 4623 1364 4688 Verp.
1387 4639 1478 4689 peorp.
1503 4621 1521 4672 I
1540 4627 1593 4674 397

272 4711 358 4759 tenuia
382 4727 428 4761 nec
451 4711 526 4762 lanae
549 4726 594 4777 per
616 4711 715 4761 caelnna
739 4710 833 4760 vellera
857 4709 916 4760 lerri
987 4709 1037 4760 758
1061 4719 1086 4758 ει
1104 4707 1250 4773 dignnrnros
1270 4708 1409 4759 Brissneus
1429 4725 1474 4759 nec
1492 4709 1593 4776 dignm·

271 4811 329 4847 nnus
350 4796 381 4847 M
449 4799 500 4849 759
523 4799 601 4864 Verp.
628 4798 692 4847 Aen.
715 4798 741 4846 1⁷
758 4799 812 4848 432
832 4811 917 4862 genna
936 4795 1037 4853 labant,
1062 4807 1152 4844 uastos
1172 4797 1255 4857 quatit
1277 4811 1354 4859 aeger·
1372 4795 1501 4846 urrlrclltns
1520 4810 1592 4847 artus

308 4883 355 4935 751
376 4881 434 4950 ren]
453 4885 569 4948 fortusse
589 4896 616 4933 ut

1297 4995 1300 5002 .
1381 4965 1437 5019 23*
