3906 5564
614 347 695 400 aar.
713 345 826 400 osum.
845 347 915 400 cro.
933 349 975 402 111
994 353 1018 406 a,
1041 351 1072 402 ιο
1094 375 1123 386 -
1142 350 1167 410 r,
1186 351 1203 400 c
1510 345 1571 414 113

274 445 410 502 meseum
425 444 448 488 r.
1378 461 1398 502 a.
1414 448 1544 495 osseo.

334 535 411 598 iiiuc
434 536 539 618 procul
569 536 661 600 dubio
691 537 824 618 iotoiiegi
853 539 940 602 datur
968 558 1087 622 prosam
1117 541 1251 602 numeris
1278 537 1455 602 subsistere.
1502 559 1569 603 oaru

249 649 278 701 et
299 639 493 712 Aristotcles,
518 639 609 704 iroruo
631 641 771 706 sublimis
794 643 923 722 ingenii,
953 645 1100 726 praecipit
1124 661 1267 708 numeros
1289 661 1355 706 esse
1378 644 1410 704 in
1434 645 1570 705 oratione

249 754 404 826 oportere,
434 745 474 806 ita
504 753 604 808 tomen
635 764 673 808 ne
697 764 801 809 vorsus
831 748 1006 816 incurrant,
1035 751 1086 830 qui
1110 766 1202 830 saepe
1224 746 1472 831 imprudentibus
1500 747 1571 809 sub·

250 856 373 929 reputat.
404 848 484 928 quod
515 860 545 913 et
573 849 680 913 Cicero
708 851 740 913 in
764 847 892 913 Oratore
921 869 977 912 suo
1007 851 1059 932 [de
1089 853 1247 915 evitatione
1277 848 1433 934 versuum]
1464 853 1569 931 tangit.
1617 893 1618 898 κ

224 953 312 1034 sipsa
342 971 463 1035 quoquo
492 951 585 1035 lyrica
614 961 752 1036 poemata
782 952 898 1016 subiato
924 953 1126 1018 modulatione
1150 957 1230 1019 vocis
1257 974 1317 1019 nou
1340 955 1417 1018 uitro
1441 953 1569 1018 solutam
1642 945 1644 950 ’

250 1057 414 1119 orationem
443 1068 637 1140 procurrunt.
685 1059 828 1138 quocirca
849 1054 864 1143 Η
886 1066 992 1140 prium
1015 1076 1075 1120 non
1101 1058 1174 1120 nulii
1205 1058 1357 1122 duriorem
1380 1059 1478 1140 legem
1502 1077 1569 1120 ora-

250 1157 364 1222 toribus
395 1159 459 1223 iore
489 1179 577 1244 quam
607 1163 713 1243 pectis.
759 1180 828 1224 nam
858 1169 890 1223 ut
913 1161 986 1224 niirii
1010 1161 1145 1224 scribere
1171 1181 1346 1244 possituros,
1380 1163 1461 1245 quod
1485 1171 1569 1224 extra

251 1282 408 1327 numerum
425 1263 592 1328 litterarum
608 1265 703 1338 cadat,
726 1267 770 1328 sic
787 1283 824 1326 oe
841 1264 922 1344 ioqui
939 1265 1059 1345 osiridem
1084 1274 1135 1327 aiut
1151 1265 1275 1328 verbum
1300 1265 1396 1328 ulium
1421 1268 1568 1336 sortitore,

251 1367 327 1446 quod
346 1387 406 1432 non
430 1368 460 1431 in
485 1369 578 1450 pedes
601 1356 719 1452 aliquos
741 1381 770 1433 et
794 1371 823 1432 in
848 1369 1006 1450 rirytirmos
1029 1369 1149 1436 incidat,
1175 1371 1227 1448 qui
1250 1369 1364 1432 aiteroa
1388 1369 1569 1451 syllabarum

215 1496 238 1536 ro
250 1470 415 1536 sublatione
439 1482 467 1536 et
491 1475 640 1556 positione
663 1475 866 1538 continentur.

334 1677 399 1766 [oa
428 1693 638 1746 uucrraocrs
666 1678 855 1765 vaasmvs]
886 1681 1160 1764 operaepretium
1190 1692 1237 1744 est
1264 1684 1344 1745 inter
1371 1680 1447 1746 haec
1476 1691 1505 1746 et
1532 1683 1570 1744 de

251 1787 414 1865 reciprocis
438 1784 589 1856 versibus.
618 1794 651 1850 ut
674 1785 864 1848 omnifariam
889 1787 962 1847 artis
985 1786 1129 1848 metricae
1152 1783 1319 1871 disciplinis
1341 1792 1371 1846 et
1395 1786 1489 1864 gratia
1514 1787 1571 1848 isoc

250 1887 427 1974 opusculum
450 1890 649 1967 insinuamus,
680 1897 809 1972 quantae
836 1890 897 1952 siut
919 1891 1086 1952 venustatis
1108 1899 1139 1952 et
1162 1898 1233 1968 quum.
1256 1907 1361 1952 eorum
1386 1889 1502 1969 species
1524 1891 1570 1952 iu·

143 2075 145 2078 ,
250 1993 470 2072 vestigaverim,
499 1991 612 2056 dicere.
658 1995 709 2075 qui
738 2003 906 2057 retrorsum
931 1992 1002 2055 sirim
1027 1992 1185 2073 teguntur,
1214 1991 1302 2073 louge
1333 1991 1412 2056 atino
1442 2003 1571 2055 metrum

212 2117 236 2157 u
250 2113 286 2156 ex
308 2105 536 2178 seprocreaut,
560 2107 593 2160 ut
615 2107 661 2160 ost
683 2097 734 2160 hio
756 2095 895 2177 elegus!

520 2220 588 2264 esse
611 2201 709 2264 bouus
732 2203 757 2264 si
780 2203 834 2273 ris,
859 2199 924 2264 coie
947 2200 1041 2270 diros,
1065 2203 1179 2283 optimo
1201 2199 1308 2270 Pansa,

563 2305 664 2368 omine
689 2304 778 2376 felici,
803 2304 908 2377 Pansa,
933 2323 1058 2387 precare
1082 2304 1164 2365 cissos.

250 2425 284 2470 ex
308 2406 356 2470 iris
378 2411 518 2490 sairierior
541 2408 651 2472 iserous
673 2411 704 2472 iu
727 2407 875 2472 sotadium
898 2411 1032 2470 recurrit
1053 2408 1106 2478 sio,
1199 2406 1201 2410 ’

521 2512 616 2576 Pausa
641 2514 764 2594 optime,
788 2511 872 2575 diros
895 2511 970 2584 cote,
995 2514 1020 2573 si
1043 2514 1087 2574 vis
1110 2509 1209 2574 bonus
1232 2530 1307 2574 esse.

213 2616 320 2684 anilem

505 2739 577 2783 ecce
600 2728 696 2783 tumet
719 2722 785 2784 ritis
809 2729 858 2783 tua
881 2721 1018 2800 gemmis,
1043 2721 1156 2803 optime
1180 2719 1312 2782 Bacche:

250 2823 395 2888 sotadium
416 2823 498 2887 dabit
521 2825 588 2898 tale,

516 2926 635 2992 Bacche
657 2929 786 3010 optime,
809 2929 934 3008 gemmis
958 2937 1006 2990 tua
1031 2929 1098 2990 ritis
1121 2936 1217 2990 tumet
1238 2946 1319 2990 ecco.

250 3031 334 3104 aiter,
358 3035 410 3114 qui
434 3043 480 3096 est
503 3041 719 3113 pentametros,
743 3033 773 3093 in
797 3031 959 3095 iambicum
982 3035 1155 3094 trimetrum
1180 3030 1259 3094 redit
1280 3033 1333 3102 sic,

211 3161 237 3202 sa
611 3135 684 3198 deos
704 3153 843 3215 precare,
867 3135 972 3206 Pansa,
998 3134 1076 3198 ioiici
1098 3137 1209 3198 omine.

250 3237 440 3322 [iambicum]
465 3247 510 3302 est
532 3241 602 3302 item
626 3239 706 3303 aliud
730 3259 839 3320 genus,
871 3239 951 3319 quod
977 3241 1007 3300 in
1031 3220 1156 3300 osredum
1180 3255 1352 3302 mensuram
1370 3237 1382 3322 ΙΙ
1400 3222 1569 3309 revertitur,

250 3351 281 3406 ut
314 3344 469 3422 utrimque
503 3341 675 3423 legentibus
710 3342 822 3405 irerous
851 3346 890 3405 sit
925 3361 1038 3425 aequo,
1073 3353 1105 3404 ut
1134 3345 1324 3423 superiores,
1356 3361 1451 3424 genus
1482 3349 1569 3407 raeiri

250 3457 352 3520 mutet,
377 3446 482 3529 riuales
504 3447 583 3528 spuo
606 3446 772 3527 Vergiiium
797 3447 1002 3530 reperiuntur,

409 3551 640 3631 atusa,„mihi
663 3567 798 3614 causas
821 3567 989 3613 memora
1013 3569 1083 3630 quo
1107 3553 1266 3614 numine
1290 3549 1409 3622 laeso,

210 3658 319 3721 saitem

430 3761 512 3840 ipse
536 3755 644 3820 dedit
667 3757 821 3829 Moeris,
846 3768 1064 3822 nascuntur
1081 3757 1245 3840 plurima
1269 3769 1392 3841 ponto.

248 3881 341 3945 aeque
359 3865 439 3926 euim
464 3873 495 3924 et
516 3863 547 3924 iu
571 3879 694 3924 reuerso
719 3860 854 3924 iectionis
877 3881 950 3924 suaa
971 3863 1099 3926 heroum
1122 3863 1298 3926 custodiunt
1321 3872 1448 3925 instrum
1472 3863 1524 3932 sie.

417 3995 420 4002 ⁴
498 3965 579 4029 laese
603 3967 724 4027 numine
747 3983 806 4047 qrre
831 3984 964 4028 memora
989 3985 1095 4029 causus
1117 3967 1200 4038 mihi,
1226 3967 1323 4037 Musa,

247 4071 318 4134 item

316 4281 346 4330 11
366 4277 468 4345 Operae
485 4281 597 4346 pretium
615 4303 649 4316 ·-
670 4279 774 4337 114.1o
791 4276 824 4327 dc
843 4287 1003 4344 peritametro
1022 4275 1106 4328 Diem.
1127 4279 1186 4338 516,
1202 4280 1238 4328 21
1256 4303 1289 4314 -
1307 4281 1367 4338 517,
1382 4279 1414 4327 10

316 4445 330 4495 1
349 4458 455 4512 prosam
475 4455 492 4500 ς
511 4457 619 4512 prosum
639 4439 699 4492 AB
757 4441 773 4492 2
792 4435 957 4506 Aristoteles]
975 4439 1074 4492 alteim.
1094 4441 1148 4493 II!
1165 4447 1182 4494 8
1206 4433 1253 4493 διὰ
1278 4439 1328 4491 δεῖ
1348 4431 1467 4507 aviaria
1490 4435 1569 4508 ἔχειν

248 4503 301 4565 to'v
317 4503 658 4581 ιόγω,μ1ιρον11μή·
684 4508 797 4576 ποίημα
817 4501 871 4577 γὰρ
890 4503 982 4560 ἔσται.
1004 4510 1039 4573 cs.
1059 4509 1111 4562 Cie,
1127 4511 1199 4562 Orat.
1218 4514 1262 4562 ot.
1277 4513 1326 4559 172
1385 4513 1523 4561 aucesium
1544 4513 1568 4561 Α

248 4582 300 4639 Be
367 4583 475 4647 iqood
493 4592 520 4633 et
537 4583 624 4634 editor
641 4579 801 4634 Sanctrmdr.
819 4581 880 4642 cirria
899 4589 924 4628 et
943 4575 1035 4634 ΑΒς
1105 4579 1194 4632 Cicero
1213 4583 1239 4630 in
1259 4581 1366 4628 tis-mere
1385 4575 1446 4644 suo]
1464 4583 1505 4638 56,
1521 4583 1569 4630 189

315 4652 480 4704 idrrriorem
501 4648 828 4706 BaVut.5deoremA
904 4643 1019 4712 teucri]
1038 4663 1104 4712 quiae
1123 4649 1149 4700 B
1220 4647 1411 4710 unctoque
1435 4663 1480 4696 uec
1500 4648 1569 4710 ioqui

247 4721 311 4772 AB
377 4723 475 4786 equis
494 4720 576 4772 iterna
595 4721 619 4770 A
639 4735 690 4784 quic
707 4718 806 4770 alterna
825 4713 853 4770 B
871 4718 933 4779 quoio
951 4716 1065 4784 legitimo
1085 4730 1125 4774 ς,
1173 4721 1204 4770 10
1223 4717 1385 4767 corstiueotur
1405 4715 1570 4780 Geiafordiur

247 4789 506 4847 contineturABe
594 4792 626 4840 14
645 4785 701 4853 cruri]
720 4803 787 4851 quoire
805 4785 831 4836 B
919 4788 949 4838 17
970 4787 1073 4838 tremine
1091 4803 1162 4840 corr.
1184 4789 1269 4839 omine
1287 4787 1311 4836 A
1392 4787 1425 4836 21
1446 4787 1507 4836 uiuis
1526 4797 1570 4837 tuo

247 4862 355 4922 gemmis
374 4859 541 4913 Camerarius
563 4859 674 4926 gerrrmis
699 4855 796 4923 (gemis
816 4853 853 4920 A)
877 4865 921 4904 tou
943 4857 1006 4907 uitis
1026 4857 1050 4906 A
1065 4853 1119 4913 Βς
1206 4855 1318 4906 buccinae
1340 4862 1450 4921 utroque
1468 4859 1525 4906 ioco
1544 4858 1569 4908 Α

314 4931 348 4981 23
365 4931 449 4996 gemis
470 4932 494 4982 A
565 4929 598 4980 29
619 4923 703 4994 uiues]
728 4927 808 4992 Very.
829 4927 895 4975 Aea.
915 4924 967 4977 lo
1036 4928 1069 4977 31
1088 4922 1158 4993 ipse]
1181 4927 1259 4991 Vere.
1279 4925 1361 4977 bricci.
1383 4925 1407 4987 8,
1421 4927 1455 4974 96

299 5029 449 5062 numeror
462 5029 545 5063 asam
558 5028 589 5060 vr.
1345 5011 1361 5062 8
