3904 5556
644 337 724 394 ΛΒΤ.
744 337 856 390 GRAM.
881 336 953 390 LIB.
972 339 985 392 ι
1006 342 1046 404 11,
1065 341 1176 392 18-41
1524 337 1567 404 47

273 449 296 493 p.
310 438 369 480 m.
382 435 446 480 81111.
1141 443 1145 452 ’
1387 451 1409 494 p.
1424 441 1501 482 co-oe
1516 440 1541 484 G.

331 525 419 590 Nunc
447 525 486 590 de
508 526 662 612 disyllabis
690 529 878 606 coniunctis,
907 527 960 610 qui
988 541 1018 592 et
1041 529 1177 611 duplices
1206 539 1235 593 et
1264 526 1448 608 tetrasyllabi
1476 529 1569 611 pedes

248 627 452 712 appellantur,
476 627 552 714 quos'
575 635 666 696 etlam
688 633 809 716 quidam
832 631 965 696 sotadios
987 641 1109 704 vocant,
1133 634 1316 703 referemus,
1342 650 1472 714 quorum
1496 651 1568 696 con·

193 757 195 761 ·
247 735 359 796 iunctio
382 733 464 798 basis
492 735 670 818 appellatur.
716 755 785 800 nant
809 753 918 817 graeco
941 755 1082 800 sermone
1104 737 1233 801 duorum
1261 735 1372 819 pedum
1389 732 1400 820 ll
1417 734 1568 818 copulatio

249 835 329 900 basis
344 835 467 910 dicitur,
492 838 584 902 veluti
600 840 722 920 quidam
738 857 862 920 gressus
877 838 999 920 pedum.
1032 841 1082 921 qui
1105 842 1130 904 sl
1154 839 1289 903 eiusdem
1306 843 1444 920 generis,
1469 840 1500 902 id
1523 850 1568 905 est

220 955 347 1021 sparos,
364 941 457 1020 iegati
472 941 601 1014 luerint,
625 943 778 1024 dipodian,
796 954 859 1024 aut,
879 953 911 1006 ut
926 941 1059 1026 quidam,
1076 941 1289 1028 tautolpodian,
1307 945 1353 1008 sin
1365 943 1514 1026 dispares,
1533 952 1566 1007 ut

247 1043 408 1107 trochaeus
423 1062 492 1108 cunr
509 1046 625 1118 iambo,
649 1049 790 1130 syzygian
807 1047 960 1112 efficiunt:
983 1049 1014 1108 in
1031 1063 1089 1126 qua
1105 1049 1180 1110 arsis
1195 1066 1305 1121 unum,
1329 1049 1457 1111 alterum
1473 1048 1568 1112 thesis

246 1146 353 1226 pedem
367 1146 526 1212 obtinebit.
573 1167 756 1231 quemquem
772 1152 804 1214 iu
828 1149 874 1213 his
897 1168 958 1214 non
974 1168 1138 1232 numquam
1155 1151 1267 1232 syllaba
1283 1169 1339 1232 pro
1354 1154 1473 1232 integro
1488 1150 1567 1235 pede

248 1253 278 1314 in
301 1251 404 1315 ultima
428 1251 583 1316 dumtaxat
605 1271 709 1317 versus
731 1263 818 1335 parte
841 1264 966 1338 accepta
992 1256 1147 1336 propriam
1176 1254 1300 1337 impleat
1321 1254 1429 1318 thesin.
1475 1257 1567 1336 igitur

246 1355 430 1439 tetrasyllabi
453 1357 547 1440 pedes
570 1368 660 1421 crunt
682 1375 789 1420 omnes
811 1359 959 1432 sedecim,
983 1369 1016 1423 ut
1037 1361 1191 1440 geminato
1206 1376 1334 1422 numero
1359 1361 1462 1422 eaden
1484 1369 1566 1422 tara·

210 1461 328 1523 rodone
352 1459 539 1544 trisyllabos,
563 1479 651 1544 quam
674 1460 719 1524 illi
741 1460 916 1543 disyllabos,
946 1461 1137 1526 antecedant.
1184 1465 1215 1524 iu
1239 1461 1349 1542 quibus
1371 1464 1467 1542 spatia
1491 1473 1565 1526 totn-

246 1581 352 1644 porum
382 1564 619 1628 atetracbrono
647 1566 685 1628 ad
708 1565 943 1637 octacbronum,
973 1565 1004 1628 ιιι
1032 1575 1080 1630 est
1102 1584 1118 1628 a
1142 1575 1284 1647 quattuor
1312 1564 1500 1648 temporibus
1529 1565 1566 1629 ad

245 1677 326 1756 octo,
355 1666 577 1750 producuntur.
623 1687 753 1750 quorum
788 1671 873 1750 origo
908 1669 1178 1750 proceleumaticus
1208 1689 1224 1732 e
1252 1677 1394 1750 quattuor
1422 1668 1567 1732 brevibus

245 1771 421 1844 subsistens,
445 1781 479 1834 ut
501 1771 661 1844 blinucius,
686 1771 809 1836 hebebit
832 1775 1018 1838 contrarium
1033 1773 1243 1855 dispondeum,
1269 1791 1286 1835 e
1308 1781 1451 1856 quattuor
1466 1771 1564 1854 longis

245 1875 373 1946 ιιιιιιιι,
403 1885 439 1938 ut
461 1879 665 1958 compositum
686 1896 703 1938 a
726 1876 861 1960 spondeo
884 1895 996 1941 nomen
1019 1877 1164 1949 ostendit,
1193 1878 1245 1960 qul
1267 1875 1350 1940 solus
1372 1879 1404 1939 ln
1427 1875 1565 1958 tetrasyl-

208 1995 232 2036 ιι
245 1977 319 2042 labis
342 1977 560 2042 octrachronos
587 1981 651 2044 sire
681 1991 851 2045 cousensus
873 1982 1040 2052 birenitur,
1072 1983 1159 2044 cuius
1187 1980 1358 2063 exemplum
1382 1978 1564 2054 Calliclldes,

244 2082 322 2172 haud
345 2083 422 2146 alias
444 2101 535 2167 quam
557 2083 711 2166 spondeus
734 2087 814 2148 inter
837 2083 997 2166 disyllabos
1020 2084 1232 2148 tetrachronos
1256 2093 1309 2146 est.
1353 2084 1491 2166 sequitur
1512 2101 1564 2148 au·
1605 2153 1608 2161 ,

244 2187 401 2270 tispastns,
430 2189 518 2250 cuius
547 2189 646 2270 prima
675 2199 706 2252 et
733 2186 836 2252 ultima
866 2187 981 2259 brevis,
1010 2187 1126 2252 mediae
1149 2187 1224 2252 duae
1248 2186 1371 2269 longae,
1400 2187 1431 2250 id
1460 2195 1505 2250 est
1527 2207 1565 2251 ex

244 2289 343 2354 ianrbo
367 2301 397 2355 et
419 2292 563 2354 trochaeo
586 2295 787 2376 compositus,
811 2301 843 2356 ut
858 2293 1038 2374 Aristippus.
1069 2291 1140 2354 huic
1162 2293 1334 2355 contrarius
1351 2300 1397 2355 est
1413 2291 1564 2356 choriam-

245 2393 300 2458 bus
323 2413 360 2458 ex
383 2393 474 2476 longa
496 2405 528 2458 et
549 2395 667 2458 duabus
688 2394 796 2458 mediis
819 2395 962 2459 brevibus
984 2403 1015 2458 et
1037 2395 1141 2476 longa,
1173 2395 1287 2458 scillcet
1308 2413 1346 2458 ex
1368 2395 1511 2460 trochaeo
1535 2407 1565 2460 et

208 2497 344 2562 niente
368 2497 540 2581 copulatus,
571 2509 605 2563 ut
626 2499 789 2580 Penelope.
834 2519 963 2583 quorum
987 2517 1129 2563 mensura
1153 2507 1267 2563 mutato
1291 2508 1406 2564 tantum
1428 2501 1509 2563 inter
1531 2519 1564 2564 se

244 2613 414 2684 temporum
438 2601 549 2666 ordine
573 2600 668 2686 [apud
686 2600 753 2686 eos]
777 2606 928 2685 congruit.
961 2612 991 2666 at
1013 2622 1082 2666 cum
1098 2605 1183 2685 prior
1199 2602 1299 2667 bretls
1314 2602 1448 2666 subiecta
1464 2603 1562 2685 longa,

244 2723 348 2770 rursus
371 2705 473 2770 brevis
500 2705 591 2787 longa
619 2709 802 2770 terminante
825 2709 1032 2789 componitur,
1063 2711 1122 2769 erit
1144 2705 1295 2770 diiambus
1317 2725 1389 2788 pes,
1419 2706 1451 2768 id
1480 2714 1525 2769 est
1546 2727 1564 2769 e

244 2809 360 2874 duobus
382 2810 492 2873 iambis
515 2808 666 2884 adnexus,
690 2821 723 2874 ut
745 2811 926 2876 Simonides.
973 2828 1078 2874 rursus
1101 2830 1170 2874 cum
1186 2810 1419 2892 praecedentem
1441 2808 1563 2891 longam

243 2915 378 2997 sequitur
402 2913 515 2985 brerie,
545 2915 730 2995 geminatum
746 2912 758 2998 l
775 2915 833 2978 boc
855 2915 926 2979 iacit
947 2914 1173 2987 ditrochaeum,
1204 2925 1237 2978 ut
1258 2913 1445 2981 zenodorus.
1490 2933 1562 2978 cou-

207 3015 347 3080 assimilis
369 3017 467 3082 terme
489 3017 537 3081 his
559 3027 590 3082 et
610 3017 660 3080 illa
683 3019 855 3082 ionicorum
870 3017 1023 3082 ordinatio
1040 3027 1094 3081 est.
1126 3036 1196 3080 nam
1212 3018 1430 3101 praeeuntibus
1446 3017 1562 3082 duabus

243 3120 338 3204 longis
360 3120 517 3186 subiectae
540 3121 617 3186 duae
641 3123 762 3195 breves,
789 3123 883 3186 relutl
904 3121 1040 3204 spondeo
1062 3122 1235 3204 pyrrichius
1258 3121 1406 3194 adnexus,
1429 3123 1562 3186 ionicum

195 3267 198 3274 -
242 3219 307 3288 ιέιιό
329 3225 484 3310 μειζονος
506 3225 726 3307 procreabunt,
750 3235 784 3290 ut
806 3226 986 3290 Demetrius.
1032 3245 1139 3290 rursus
1162 3235 1276 3290 mutato
1299 3235 1469 3307 temporum
1491 3227 1561 3298 situ,

243 3348 310 3394 cum
333 3329 442 3394 breves
465 3332 499 3392 iu
520 3332 621 3412 prima
643 3329 725 3402 sedo,
749 3335 780 3392 ιἰι
803 3329 936 3394 secunda
951 3337 1053 3393 autem
1074 3328 1183 3412 longae
1198 3332 1441 3400 constituuntur,
1464 3328 1494 3391 id
1518 3338 1563 3392 est

243 3433 397 3515 pyrrichio
419 3432 572 3516 spondeus
594 3435 730 3515 iugotus,
754 3435 888 3498 ionicum
911 3424 980 3496 ἀπὸ
1002 3425 1189 3508 ἐλάσσονος
1211 3435 1316 3514 gignit,
1340 3442 1374 3496 ιιι
1389 3433 1560 3496 Diomedes.

206 3545 413 3620 ensequuntur
435 3540 574 3618 paeonici
597 3537 691 3620 pedes
714 3519 841 3600 numero
863 3529 1104 3619 quarternum
1127 3548 1197 3600 sunt
1219 3540 1403 3618 pentasemi:
1431 3535 1562 3619 sescupli

244 3643 322 3704 enlm
345 3643 463 3704 ratione
492 3641 676 3714 subsistunt,
704 3641 832 3724 ideoque
855 3644 962 3705 metris
993 3643 1118 3704 minime
1141 3641 1230 3704 utiles
1258 3644 1464 3704 aestimantur.
1508 3641 1561 3702 sod

242 3753 270 3806 et
292 3746 407 3826 epitriti
430 3743 502 3808 dicti
526 3746 564 3808 ob
588 3745 787 3808 adiectionem
810 3748 917 3808 tertiae
939 3749 1035 3827 partis
1058 3741 1064 3824 l
1090 3763 1211 3826 equam
1234 3756 1305 3807 sunt
1326 3763 1474 3827 paeones,
1498 3763 1561 3806 me·

308 3923 478 3992 bdipodlnm
497 3923 558 3976 AB
645 3927 856 3994 tantopodinns'
850 3941 877 3977 m
894 3926 1016 3994 dispares
1034 3921 1096 3978 AB
1184 3917 1321 3991 scetem]
1341 3939 1371 3976 ea
1389 3925 1480 3981 Aue

244 4017 274 4070 io
290 4032 342 4082 quit
359 4018 433 4076 ιιΙις
487 4021 519 4071 to
537 4017 682 4072 Calliclides
700 4033 718 4077 ς
736 4021 873 4073 rollicndes
894 4020 956 4072 AB
1007 4023 1041 4074 10
1059 3998 1195 4087 ciperem
1215 4022 1241 4071 A
1304 4020 1337 4069 11
1361 4037 1395 4070 ιιι
1413 4033 1561 4087 temporum

243 4088 330 4139 ordine
348 4103 380 4139 ac
397 4090 450 4140 situ
468 4090 604 4154 congruit?
666 4091 700 4142 11
717 4090 838 4142 diambus
858 4089 919 4142 AB
980 4091 1013 4142 13
1031 4090 1164 4146 ιιιιοιιιιις
1181 4089 1284 4140 duobus
1303 4087 1365 4139 AB
1425 4088 1561 4155 lougnme

180 4188 182 4192 .
242 4155 347 4224 longum
367 4156 430 4209 AB
499 4159 533 4209 24
550 4155 700 4210 Zettodorus
718 4161 773 4214 ςΑ
793 4159 941 4211 zenodotus
960 4158 986 4209 B
1003 4157 1062 4221 Vai,
1137 4157 1283 4209 consimilis
1303 4155 1383 4208 lernte
1402 4157 1441 4208 his
1461 4170 1478 4212 ς
1500 4172 1559 4208 cunt

242 4227 331 4276 similis
350 4225 434 4277 terme
450 4225 493 4278 his
511 4229 537 4278 Δ
560 4241 619 4277 cum
637 4227 729 4278 similis
753 4227 836 4279 lorrne
854 4227 894 4278 his
917 4228 976 4279 Vnt.
1003 4243 1062 4278 com
1080 4228 1173 4280 similis
1191 4226 1292 4278 iormae
1309 4225 1350 4276 his
1369 4225 1394 4276 B
1480 4227 1558 4277 ·181ιι

241 4297 386 4360 poderim
408 4299 465 4348 toeo
487 4312 536 4350 ont.
560 4297 586 4347 A
602 4295 662 4352 Be
759 4298 793 4349 18
815 4298 920 4363 lugetur
938 4295 1123 4348 nauseatores
1145 4297 1248 4348 Terent.
1268 4295 1357 4348 Μιιιι,
1375 4311 1401 4361 p.
1422 4298 1472 4346 121

242 4367 274 4415 31)
291 4366 435 4448 pentasemi
454 4366 582 4432 sesquipli
600 4380 617 4422 ς
633 4366 692 4416 Vat.
715 4367 855 4432 pertraslmi
873 4364 1001 4432 sesquipli
1019 4365 1045 4416 B
1068 4367 1260 4433 petressemi..
1270 4363 1382 4432 ..quipli
1400 4380 1469 4416 corr.
1495 4380 1559 4431 pen-

242 4431 348 4492 uremi’,
346 4431 501 4516 sesquipli
520 4437 545 4485 Α
620 4433 734 4502 sescupli
753 4436 822 4486 enim
844 4435 945 4486 rotlooe
962 4435 1122 4486 consistunt:
1140 4435 1187 4486 sed
1206 4449 1231 4485 et
1248 4435 1353 4500 epitriti,
1376 4433 1437 4484 dicti
1461 4432 1494 4484 ob
1512 4435 1559 4485 od-

241 4503 373 4555 lectionetn
392 4506 484 4554 tertiee
502 4505 594 4570 partie,
613 4507 759 4568 meritoque
777 4517 793 4554 ι
812 4503 916 4555 thecis
935 4504 971 4554 lta
988 4504 1051 4554 dicti
1069 4493 1219 4571 inceperat,
1247 4517 1306 4554 nem
1326 4514 1386 4552 snut
1404 4501 1558 4569 lteptesemi,

242 4572 349 4637 ideoque
366 4573 458 4624 metris
471 4573 558 4623 minos
570 4574 647 4625 etiem
660 4573 737 4624 utiles
754 4574 924 4625 aestimentur
941 4587 1019 4636 quem
1038 4587 1100 4624 etrnt
1117 4589 1239 4640 paeones.
1267 4571 1335 4623 unde
1354 4587 1368 4621 e
1385 4572 1558 4638 tetrasyllabis

242 4639 337 4692 Caesar
356 4641 560 4709 Gmndzdped.
583 4643 681 4707 princi
699 4641 739 4694 lto
738 4642 878 4724 pilotrikp.
898 4644 987 4694 169.
1035 4645 1067 4694 81
1087 4644 1268 4697 ιοιιιιιιιιιιις
1354 4641 1460 4690 minime
1482 4643 1557 4693 utiles

243 4709 375 4763 &menter
392 4713 421 4762 ιιι
443 4709 548 4765 Terent.
566 4711 696 4779 Momp
697 4715 778 4768 ,113
796 4713 902 4763 minime
920 4711 1024 4762 inutiles
1043 4712 1135 4770 ΑΒς
1221 4713 1254 4762 31
1276 4721 1301 4761 et
1318 4708 1472 4766 ιιιΑΒς

242 4780 352 4832 hanam
374 4797 453 4848 quart
474 4781 589 4832 ιιιιιιιιιιι
610 4729 954 4848 aptepeoepteettttenetar,
977 4781 1166 4849 tertiaepartis
1185 4781 1340 4831 conminus
1358 4779 1462 4830 inutiles
1480 4796 1557 4845 quum

243 4859 300 4898 sum
318 4865 441 4915 peeones.
470 4851 554 4900 mutim
572 4859 657 4902 mett
675 4851 722 4901 sed
740 4863 765 4900 et
782 4850 888 4917 epitriti,
908 4853 953 4915 qui
972 4852 1111 4902 suotitem
1130 4859 1380 4930 nupteroqmttuor,
1400 4864 1452 4899 uon
1471 4853 1557 4901 minus

243 4915 339 4969 inutiles
358 4931 420 4970 suut
442 4934 522 4983 quom
541 4933 666 5007 pneoues,
691 4921 834 4984 meritoque
852 4936 867 4971 a
886 4919 1019 4972 thecis
1014 4933 1050 4972 tto
1067 4922 1137 4980 dicti,
1160 4908 1309 4985 εἰιίτριτιιι,
1333 4919 1365 4969 ob
1389 4920 1530 4970 adiectione
1525 4936 1556 4969 tn
