<?xml version="1.0" encoding="UTF-8"?>
<!DOCTYPE html PUBLIC "-//W3C//DTD XHTML 1.0 Transitional//EN"
    "http://www.w3.org/TR/xhtml1/DTD/xhtml1-transitional.dtd">
<html xmlns="http://www.w3.org/1999/xhtml" xml:lang="en" lang="en">
 <head>
  <title>
</title>
<meta http-equiv="Content-Type" content="text/html;charset=utf-8" />
  <meta name='ocr-system' content='tesseract 3.04.00' />
  <meta name='ocr-capabilities' content='ocr_page ocr_carea ocr_par ocr_line ocrx_word'/>
</head>
<body>
  <div class='ocr_page' id='page_1' title='image "./grammaticilatin05hagagoog_0115.png"; bbox 0 0 3906 5564; ppageno 0'>
   <div class='ocr_carea' id='block_1_1' title="bbox 251 327 1546 487">
    <p class='ocr_par' dir='ltr' id='par_1_1' title="bbox 251 327 1546 487">
     <span class='ocr_line' id='line_1_1' title="bbox 627 327 1546 395; baseline -0.01 -10"><span class='ocrx_word' id='word_1_1' title='bbox 627 331 708 387; x_wconf 74' lang='lat' dir='ltr'><strong>Aur.</strong></span> <span class='ocrx_word' id='word_1_2' title='bbox 729 329 840 385; x_wconf 77' lang='lat' dir='ltr'>GRAM.</span> <span class='ocrx_word' id='word_1_3' title='bbox 866 329 937 384; x_wconf 76' lang='grc' dir='ltr'><strong>ΜΒ.</strong></span> <span class='ocrx_word' id='word_1_4' title='bbox 957 329 985 381; x_wconf 91' lang='lat'><strong>11</strong></span> <span class='ocrx_word' id='word_1_5' title='bbox 1003 331 1028 395; x_wconf 80' lang='lat'><strong>5,</strong></span> <span class='ocrx_word' id='word_1_6' title='bbox 1047 330 1143 382; x_wconf 80' lang='grc'><strong><em>2-14</em></strong></span> <span class='ocrx_word' id='word_1_7' title='bbox 1504 327 1546 392; x_wconf 83' lang='grc'><strong>85</strong></span> 
     </span>
     <span class='ocr_line' id='line_1_2' title="bbox 251 428 1513 487; baseline -0.005 -11"><span class='ocrx_word' id='word_1_8' title='bbox 251 447 272 487; x_wconf 75' lang='lat' dir='ltr'><strong>p.</strong></span> <span class='ocrx_word' id='word_1_9' title='bbox 286 434 345 476; x_wconf 80' lang='lat' dir='ltr'><strong>asso</strong></span> <span class='ocrx_word' id='word_1_10' title='bbox 360 434 385 474; x_wconf 81' lang='grc' dir='ltr'><strong>ιι</strong></span> <span class='ocrx_word' id='word_1_11' title='bbox 403 431 426 474; x_wconf 80' lang='lat' dir='ltr'><strong>r.</strong></span> <span class='ocrx_word' id='word_1_12' title='bbox 1351 441 1372 484; x_wconf 77' lang='lat' dir='ltr'><strong>p.</strong></span> <span class='ocrx_word' id='word_1_13' title='bbox 1389 431 1433 472; x_wconf 85' lang='grc' dir='ltr'>ιιι.</span> <span class='ocrx_word' id='word_1_14' title='bbox 1449 430 1473 470; x_wconf 83' lang='lat' dir='ltr'><strong>u</strong></span> <span class='ocrx_word' id='word_1_15' title='bbox 1487 428 1513 470; x_wconf 88' lang='lat' dir='ltr'><strong>u.</strong></span> 
     </span>
    </p>
   </div>
   <div class='ocr_carea' id='block_1_2' title="bbox 186 518 1546 2584">
    <p class='ocr_par' dir='ltr' id='par_1_2' title="bbox 223 518 1300 815">
     <span class='ocr_line' id='line_1_3' title="bbox 514 518 1245 605; baseline 0.004 -20"><span class='ocrx_word' id='word_1_16' title='bbox 514 520 572 586; x_wconf 88' lang='lat' dir='ltr'><strong>tale</strong></span> <span class='ocrx_word' id='word_1_17' title='bbox 596 521 684 605; x_wconf 88' lang='lat' dir='ltr'><strong>quale</strong></span> <span class='ocrx_word' id='word_1_18' title='bbox 708 539 778 584; x_wconf 85' lang='lat' dir='ltr'><strong>vere</strong></span> <span class='ocrx_word' id='word_1_19' title='bbox 801 518 888 584; x_wconf 83' lang='lat' dir='ltr'>dulce</span> <span class='ocrx_word' id='word_1_20' title='bbox 912 519 1011 584; x_wconf 76' lang='lat' dir='ltr'>sibilat</span> <span class='ocrx_word' id='word_1_21' title='bbox 1034 529 1115 584; x_wconf 89' lang='lat' dir='ltr'><strong>teres</strong></span> <span class='ocrx_word' id='word_1_22' title='bbox 1138 519 1245 588; x_wconf 82' lang='lat' dir='ltr'><strong>donax.</strong></span> 
     </span>
     <span class='ocr_line' id='line_1_4' title="bbox 223 629 292 690; baseline 0.014 -1"><span class='ocrx_word' id='word_1_23' title='bbox 223 629 292 690; x_wconf 90' lang='lat' dir='ltr'><strong>item</strong></span> 
     </span>
     <span class='ocr_line' id='line_1_5' title="bbox 468 727 1300 815; baseline -0.004 -21"><span class='ocrx_word' id='word_1_24' title='bbox 468 731 605 815; x_wconf 84' lang='lat' dir='ltr'><strong>luppiter</strong></span> <span class='ocrx_word' id='word_1_25' title='bbox 629 727 786 794; x_wconf 84' lang='lat' dir='ltr'><strong>tremenda</strong></span> <span class='ocrx_word' id='word_1_26' title='bbox 809 736 913 792; x_wconf 90' lang='lat' dir='ltr'><strong>sancte</strong></span> <span class='ocrx_word' id='word_1_27' title='bbox 937 727 994 792; x_wconf 89' lang='lat' dir='ltr'><strong>tela</strong></span> <span class='ocrx_word' id='word_1_28' title='bbox 1018 732 1070 810; x_wconf 81' lang='lat' dir='ltr'><strong>qui</strong></span> <span class='ocrx_word' id='word_1_29' title='bbox 1094 730 1176 808; x_wconf 83' lang='lat' dir='ltr'><strong>regis</strong></span> <span class='ocrx_word' id='word_1_30' title='bbox 1198 747 1300 792; x_wconf 88' lang='lat' dir='ltr'><strong>manu.</strong></span> 
     </span>
    </p>

    <p class='ocr_par' dir='ltr' id='par_1_3' title="bbox 197 830 1546 1022">
     <span class='ocr_line' id='line_1_6' title="bbox 224 830 1543 913; baseline -0.003 -15"><span class='ocrx_word' id='word_1_31' title='bbox 224 854 325 899; x_wconf 87' lang='lat' dir='ltr'><strong>rerum</strong></span> <span class='ocrx_word' id='word_1_32' title='bbox 348 835 438 898; x_wconf 90' lang='lat' dir='ltr'><strong>huius</strong></span> <span class='ocrx_word' id='word_1_33' title='bbox 460 837 630 900; x_wconf 87' lang='lat' dir='ltr'><strong>tetrametri</strong></span> <span class='ocrx_word' id='word_1_34' title='bbox 659 832 804 898; x_wconf 78' lang='lat' dir='ltr'>trochaici</span> <span class='ocrx_word' id='word_1_35' title='bbox 833 840 975 912; x_wconf 89' lang='lat' dir='ltr'><strong>quattuor</strong></span> <span class='ocrx_word' id='word_1_36' title='bbox 1005 831 1167 896; x_wconf 85' lang='lat' dir='ltr'><strong>traduntur</strong></span> <span class='ocrx_word' id='word_1_37' title='bbox 1189 851 1301 913; x_wconf 81' lang='lat' dir='ltr'><strong>genera</strong></span> <span class='ocrx_word' id='word_1_38' title='bbox 1324 833 1415 904; x_wconf 88' lang='lat' dir='ltr'><strong>haec,</strong></span> <span class='ocrx_word' id='word_1_39' title='bbox 1445 830 1543 895; x_wconf 91' lang='lat' dir='ltr'><strong>archi·</strong></span> 
     </span>
     <span class='ocr_line' id='line_1_7' title="bbox 197 935 1546 1022; baseline 0.001 -24"><span class='ocrx_word' id='word_1_40' title='bbox 197 939 372 1010; x_wconf 80' lang='lat' dir='ltr'><strong>aluchium,</strong></span> <span class='ocrx_word' id='word_1_41' title='bbox 395 941 469 1003; x_wconf 88' lang='lat' dir='ltr'><strong>item</strong></span> <span class='ocrx_word' id='word_1_42' title='bbox 494 943 656 1022; x_wconf 75' lang='lat' dir='ltr'><strong>tragicum,</strong></span> <span class='ocrx_word' id='word_1_43' title='bbox 681 937 830 1001; x_wconf 80' lang='lat' dir='ltr'><strong>couucuru</strong></span> <span class='ocrx_word' id='word_1_44' title='bbox 854 946 884 1000; x_wconf 88' lang='lat' dir='ltr'><strong>et</strong></span> <span class='ocrx_word' id='word_1_45' title='bbox 899 939 1073 1020; x_wconf 77' lang='lat' dir='ltr'><strong>satyricum.</strong></span> <span class='ocrx_word' id='word_1_46' title='bbox 1106 935 1211 1001; x_wconf 87' lang='lat' dir='ltr'><strong>volunt</strong></span> <span class='ocrx_word' id='word_1_47' title='bbox 1232 937 1312 1001; x_wconf 90' lang='lat' dir='ltr'><strong>euim</strong></span> <span class='ocrx_word' id='word_1_48' title='bbox 1329 937 1546 1000; x_wconf 80' lang='lat' dir='ltr'><strong>archilochium</strong></span> 
     </span>
    </p>

    <p class='ocr_par' dir='ltr' id='par_1_4' title="bbox 223 1039 1545 1128">
     <span class='ocr_line' id='line_1_8' title="bbox 223 1039 1545 1128; baseline -0.003 -20"><span class='ocrx_word' id='word_1_49' title='bbox 223 1063 303 1122; x_wconf 86' lang='lat' dir='ltr'><strong>esse,</strong></span> <span class='ocrx_word' id='word_1_50' title='bbox 332 1043 413 1128; x_wconf 86' lang='lat' dir='ltr'><strong>quod</strong></span> <span class='ocrx_word' id='word_1_51' title='bbox 443 1063 480 1106; x_wconf 84' lang='lat' dir='ltr'><strong>ex</strong></span> <span class='ocrx_word' id='word_1_52' title='bbox 509 1042 649 1108; x_wconf 83' lang='lat' dir='ltr'><strong>omnihus</strong></span> <span class='ocrx_word' id='word_1_53' title='bbox 672 1042 823 1106; x_wconf 80' lang='lat' dir='ltr'><strong>trochaeis</strong></span> <span class='ocrx_word' id='word_1_54' title='bbox 846 1049 980 1113; x_wconf 86' lang='lat' dir='ltr'><strong>constat,</strong></span> <span class='ocrx_word' id='word_1_55' title='bbox 1016 1042 1162 1122; x_wconf 84' lang='lat' dir='ltr'><strong>tragicum</strong></span> <span class='ocrx_word' id='word_1_56' title='bbox 1192 1052 1302 1114; x_wconf 88' lang='lat' dir='ltr'><strong>autem,</strong></span> <span class='ocrx_word' id='word_1_57' title='bbox 1332 1040 1413 1121; x_wconf 79' lang='lat' dir='ltr'><strong>quoti</strong></span> <span class='ocrx_word' id='word_1_58' title='bbox 1443 1039 1545 1124; x_wconf 87' lang='lat' dir='ltr'><strong>plures</strong></span> 
     </span>
    </p>

    <p class='ocr_par' dir='ltr' id='par_1_5' title="bbox 222 1143 1544 1232">
     <span class='ocr_line' id='line_1_9' title="bbox 222 1143 1544 1232; baseline -0.003 -20"><span class='ocrx_word' id='word_1_59' title='bbox 222 1149 371 1232; x_wconf 84' lang='lat' dir='ltr'><strong>spondeos</strong></span> <span class='ocrx_word' id='word_1_60' title='bbox 394 1146 503 1212; x_wconf 85' lang='lat' dir='ltr'><strong>haheat</strong></span> <span class='ocrx_word' id='word_1_61' title='bbox 533 1155 562 1210; x_wconf 89' lang='lat' dir='ltr'><strong>et</strong></span> <span class='ocrx_word' id='word_1_62' title='bbox 591 1149 630 1211; x_wconf 87' lang='lat' dir='ltr'><strong>sit</strong></span> <span class='ocrx_word' id='word_1_63' title='bbox 652 1147 777 1217; x_wconf 87' lang='lat' dir='ltr'><strong>elatius,</strong></span> <span class='ocrx_word' id='word_1_64' title='bbox 809 1145 958 1208; x_wconf 88' lang='lat' dir='ltr'><strong>comicum</strong></span> <span class='ocrx_word' id='word_1_65' title='bbox 989 1163 1075 1218; x_wconf 87' lang='lat' dir='ltr'><strong>vero,</strong></span> <span class='ocrx_word' id='word_1_66' title='bbox 1105 1144 1186 1226; x_wconf 81' lang='lat' dir='ltr'><strong>quod</strong></span> <span class='ocrx_word' id='word_1_67' title='bbox 1210 1144 1215 1228; x_wconf 85' lang='grc' dir='ltr'>Ι</span> <span class='ocrx_word' id='word_1_68' title='bbox 1239 1145 1406 1209; x_wconf 83' lang='lat' dir='ltr'><strong>solutiones</strong></span> <span class='ocrx_word' id='word_1_69' title='bbox 1434 1143 1544 1210; x_wconf 88' lang='lat' dir='ltr'><strong>habeat</strong></span> 
     </span>
    </p>

    <p class='ocr_par' dir='ltr' id='par_1_6' title="bbox 222 1247 1544 1337">
     <span class='ocr_line' id='line_1_10' title="bbox 222 1247 1544 1337; baseline -0.005 -21"><span class='ocrx_word' id='word_1_70' title='bbox 222 1251 393 1337; x_wconf 86' lang='lat' dir='ltr'><strong>complures</strong></span> <span class='ocrx_word' id='word_1_71' title='bbox 417 1261 446 1315; x_wconf 89' lang='lat' dir='ltr'><strong>et</strong></span> <span class='ocrx_word' id='word_1_72' title='bbox 468 1253 632 1334; x_wconf 87' lang='lat' dir='ltr'><strong>praecipue</strong></span> <span class='ocrx_word' id='word_1_73' title='bbox 654 1248 789 1332; x_wconf 81' lang='lat' dir='ltr'><strong>dactylos</strong></span> <span class='ocrx_word' id='word_1_74' title='bbox 812 1257 841 1312; x_wconf 88' lang='lat' dir='ltr'><strong>ct</strong></span> <span class='ocrx_word' id='word_1_75' title='bbox 863 1257 1057 1331; x_wconf 87' lang='lat' dir='ltr'><strong>anapaestos;</strong></span> <span class='ocrx_word' id='word_1_76' title='bbox 1087 1251 1249 1330; x_wconf 81' lang='lat' dir='ltr'><strong>satyricum</strong></span> <span class='ocrx_word' id='word_1_77' title='bbox 1273 1267 1404 1332; x_wconf 87' lang='lat' dir='ltr'><strong>quoque,</strong></span> <span class='ocrx_word' id='word_1_78' title='bbox 1427 1247 1438 1332; x_wconf 88' lang='grc' dir='ltr'><strong>ΙΙ</strong></span> <span class='ocrx_word' id='word_1_79' title='bbox 1461 1251 1544 1329; x_wconf 81' lang='lat' dir='ltr'><strong>quoe</strong></span> 
     </span>
    </p>

    <p class='ocr_par' dir='ltr' id='par_1_7' title="bbox 187 1351 1543 1543">
     <span class='ocr_line' id='line_1_11' title="bbox 222 1351 1543 1441; baseline -0.004 -20"><span class='ocrx_word' id='word_1_80' title='bbox 222 1360 357 1441; x_wconf 77' lang='lat' dir='ltr'><strong>quamvis</strong></span> <span class='ocrx_word' id='word_1_81' title='bbox 385 1355 533 1436; x_wconf 81' lang='lat' dir='ltr'><strong>plurimas</strong></span> <span class='ocrx_word' id='word_1_82' title='bbox 561 1354 679 1427; x_wconf 89' lang='lat' dir='ltr'><strong>haheat,</strong></span> <span class='ocrx_word' id='word_1_83' title='bbox 702 1362 735 1417; x_wconf 90' lang='lat' dir='ltr'><strong>nt</strong></span> <span class='ocrx_word' id='word_1_84' title='bbox 757 1355 911 1436; x_wconf 82' lang='lat' dir='ltr'><strong>superius,</strong></span> <span class='ocrx_word' id='word_1_85' title='bbox 941 1351 1119 1425; x_wconf 83' lang='lat' dir='ltr'><strong>solutiones,</strong></span> <span class='ocrx_word' id='word_1_86' title='bbox 1149 1352 1328 1437; x_wconf 83' lang='lat' dir='ltr'><strong>frequenter</strong></span> <span class='ocrx_word' id='word_1_87' title='bbox 1357 1362 1458 1418; x_wconf 87' lang='lat' dir='ltr'><strong>tamen</strong></span> <span class='ocrx_word' id='word_1_88' title='bbox 1488 1357 1543 1418; x_wconf 91' lang='lat' dir='ltr'><strong>tri·</strong></span> 
     </span>
     <span class='ocr_line' id='line_1_12' title="bbox 187 1460 628 1543; baseline -0.005 -19"><span class='ocrx_word' id='word_1_89' title='bbox 187 1477 210 1516; x_wconf 86' lang='lat'><strong>1⁰</strong></span> <span class='ocrx_word' id='word_1_90' title='bbox 223 1462 354 1543; x_wconf 73' lang='lat' dir='ltr'><strong>hrachyn</strong></span> <span class='ocrx_word' id='word_1_91' title='bbox 377 1460 501 1543; x_wconf 87' lang='lat' dir='ltr'><strong>pedem,</strong></span> <span class='ocrx_word' id='word_1_92' title='bbox 525 1466 559 1521; x_wconf 89' lang='lat' dir='ltr'><strong>ut</strong></span> <span class='ocrx_word' id='word_1_93' title='bbox 581 1470 628 1522; x_wconf 88' lang='lat' dir='ltr'><strong>est</strong></span> 
     </span>
    </p>

    <p class='ocr_par' dir='ltr' id='par_1_8' title="bbox 417 1560 1345 1648">
     <span class='ocr_line' id='line_1_13' title="bbox 417 1560 1345 1648; baseline -0.004 -22"><span class='ocrx_word' id='word_1_94' title='bbox 417 1561 516 1648; x_wconf 87' lang='lat' dir='ltr'><strong>qualis</strong></span> <span class='ocrx_word' id='word_1_95' title='bbox 537 1563 637 1646; x_wconf 78' lang='lat' dir='ltr'><strong>equulo</strong></span> <span class='ocrx_word' id='word_1_96' title='bbox 661 1564 719 1626; x_wconf 85' lang='lat' dir='ltr'><strong>cita</strong></span> <span class='ocrx_word' id='word_1_97' title='bbox 743 1560 895 1626; x_wconf 80' lang='lat' dir='ltr'><strong>celeribus</strong></span> <span class='ocrx_word' id='word_1_98' title='bbox 917 1561 1024 1642; x_wconf 85' lang='lat' dir='ltr'><strong>rapida</strong></span> <span class='ocrx_word' id='word_1_99' title='bbox 1046 1564 1149 1644; x_wconf 90' lang='lat' dir='ltr'><strong>pinnis</strong></span> <span class='ocrx_word' id='word_1_100' title='bbox 1171 1560 1345 1626; x_wconf 80' lang='lat' dir='ltr'><strong>transvolat.</strong></span> 
     </span>
    </p>

    <p class='ocr_par' dir='ltr' id='par_1_9' title="bbox 222 1664 1543 1958">
     <span class='ocr_line' id='line_1_14' title="bbox 306 1664 1543 1749; baseline -0.005 -16"><span class='ocrx_word' id='word_1_101' title='bbox 306 1671 386 1733; x_wconf 89' lang='lat' dir='ltr'><strong>Saue</strong></span> <span class='ocrx_word' id='word_1_102' title='bbox 408 1666 551 1749; x_wconf 81' lang='lat' dir='ltr'><strong>generale</strong></span> <span class='ocrx_word' id='word_1_103' title='bbox 573 1664 649 1730; x_wconf 87' lang='lat' dir='ltr'><strong>illud</strong></span> <span class='ocrx_word' id='word_1_104' title='bbox 673 1669 704 1730; x_wconf 94' lang='lat' dir='ltr'><strong>in</strong></span> <span class='ocrx_word' id='word_1_105' title='bbox 727 1665 922 1728; x_wconf 89' lang='lat' dir='ltr'><strong>huiusmodi</strong></span> <span class='ocrx_word' id='word_1_106' title='bbox 945 1667 1052 1729; x_wconf 88' lang='lat' dir='ltr'><strong>metris</strong></span> <span class='ocrx_word' id='word_1_107' title='bbox 1076 1674 1271 1746; x_wconf 83' lang='lat' dir='ltr'><strong>praeceptum</strong></span> <span class='ocrx_word' id='word_1_108' title='bbox 1296 1664 1429 1737; x_wconf 90' lang='lat' dir='ltr'><strong>tenebis,</strong></span> <span class='ocrx_word' id='word_1_109' title='bbox 1461 1664 1543 1748; x_wconf 81' lang='lat' dir='ltr'><strong>quod</strong></span> 
     </span>
     <span class='ocr_line' id='line_1_15' title="bbox 222 1767 1543 1856; baseline -0.002 -20"><span class='ocrx_word' id='word_1_110' title='bbox 222 1785 250 1836; x_wconf 90' lang='lat' dir='ltr'><strong>et</strong></span> <span class='ocrx_word' id='word_1_111' title='bbox 272 1792 362 1856; x_wconf 82' lang='lat' dir='ltr'><strong>supra</strong></span> <span class='ocrx_word' id='word_1_112' title='bbox 385 1772 530 1844; x_wconf 83' lang='lat' dir='ltr'><strong>diximus,</strong></span> <span class='ocrx_word' id='word_1_113' title='bbox 560 1767 725 1851; x_wconf 87' lang='lat' dir='ltr'><strong>particulas</strong></span> <span class='ocrx_word' id='word_1_114' title='bbox 748 1769 891 1853; x_wconf 83' lang='lat' dir='ltr'><strong>quasdam</strong></span> <span class='ocrx_word' id='word_1_115' title='bbox 915 1769 1023 1834; x_wconf 80' lang='lat' dir='ltr'><strong>breves</strong></span> <span class='ocrx_word' id='word_1_116' title='bbox 1047 1771 1138 1834; x_wconf 89' lang='lat' dir='ltr'><strong>voluti</strong></span> <span class='ocrx_word' id='word_1_117' title='bbox 1162 1779 1308 1834; x_wconf 85' lang='lat' dir='ltr'><strong>commata</strong></span> <span class='ocrx_word' id='word_1_118' title='bbox 1333 1777 1431 1834; x_wconf 88' lang='lat' dir='ltr'><strong>metro</strong></span> <span class='ocrx_word' id='word_1_119' title='bbox 1453 1778 1543 1843; x_wconf 88' lang='lat' dir='ltr'><strong>stare,</strong></span> 
     </span>
     <span class='ocr_line' id='line_1_16' title="bbox 222 1873 1543 1958; baseline -0.003 -18"><span class='ocrx_word' id='word_1_120' title='bbox 222 1880 297 1941; x_wconf 88' lang='lat' dir='ltr'><strong>sicut</strong></span> <span class='ocrx_word' id='word_1_121' title='bbox 318 1881 350 1940; x_wconf 92' lang='lat' dir='ltr'><strong>in</strong></span> <span class='ocrx_word' id='word_1_122' title='bbox 373 1875 538 1958; x_wconf 80' lang='lat' dir='ltr'><strong>tragoediis</strong></span> <span class='ocrx_word' id='word_1_123' title='bbox 560 1883 613 1938; x_wconf 85' lang='lat' dir='ltr'><strong>aut</strong></span> <span class='ocrx_word' id='word_1_124' title='bbox 636 1873 801 1938; x_wconf 87' lang='lat' dir='ltr'><strong>comoediis</strong></span> <span class='ocrx_word' id='word_1_125' title='bbox 823 1875 1008 1956; x_wconf 87' lang='lat' dir='ltr'><strong>reperimus,</strong></span> <span class='ocrx_word' id='word_1_126' title='bbox 1038 1886 1070 1938; x_wconf 92' lang='lat' dir='ltr'><strong>ut</strong></span> <span class='ocrx_word' id='word_1_127' title='bbox 1092 1894 1201 1958; x_wconf 88' lang='lat' dir='ltr'><strong>papae,</strong></span> <span class='ocrx_word' id='word_1_128' title='bbox 1234 1875 1320 1938; x_wconf 89' lang='lat' dir='ltr'><strong>eheu.</strong></span> <span class='ocrx_word' id='word_1_129' title='bbox 1367 1882 1439 1938; x_wconf 83' lang='lat' dir='ltr'><strong>suot</strong></span> <span class='ocrx_word' id='word_1_130' title='bbox 1461 1877 1543 1938; x_wconf 91' lang='lat' dir='ltr'><strong>euim</strong></span> 
     </span>
    </p>

    <p class='ocr_par' dir='ltr' id='par_1_10' title="bbox 189 1976 1544 2171">
     <span class='ocr_line' id='line_1_17' title="bbox 189 1976 1544 2063; baseline 0.001 -17"><span class='ocrx_word' id='word_1_131' title='bbox 189 1997 214 2038; x_wconf 83' lang='lat'><strong>1⁵</strong></span> <span class='ocrx_word' id='word_1_132' title='bbox 227 1990 422 2052; x_wconf 87' lang='lat' dir='ltr'><strong>monometra,</strong></span> <span class='ocrx_word' id='word_1_133' title='bbox 448 1979 478 2043; x_wconf 88' lang='lat' dir='ltr'><strong>id</strong></span> <span class='ocrx_word' id='word_1_134' title='bbox 503 1987 549 2042; x_wconf 89' lang='lat' dir='ltr'><strong>est</strong></span> <span class='ocrx_word' id='word_1_135' title='bbox 565 1997 602 2042; x_wconf 84' lang='lat' dir='ltr'><strong>ex</strong></span> <span class='ocrx_word' id='word_1_136' title='bbox 617 1997 679 2043; x_wconf 89' lang='lat' dir='ltr'><strong>uno</strong></span> <span class='ocrx_word' id='word_1_137' title='bbox 695 1978 787 2061; x_wconf 84' lang='lat' dir='ltr'><strong>pede,</strong></span> <span class='ocrx_word' id='word_1_138' title='bbox 813 1976 909 2040; x_wconf 88' lang='lat' dir='ltr'><strong>altero</strong></span> <span class='ocrx_word' id='word_1_139' title='bbox 925 1978 1036 2058; x_wconf 90' lang='lat' dir='ltr'><strong>iambo,</strong></span> <span class='ocrx_word' id='word_1_140' title='bbox 1063 1979 1156 2042; x_wconf 88' lang='lat' dir='ltr'><strong>altero</strong></span> <span class='ocrx_word' id='word_1_141' title='bbox 1172 1979 1317 2063; x_wconf 76' lang='lat' dir='ltr'><strong>subrideo,</strong></span> <span class='ocrx_word' id='word_1_142' title='bbox 1341 1977 1544 2047; x_wconf 85' lang='lat' dir='ltr'><strong>subsistentia.</strong></span> 
     </span>
     <span class='ocr_line' id='line_1_18' title="bbox 223 2084 914 2171; baseline -0.009 -21"><span class='ocrx_word' id='word_1_143' title='bbox 223 2085 332 2171; x_wconf 82' lang='lat' dir='ltr'><strong>quihus</strong></span> <span class='ocrx_word' id='word_1_144' title='bbox 354 2084 490 2148; x_wconf 86' lang='lat' dir='ltr'><strong>adlectus</strong></span> <span class='ocrx_word' id='word_1_145' title='bbox 514 2085 712 2165; x_wconf 84' lang='lat' dir='ltr'><strong>exprimhuus</strong></span> <span class='ocrx_word' id='word_1_146' title='bbox 736 2084 914 2146; x_wconf 88' lang='lat' dir='ltr'><strong>animorum.</strong></span> 
     </span>
    </p>

    <p class='ocr_par' dir='ltr' id='par_1_11' title="bbox 306 2185 1021 2272">
     <span class='ocr_line' id='line_1_19' title="bbox 306 2185 1021 2272; baseline -0.003 -20"><span class='ocrx_word' id='word_1_147' title='bbox 306 2189 402 2271; x_wconf 83' lang='lat' dir='ltr'><strong>igitur</strong></span> <span class='ocrx_word' id='word_1_148' title='bbox 424 2195 633 2272; x_wconf 82' lang='lat' dir='ltr'><strong>pentametrue</strong></span> <span class='ocrx_word' id='word_1_149' title='bbox 655 2186 835 2251; x_wconf 85' lang='lat' dir='ltr'><strong>acatalectus</strong></span> <span class='ocrx_word' id='word_1_150' title='bbox 858 2189 918 2249; x_wconf 91' lang='lat' dir='ltr'><strong>erit</strong></span> <span class='ocrx_word' id='word_1_151' title='bbox 941 2185 1021 2260; x_wconf 89' lang='lat' dir='ltr'><strong>talis,</strong></span> 
     </span>
    </p>

    <p class='ocr_par' dir='ltr' id='par_1_12' title="bbox 224 2289 1435 2461">
     <span class='ocr_line' id='line_1_20' title="bbox 321 2289 1435 2375; baseline 0.001 -21"><span class='ocrx_word' id='word_1_152' title='bbox 321 2291 458 2367; x_wconf 86' lang='lat' dir='ltr'><strong>Phoebe,</strong></span> <span class='ocrx_word' id='word_1_153' title='bbox 483 2301 515 2354; x_wconf 91' lang='lat' dir='ltr'><strong>tu</strong></span> <span class='ocrx_word' id='word_1_154' title='bbox 537 2291 600 2375; x_wconf 79' lang='lat' dir='ltr'><strong>lyra</strong></span> <span class='ocrx_word' id='word_1_155' title='bbox 624 2302 750 2356; x_wconf 87' lang='lat' dir='ltr'><strong>sonante</strong></span> <span class='ocrx_word' id='word_1_156' title='bbox 772 2291 860 2355; x_wconf 85' lang='lat' dir='ltr'><strong>ilecto</strong></span> <span class='ocrx_word' id='word_1_157' title='bbox 884 2289 1068 2355; x_wconf 81' lang='lat' dir='ltr'><strong>condacum</strong></span> <span class='ocrx_word' id='word_1_158' title='bbox 1092 2309 1198 2354; x_wconf 89' lang='lat' dir='ltr'><strong>sorore</strong></span> <span class='ocrx_word' id='word_1_159' title='bbox 1221 2289 1435 2372; x_wconf 62' lang='lat' dir='ltr'><strong>candidisque</strong></span> 
     </span>
     <span class='ocr_line' id='line_1_21' title="bbox 224 2404 538 2461; baseline 0 -1"><span class='ocrx_word' id='word_1_160' title='bbox 224 2406 414 2461; x_wconf 86' lang='lat' dir='ltr'><strong>tetrametrus</strong></span> <span class='ocrx_word' id='word_1_161' title='bbox 437 2404 538 2460; x_wconf 84' lang='lat' dir='ltr'><strong>autem</strong></span> 
     </span>
    </p>

    <p class='ocr_par' dir='ltr' id='par_1_13' title="bbox 186 2497 1324 2584">
     <span class='ocr_line' id='line_1_22' title="bbox 186 2497 1324 2584; baseline -0.003 -19"><span class='ocrx_word' id='word_1_162' title='bbox 186 2515 210 2556; x_wconf 80' lang='lat'><strong>²⁰</strong></span> <span class='ocrx_word' id='word_1_163' title='bbox 425 2499 563 2573; x_wconf 89' lang='lat' dir='ltr'><strong>Phoebe,</strong></span> <span class='ocrx_word' id='word_1_164' title='bbox 588 2507 621 2565; x_wconf 88' lang='lat' dir='ltr'><strong>tu</strong></span> <span class='ocrx_word' id='word_1_165' title='bbox 644 2499 709 2584; x_wconf 77' lang='lat' dir='ltr'><strong>lyra</strong></span> <span class='ocrx_word' id='word_1_166' title='bbox 731 2509 858 2564; x_wconf 88' lang='lat' dir='ltr'><strong>sonante</strong></span> <span class='ocrx_word' id='word_1_167' title='bbox 882 2498 970 2562; x_wconf 91' lang='lat' dir='ltr'><strong>llecte</strong></span> <span class='ocrx_word' id='word_1_168' title='bbox 994 2497 1085 2562; x_wconf 89' lang='lat' dir='ltr'><strong>corda</strong></span> <span class='ocrx_word' id='word_1_169' title='bbox 1109 2517 1177 2562; x_wconf 90' lang='lat' dir='ltr'><strong>cum</strong></span> <span class='ocrx_word' id='word_1_170' title='bbox 1201 2517 1324 2570; x_wconf 87' lang='lat' dir='ltr'><strong>sorore;</strong></span> 
     </span>
    </p>
   </div>
   <div class='ocr_carea' id='block_1_3' title="bbox 221 2609 1222 2789">
    <p class='ocr_par' dir='ltr' id='par_1_14' title="bbox 221 2609 1222 2789">
     <span class='ocr_line' id='line_1_23' title="bbox 221 2609 467 2670; baseline 0.008 -2"><span class='ocrx_word' id='word_1_171' title='bbox 221 2609 374 2670; x_wconf 80' lang='lat' dir='ltr'><strong>trimetros</strong></span> <span class='ocrx_word' id='word_1_172' title='bbox 396 2625 467 2670; x_wconf 81' lang='lat' dir='ltr'><strong>cero</strong></span> 
     </span>
     <span class='ocr_line' id='line_1_24' title="bbox 493 2709 1222 2789; baseline -0.007 -16"><span class='ocrx_word' id='word_1_173' title='bbox 493 2740 508 2755; x_wconf 94' lang='lat'><strong>··</strong></span> <span class='ocrx_word' id='word_1_174' title='bbox 541 2709 675 2789; x_wconf 80' lang='lat' dir='ltr'><strong>Phoebe,</strong></span> <span class='ocrx_word' id='word_1_175' title='bbox 699 2717 731 2772; x_wconf 84' lang='lat' dir='ltr'><strong>tu</strong></span> <span class='ocrx_word' id='word_1_176' title='bbox 753 2711 825 2789; x_wconf 82' lang='lat' dir='ltr'><strong>lyra</strong></span> <span class='ocrx_word' id='word_1_177' title='bbox 847 2717 975 2771; x_wconf 83' lang='lat' dir='ltr'><strong>sonante</strong></span> <span class='ocrx_word' id='word_1_178' title='bbox 994 2711 1084 2784; x_wconf 78' lang='lat' dir='ltr'><strong>siecle</strong></span> <span class='ocrx_word' id='word_1_179' title='bbox 1107 2709 1222 2788; x_wconf 80' lang='lat' dir='ltr'><strong>cordo,</strong></span> 
     </span>
    </p>
   </div>
   <div class='ocr_carea' id='block_1_4' title="bbox 222 2828 1158 2913">
    <p class='ocr_par' dir='ltr' id='par_1_15' title="bbox 222 2828 1158 2913">
     <span class='ocr_line' id='line_1_25' title="bbox 222 2828 1158 2913; baseline -0.005 -18"><span class='ocrx_word' id='word_1_180' title='bbox 222 2833 273 2913; x_wconf 81' lang='lat' dir='ltr'><strong>qui</strong></span> <span class='ocrx_word' id='word_1_181' title='bbox 296 2831 320 2894; x_wconf 90' lang='lat' dir='ltr'><strong>si</strong></span> <span class='ocrx_word' id='word_1_182' title='bbox 343 2829 492 2895; x_wconf 79' lang='lat' dir='ltr'><strong>cotelerio</strong></span> <span class='ocrx_word' id='word_1_183' title='bbox 516 2830 674 2902; x_wconf 89' lang='lat' dir='ltr'><strong>habuerit,</strong></span> <span class='ocrx_word' id='word_1_184' title='bbox 699 2829 880 2910; x_wconf 86' lang='lat' dir='ltr'><strong>euripidium</strong></span> <span class='ocrx_word' id='word_1_185' title='bbox 905 2836 1041 2898; x_wconf 88' lang='lat' dir='ltr'><strong>vocatur,</strong></span> <span class='ocrx_word' id='word_1_186' title='bbox 1066 2828 1158 2890; x_wconf 83' lang='lat' dir='ltr'><strong>veluti</strong></span> 
     </span>
    </p>
   </div>
   <div class='ocr_carea' id='block_1_5' title="bbox 579 2949 1180 3031">
    <p class='ocr_par' dir='ltr' id='par_1_16' title="bbox 579 2949 1180 3031">
     <span class='ocr_line' id='line_1_26' title="bbox 579 2949 1180 3031; baseline -0.007 -17"><span class='ocrx_word' id='word_1_187' title='bbox 579 2949 702 3015; x_wconf 87' lang='lat' dir='ltr'><strong>Phoebe</strong></span> <span class='ocrx_word' id='word_1_188' title='bbox 726 2958 757 3012; x_wconf 93' lang='lat' dir='ltr'><strong>tu</strong></span> <span class='ocrx_word' id='word_1_189' title='bbox 779 2949 843 3031; x_wconf 71' lang='lat' dir='ltr'><strong>lyra</strong></span> <span class='ocrx_word' id='word_1_190' title='bbox 866 2957 993 3012; x_wconf 86' lang='lat' dir='ltr'><strong>sonante</strong></span> <span class='ocrx_word' id='word_1_191' title='bbox 1016 2951 1075 3012; x_wconf 88' lang='lat' dir='ltr'><strong>iarn</strong></span> <span class='ocrx_word' id='word_1_192' title='bbox 1093 2949 1180 3018; x_wconf 74' lang='lat' dir='ltr'><strong>mihi:</strong></span> 
     </span>
    </p>
   </div>
   <div class='ocr_carea' id='block_1_6' title="bbox 187 3057 1095 3240">
    <p class='ocr_par' dir='ltr' id='par_1_17' title="bbox 187 3057 1095 3240">
     <span class='ocr_line' id='line_1_27' title="bbox 187 3057 490 3120; baseline -0.007 0"><span class='ocrx_word' id='word_1_193' title='bbox 187 3079 211 3120; x_wconf 82' lang='lat' dir='ltr'><strong>n</strong></span> <span class='ocrx_word' id='word_1_194' title='bbox 224 3057 368 3120; x_wconf 87' lang='lat' dir='ltr'><strong>dimetrus</strong></span> <span class='ocrx_word' id='word_1_195' title='bbox 390 3066 490 3119; x_wconf 87' lang='lat' dir='ltr'><strong>autem</strong></span> 
     </span>
     <span class='ocr_line' id='line_1_28' title="bbox 665 3155 1095 3240; baseline -0.009 -18"><span class='ocrx_word' id='word_1_196' title='bbox 665 3158 785 3222; x_wconf 86' lang='lat' dir='ltr'><strong>Phoebe</strong></span> <span class='ocrx_word' id='word_1_197' title='bbox 810 3167 841 3220; x_wconf 92' lang='lat' dir='ltr'><strong>tu</strong></span> <span class='ocrx_word' id='word_1_198' title='bbox 865 3155 928 3240; x_wconf 76' lang='lat' dir='ltr'><strong>lyra</strong></span> <span class='ocrx_word' id='word_1_199' title='bbox 952 3167 1095 3226; x_wconf 85' lang='lat' dir='ltr'><strong>sonante,</strong></span> 
     </span>
    </p>
   </div>
   <div class='ocr_carea' id='block_1_7' title="bbox 152 3277 1543 3467">
    <p class='ocr_par' dir='ltr' id='par_1_18' title="bbox 152 3277 1543 3467">
     <span class='ocr_line' id='line_1_29' title="bbox 152 3277 1542 3366; baseline -0.004 -21"><span class='ocrx_word' id='word_1_200' title='bbox 152 3297 157 3304; x_wconf 86' lang='lat'>·</span> <span class='ocrx_word' id='word_1_201' title='bbox 221 3280 298 3366; x_wconf 81' lang='lat' dir='ltr'><strong>quod</strong></span> <span class='ocrx_word' id='word_1_202' title='bbox 322 3279 480 3362; x_wconf 80' lang='lat' dir='ltr'><strong>angelicon</strong></span> <span class='ocrx_word' id='word_1_203' title='bbox 503 3289 637 3343; x_wconf 81' lang='lat' dir='ltr'><strong>vocatur.</strong></span> <span class='ocrx_word' id='word_1_204' title='bbox 683 3279 760 3361; x_wconf 82' lang='lat' dir='ltr'><strong>quod</strong></span> <span class='ocrx_word' id='word_1_205' title='bbox 784 3281 811 3341; x_wconf 89' lang='lat' dir='ltr'><strong>si</strong></span> <span class='ocrx_word' id='word_1_206' title='bbox 835 3297 895 3340; x_wconf 90' lang='lat' dir='ltr'><strong>uuo</strong></span> <span class='ocrx_word' id='word_1_207' title='bbox 918 3277 995 3362; x_wconf 70' lang='lat' dir='ltr'><strong>pelle</strong></span> <span class='ocrx_word' id='word_1_208' title='bbox 1019 3277 1139 3340; x_wconf 84' lang='lat' dir='ltr'><strong>brevius</strong></span> <span class='ocrx_word' id='word_1_209' title='bbox 1163 3299 1252 3359; x_wconf 67' lang='lat' dir='ltr'><strong>quiam</strong></span> <span class='ocrx_word' id='word_1_210' title='bbox 1276 3297 1355 3340; x_wconf 89' lang='lat' dir='ltr'><strong>nunc</strong></span> <span class='ocrx_word' id='word_1_211' title='bbox 1380 3288 1426 3341; x_wconf 89' lang='lat' dir='ltr'><strong>est</strong></span> <span class='ocrx_word' id='word_1_212' title='bbox 1442 3281 1542 3350; x_wconf 86' lang='lat' dir='ltr'><strong>luerit,</strong></span> 
     </span>
     <span class='ocr_line' id='line_1_30' title="bbox 222 3379 1543 3467; baseline -0.005 -19"><span class='ocrx_word' id='word_1_213' title='bbox 222 3389 280 3448; x_wconf 88' lang='lat' dir='ltr'><strong>erit</strong></span> <span class='ocrx_word' id='word_1_214' title='bbox 307 3384 534 3467; x_wconf 77' lang='lat' dir='ltr'><strong>ithyphallicum</strong></span> <span class='ocrx_word' id='word_1_215' title='bbox 564 3393 710 3455; x_wconf 85' lang='lat' dir='ltr'><strong>metrum,</strong></span> <span class='ocrx_word' id='word_1_216' title='bbox 739 3386 894 3446; x_wconf 80' lang='lat' dir='ltr'><strong>inventum</strong></span> <span class='ocrx_word' id='word_1_217' title='bbox 924 3381 960 3444; x_wconf 93' lang='lat' dir='ltr'><strong>ab</strong></span> <span class='ocrx_word' id='word_1_218' title='bbox 990 3379 1185 3451; x_wconf 83' lang='lat' dir='ltr'><strong>Archilocho,</strong></span> <span class='ocrx_word' id='word_1_219' title='bbox 1222 3402 1237 3444; x_wconf 88' lang='lat' dir='ltr'><strong>e</strong></span> <span class='ocrx_word' id='word_1_220' title='bbox 1268 3381 1363 3444; x_wconf 89' lang='lat' dir='ltr'><strong>trihus</strong></span> <span class='ocrx_word' id='word_1_221' title='bbox 1392 3383 1543 3445; x_wconf 78' lang='lat' dir='ltr'><strong>trochaeis</strong></span> 
     </span>
    </p>
   </div>
   <div class='ocr_carea' id='block_1_8' title="bbox 185 3490 1084 3672">
    <p class='ocr_par' dir='ltr' id='par_1_19' title="bbox 185 3490 1084 3672">
     <span class='ocr_line' id='line_1_31' title="bbox 222 3490 467 3560; baseline -0.012 -8"><span class='ocrx_word' id='word_1_222' title='bbox 222 3490 404 3560; x_wconf 88' lang='lat' dir='ltr'><strong>coniunctis,</strong></span> <span class='ocrx_word' id='word_1_223' title='bbox 434 3497 467 3550; x_wconf 92' lang='lat' dir='ltr'><strong>ut</strong></span> 
     </span>
     <span class='ocr_line' id='line_1_32' title="bbox 185 3588 1084 3672; baseline -0.006 -17"><span class='ocrx_word' id='word_1_224' title='bbox 185 3615 211 3655; x_wconf 88' lang='lat' dir='ltr'><strong>ao</strong></span> <span class='ocrx_word' id='word_1_225' title='bbox 505 3611 509 3617; x_wconf 78' lang='grc'><strong>’</strong></span> <span class='ocrx_word' id='word_1_226' title='bbox 677 3590 794 3653; x_wconf 89' lang='lat' dir='ltr'><strong>Bacche</strong></span> <span class='ocrx_word' id='word_1_227' title='bbox 819 3588 928 3672; x_wconf 86' lang='lat' dir='ltr'><strong>plaude</strong></span> <span class='ocrx_word' id='word_1_228' title='bbox 952 3588 1084 3660; x_wconf 88' lang='lat' dir='ltr'><strong>Bacche,</strong></span> 
     </span>
    </p>
   </div>
   <div class='ocr_carea' id='block_1_9' title="bbox 222 3707 1369 3796">
    <p class='ocr_par' dir='ltr' id='par_1_20' title="bbox 222 3707 1369 3796">
     <span class='ocr_line' id='line_1_33' title="bbox 222 3707 1369 3796; baseline -0.003 -20"><span class='ocrx_word' id='word_1_229' title='bbox 222 3713 299 3796; x_wconf 81' lang='lat' dir='ltr'><strong>quod</strong></span> <span class='ocrx_word' id='word_1_230' title='bbox 323 3715 354 3776; x_wconf 91' lang='lat' dir='ltr'><strong>in</strong></span> <span class='ocrx_word' id='word_1_231' title='bbox 377 3713 526 3776; x_wconf 85' lang='lat' dir='ltr'><strong>honorem</strong></span> <span class='ocrx_word' id='word_1_232' title='bbox 549 3711 684 3776; x_wconf 84' lang='lat' dir='ltr'><strong>eiusdem</strong></span> <span class='ocrx_word' id='word_1_233' title='bbox 708 3710 756 3773; x_wconf 89' lang='lat' dir='ltr'><strong>dei</strong></span> <span class='ocrx_word' id='word_1_234' title='bbox 779 3718 887 3794; x_wconf 86' lang='lat' dir='ltr'><strong>poetae</strong></span> <span class='ocrx_word' id='word_1_235' title='bbox 911 3707 1142 3794; x_wconf 86' lang='lat' dir='ltr'><strong>[compositum]</strong></span> <span class='ocrx_word' id='word_1_236' title='bbox 1168 3709 1369 3794; x_wconf 85' lang='lat' dir='ltr'><strong>protulerunt.</strong></span> 
     </span>
    </p>
   </div>
   <div class='ocr_carea' id='block_1_10' title="bbox 227 3837 427 3847">
    <p class='ocr_par' dir='ltr' id='par_1_21' title="bbox 227 3837 427 3847">
     <span class='ocr_line' id='line_1_34' title="bbox 227 3837 427 3847; baseline -0.005 0"><span class='ocrx_word' id='word_1_237' title='bbox 227 3837 427 3847; x_wconf 82' lang='lat'>..—.-.—--</span> 
     </span>
    </p>
   </div>
   <div class='ocr_carea' id='block_1_11' title="bbox 290 3916 1036 3984">
    <p class='ocr_par' dir='ltr' id='par_1_22' title="bbox 290 3916 1036 3984">
     <span class='ocr_line' id='line_1_35' title="bbox 290 3916 1036 3984; baseline -0.008 -11"><span class='ocrx_word' id='word_1_238' title='bbox 290 3925 304 3973; x_wconf 87' lang='grc'><strong><em>1</em></strong></span> <span class='ocrx_word' id='word_1_239' title='bbox 322 3922 372 3973; x_wconf 85' lang='lat' dir='ltr'><strong>tole</strong></span> <span class='ocrx_word' id='word_1_240' title='bbox 390 3922 457 3973; x_wconf 82' lang='lat' dir='ltr'><strong>Alit.</strong></span> <span class='ocrx_word' id='word_1_241' title='bbox 476 3920 549 3972; x_wconf 82' lang='lat' dir='ltr'><strong>Fert.</strong></span> <span class='ocrx_word' id='word_1_242' title='bbox 567 3921 637 3972; x_wconf 82' lang='grc'><strong><em>2693</em></strong></span> <span class='ocrx_word' id='word_1_243' title='bbox 700 3921 742 3973; x_wconf 89' lang='grc'><strong>,30</strong></span> <span class='ocrx_word' id='word_1_244' title='bbox 761 3916 860 3968; x_wconf 86' lang='lat' dir='ltr'><strong>Bacche</strong></span> <span class='ocrx_word' id='word_1_245' title='bbox 877 3934 904 3984; x_wconf 83' lang='lat' dir='ltr'><strong>p.</strong></span> <span class='ocrx_word' id='word_1_246' title='bbox 926 3919 987 3976; x_wconf 79' lang='grc'><strong><em>129,</em></strong></span> <span class='ocrx_word' id='word_1_247' title='bbox 1001 3920 1036 3967; x_wconf 76' lang='grc'><strong>26</strong></span> 
     </span>
    </p>
   </div>
   <div class='ocr_carea' id='block_1_12' title="bbox 221 4105 1545 4314">
    <p class='ocr_par' dir='ltr' id='par_1_23' title="bbox 221 4105 1545 4314">
     <span class='ocr_line' id='line_1_36' title="bbox 290 4105 1545 4179; baseline -0.002 -15"><span class='ocrx_word' id='word_1_248' title='bbox 290 4115 303 4164; x_wconf 91' lang='grc'><strong><em>1</em></strong></span> <span class='ocrx_word' id='word_1_249' title='bbox 322 4107 385 4179; x_wconf 85' lang='lat' dir='ltr'><strong>tale]</strong></span> <span class='ocrx_word' id='word_1_250' title='bbox 405 4111 525 4178; x_wconf 75' lang='lat' dir='ltr'><strong>Septimi</strong></span> <span class='ocrx_word' id='word_1_251' title='bbox 542 4108 636 4162; x_wconf 78' lang='lat' dir='ltr'><strong>Sereni</strong></span> <span class='ocrx_word' id='word_1_252' title='bbox 652 4124 751 4161; x_wconf 72' lang='lat' dir='ltr'><strong>cerem</strong></span> <span class='ocrx_word' id='word_1_253' title='bbox 769 4123 826 4160; x_wconf 86' lang='lat' dir='ltr'><strong>ease</strong></span> <span class='ocrx_word' id='word_1_254' title='bbox 845 4109 993 4174; x_wconf 71' lang='lat' dir='ltr'><strong>suspicatur</strong></span> <span class='ocrx_word' id='word_1_255' title='bbox 1017 4105 1212 4172; x_wconf 81' lang='lat' dir='ltr'><strong>Werasrlcrfiur</strong></span> <span class='ocrx_word' id='word_1_256' title='bbox 1236 4115 1306 4174; x_wconf 77' lang='lat' dir='ltr'><strong>poet.</strong></span> <span class='ocrx_word' id='word_1_257' title='bbox 1326 4111 1371 4163; x_wconf 81' lang='lat' dir='ltr'><strong>lot.</strong></span> <span class='ocrx_word' id='word_1_258' title='bbox 1390 4111 1447 4162; x_wconf 72' lang='lat' dir='ltr'><strong>odo.</strong></span> <span class='ocrx_word' id='word_1_259' title='bbox 1466 4129 1488 4161; x_wconf 88' lang='lat' dir='ltr'><strong>o.</strong></span> <span class='ocrx_word' id='word_1_260' title='bbox 1509 4111 1545 4163; x_wconf 88' lang='grc' dir='ltr'><strong>ΙΙ</strong></span> 
     </span>
     <span class='ocr_line' id='line_1_37' title="bbox 221 4176 1542 4248; baseline -0.002 -15"><span class='ocrx_word' id='word_1_261' title='bbox 221 4200 247 4248; x_wconf 83' lang='lat' dir='ltr'><strong>p.</strong></span> <span class='ocrx_word' id='word_1_262' title='bbox 267 4185 316 4233; x_wconf 85' lang='grc'><strong>291</strong></span> <span class='ocrx_word' id='word_1_263' title='bbox 402 4183 419 4232; x_wconf 87' lang='grc'><strong><em>2</em></strong></span> <span class='ocrx_word' id='word_1_264' title='bbox 441 4180 502 4230; x_wconf 83' lang='lat' dir='ltr'><strong>item</strong></span> <span class='ocrx_word' id='word_1_265' title='bbox 522 4205 553 4216; x_wconf 88' lang='lat'><em>-</em></span> <span class='ocrx_word' id='word_1_266' title='bbox 572 4181 588 4231; x_wconf 84' lang='lat'>3</span> <span class='ocrx_word' id='word_1_267' title='bbox 608 4194 686 4228; x_wconf 87' lang='lat' dir='ltr'><strong>mauu</strong></span> <span class='ocrx_word' id='word_1_268' title='bbox 704 4178 753 4230; x_wconf 79' lang='lat' dir='ltr'><strong>hoc</strong></span> <span class='ocrx_word' id='word_1_269' title='bbox 776 4181 831 4230; x_wconf 84' lang='lat' dir='ltr'><strong>loco</strong></span> <span class='ocrx_word' id='word_1_270' title='bbox 856 4178 950 4228; x_wconf 79' lang='lat' dir='ltr'><strong>omissa</strong></span> <span class='ocrx_word' id='word_1_271' title='bbox 969 4183 1031 4242; x_wconf 80' lang='lat' dir='ltr'><strong>poet</strong></span> <span class='ocrx_word' id='word_1_272' title='bbox 1053 4178 1069 4228; x_wconf 87' lang='grc'>8</span> <span class='ocrx_word' id='word_1_273' title='bbox 1094 4176 1238 4243; x_wconf 83' lang='lat' dir='ltr'><strong>complures</strong></span> <span class='ocrx_word' id='word_1_274' title='bbox 1262 4179 1363 4244; x_wconf 71' lang='lat' dir='ltr'><strong>scripta</strong></span> <span class='ocrx_word' id='word_1_275' title='bbox 1385 4187 1445 4230; x_wconf 80' lang='lat' dir='ltr'><strong>eunt</strong></span> <span class='ocrx_word' id='word_1_276' title='bbox 1466 4181 1492 4230; x_wconf 83' lang='lat' dir='ltr'><strong>ln</strong></span> <span class='ocrx_word' id='word_1_277' title='bbox 1517 4183 1542 4233; x_wconf 82' lang='lat' dir='ltr'><em>A</em></span> 
     </span>
     <span class='ocr_line' id='line_1_38' title="bbox 223 4245 1541 4314; baseline -0.003 -11"><span class='ocrx_word' id='word_1_278' title='bbox 223 4251 276 4310; x_wconf 77' lang='grc' dir='ltr'><strong>Βς</strong></span> <span class='ocrx_word' id='word_1_279' title='bbox 335 4253 460 4302; x_wconf 74' lang='grc' dir='ltr'>3ειιιιειο</span> <span class='ocrx_word' id='word_1_280' title='bbox 479 4247 591 4312; x_wconf 85' lang='lat' dir='ltr'><strong>telequi</strong></span> <span class='ocrx_word' id='word_1_281' title='bbox 610 4249 679 4314; x_wconf 83' lang='lat' dir='ltr'><strong>regis</strong></span> <span class='ocrx_word' id='word_1_282' title='bbox 698 4245 981 4310; x_wconf 74' lang='lat' dir='ltr'><strong>manoesonooqoi</strong></span> <span class='ocrx_word' id='word_1_283' title='bbox 1000 4246 1070 4311; x_wconf 81' lang='lat' dir='ltr'><strong>regis</strong></span> <span class='ocrx_word' id='word_1_284' title='bbox 1090 4261 1168 4296; x_wconf 87' lang='grc' dir='ltr'>ιιιιιιιιι</span> <span class='ocrx_word' id='word_1_285' title='bbox 1188 4247 1236 4296; x_wconf 86' lang='lat' dir='ltr'><strong>tela</strong></span> <span class='ocrx_word' id='word_1_286' title='bbox 1256 4245 1320 4298; x_wconf 84' lang='lat' dir='ltr'><strong>AB</strong></span> <span class='ocrx_word' id='word_1_287' title='bbox 1381 4249 1541 4300; x_wconf 76' lang='lat' dir='ltr'><strong>boemicum</strong></span> 
     </span>
    </p>
   </div>
   <div class='ocr_carea' id='block_1_13' title="bbox 223 4319 1543 4758">
    <p class='ocr_par' dir='ltr' id='par_1_24' title="bbox 223 4319 1543 4611">
     <span class='ocr_line' id='line_1_39' title="bbox 223 4319 1541 4402; baseline -0.002 -15"><span class='ocrx_word' id='word_1_288' title='bbox 223 4347 246 4387; x_wconf 83' lang='lat' dir='ltr'><strong>et</strong></span> <span class='ocrx_word' id='word_1_289' title='bbox 264 4337 404 4402; x_wconf 74' lang='lat' dir='ltr'><strong>satyricum</strong></span> <span class='ocrx_word' id='word_1_290' title='bbox 423 4335 449 4387; x_wconf 87' lang='lat' dir='ltr'><em>B</em></span> <span class='ocrx_word' id='word_1_291' title='bbox 477 4335 603 4386; x_wconf 88' lang='lat' dir='ltr'><strong>comicum</strong></span> <span class='ocrx_word' id='word_1_292' title='bbox 622 4335 699 4386; x_wconf 86' lang='lat' dir='ltr'><strong>etiam</strong></span> <span class='ocrx_word' id='word_1_293' title='bbox 718 4319 775 4396; x_wconf 75' lang='lat' dir='ltr'><strong>(e&#39;T&#39;</strong></span> <span class='ocrx_word' id='word_1_294' title='bbox 793 4331 832 4398; x_wconf 78' lang='lat' dir='ltr'><strong>A)</strong></span> <span class='ocrx_word' id='word_1_295' title='bbox 856 4333 996 4398; x_wconf 70' lang='lat' dir='ltr'><strong>satyricum</strong></span> <span class='ocrx_word' id='word_1_296' title='bbox 1014 4334 1071 4388; x_wconf 85' lang='grc' dir='ltr'><strong>Ας</strong></span> <span class='ocrx_word' id='word_1_297' title='bbox 1158 4333 1174 4384; x_wconf 87' lang='grc'>8</span> <span class='ocrx_word' id='word_1_298' title='bbox 1193 4348 1297 4398; x_wconf 90' lang='lat' dir='ltr'><strong>quoque</strong></span> <span class='ocrx_word' id='word_1_299' title='bbox 1315 4334 1352 4397; x_wconf 78' lang='lat' dir='ltr'><strong>qn</strong></span> <span class='ocrx_word' id='word_1_300' title='bbox 1370 4332 1496 4400; x_wconf 86' lang='lat' dir='ltr'><strong>plurimas</strong></span> <span class='ocrx_word' id='word_1_301' title='bbox 1516 4337 1541 4388; x_wconf 81' lang='grc' dir='ltr'><em>Α</em></span> 
     </span>
     <span class='ocr_line' id='line_1_40' title="bbox 223 4400 1542 4473; baseline -0.001 -17"><span class='ocrx_word' id='word_1_302' title='bbox 223 4421 322 4471; x_wconf 87' lang='lat' dir='ltr'><strong>quoqne</strong></span> <span class='ocrx_word' id='word_1_303' title='bbox 339 4421 397 4456; x_wconf 87' lang='lat' dir='ltr'><strong>cnm</strong></span> <span class='ocrx_word' id='word_1_304' title='bbox 411 4405 536 4473; x_wconf 81' lang='lat' dir='ltr'><strong>plurimus</strong></span> <span class='ocrx_word' id='word_1_305' title='bbox 556 4403 609 4460; x_wconf 67' lang='lat' dir='ltr'><strong>en</strong></span> <span class='ocrx_word' id='word_1_306' title='bbox 663 4406 693 4454; x_wconf 89' lang='lat' dir='ltr'><strong>ll</strong></span> <span class='ocrx_word' id='word_1_307' title='bbox 714 4400 811 4470; x_wconf 84' lang='lat' dir='ltr'><strong>qualia]</strong></span> <span class='ocrx_word' id='word_1_308' title='bbox 832 4413 859 4453; x_wconf 88' lang='lat' dir='ltr'><strong>ut</strong></span> <span class='ocrx_word' id='word_1_309' title='bbox 878 4413 918 4453; x_wconf 86' lang='lat' dir='ltr'><strong>est</strong></span> <span class='ocrx_word' id='word_1_310' title='bbox 935 4400 998 4452; x_wconf 90' lang='lat' dir='ltr'><strong>illud</strong></span> <span class='ocrx_word' id='word_1_311' title='bbox 1016 4401 1087 4468; x_wconf 71' lang='lat' dir='ltr'><strong>apriti</strong></span> <span class='ocrx_word' id='word_1_312' title='bbox 1100 4403 1198 4464; x_wconf 90' lang='lat' dir='ltr'><strong>iubam,</strong></span> <span class='ocrx_word' id='word_1_313' title='bbox 1217 4401 1301 4466; x_wconf 83' lang='lat' dir='ltr'><strong>qualis</strong></span> <span class='ocrx_word' id='word_1_314' title='bbox 1314 4403 1400 4467; x_wconf 84' lang='lat' dir='ltr'><strong>aquila</strong></span> <span class='ocrx_word' id='word_1_315' title='bbox 1413 4404 1463 4454; x_wconf 85' lang='lat' dir='ltr'><strong>cita</strong></span> <span class='ocrx_word' id='word_1_316' title='bbox 1475 4404 1542 4455; x_wconf 86' lang='lat' dir='ltr'><strong>cele-</strong></span> 
     </span>
     <span class='ocr_line' id='line_1_41' title="bbox 223 4471 1542 4542; baseline 0.002 -19"><span class='ocrx_word' id='word_1_317' title='bbox 223 4477 291 4528; x_wconf 85' lang='lat' dir='ltr'><strong>n&#39;hns</strong></span> <span class='ocrx_word' id='word_1_318' title='bbox 310 4475 386 4526; x_wconf 84' lang='lat' dir='ltr'><strong>avida</strong></span> <span class='ocrx_word' id='word_1_319' title='bbox 404 4475 493 4542; x_wconf 82' lang='lat' dir='ltr'><strong>pinnis</strong></span> <span class='ocrx_word' id='word_1_320' title='bbox 513 4473 655 4524; x_wconf 77' lang='lat' dir='ltr'><strong>transvolat</strong></span> <span class='ocrx_word' id='word_1_321' title='bbox 674 4472 780 4524; x_wconf 78' lang='lat' dir='ltr'><strong>Mollior</strong></span> <span class='ocrx_word' id='word_1_322' title='bbox 794 4471 946 4524; x_wconf 80' lang='lat' dir='ltr'><strong>Theodorus</strong></span> <span class='ocrx_word' id='word_1_323' title='bbox 955 4488 984 4538; x_wconf 83' lang='lat' dir='ltr'><strong>p.</strong></span> <span class='ocrx_word' id='word_1_324' title='bbox 997 4473 1048 4522; x_wconf 76' lang='grc'><strong>548</strong></span> <span class='ocrx_word' id='word_1_325' title='bbox 1061 4472 1102 4522; x_wconf 82' lang='lat' dir='ltr'><strong>ed.</strong></span> <span class='ocrx_word' id='word_1_326' title='bbox 1119 4472 1202 4536; x_wconf 79' lang='lat' dir='ltr'><strong>Golas.</strong></span> <span class='ocrx_word' id='word_1_327' title='bbox 1267 4471 1358 4538; x_wconf 80' lang='lat' dir='ltr'><strong>rapido</strong></span> <span class='ocrx_word' id='word_1_328' title='bbox 1376 4485 1393 4528; x_wconf 82' lang='grc' dir='ltr'><strong><em>ς</em></strong></span> <span class='ocrx_word' id='word_1_329' title='bbox 1416 4474 1542 4540; x_wconf 82' lang='lat' dir='ltr'><strong>rapiendo</strong></span> 
     </span>
     <span class='ocr_line' id='line_1_42' title="bbox 224 4541 1543 4611; baseline -0.002 -15"><span class='ocrx_word' id='word_1_330' title='bbox 224 4544 285 4598; x_wconf 78' lang='lat' dir='ltr'><strong>AB</strong></span> <span class='ocrx_word' id='word_1_331' title='bbox 346 4545 379 4596; x_wconf 84' lang='lat'><strong>13</strong></span> <span class='ocrx_word' id='word_1_332' title='bbox 397 4541 618 4611; x_wconf 79' lang='lat' dir='ltr'><strong>eupraJp,78,8</strong></span> <span class='ocrx_word' id='word_1_333' title='bbox 672 4543 704 4593; x_wconf 82' lang='grc'><strong>17</strong></span> <span class='ocrx_word' id='word_1_334' title='bbox 723 4552 900 4608; x_wconf 77' lang='lat' dir='ltr'><strong>peritametrcs</strong></span> <span class='ocrx_word' id='word_1_335' title='bbox 913 4541 1067 4591; x_wconf 86' lang='lat' dir='ltr'><strong>acatalectcs</strong></span> <span class='ocrx_word' id='word_1_336' title='bbox 1087 4544 1109 4593; x_wconf 80' lang='lat' dir='ltr'><em>A</em></span> <span class='ocrx_word' id='word_1_337' title='bbox 1128 4551 1301 4608; x_wconf 86' lang='lat' dir='ltr'><strong>pentametros</strong></span> <span class='ocrx_word' id='word_1_338' title='bbox 1315 4541 1469 4592; x_wconf 85' lang='lat' dir='ltr'><strong>acatalectus</strong></span> <span class='ocrx_word' id='word_1_339' title='bbox 1489 4543 1543 4598; x_wconf 80' lang='grc' dir='ltr'><strong>ςΒ</strong></span> 
     </span>
    </p>

    <p class='ocr_par' dir='ltr' id='par_1_25' title="bbox 224 4610 1541 4758">
     <span class='ocr_line' id='line_1_43' title="bbox 290 4610 1541 4678; baseline -0.001 -13"><span class='ocrx_word' id='word_1_340' title='bbox 290 4615 321 4668; x_wconf 81' lang='grc'><strong>18</strong></span> <span class='ocrx_word' id='word_1_341' title='bbox 339 4614 499 4678; x_wconf 82' lang='lat' dir='ltr'><strong>canticisque</strong></span> <span class='ocrx_word' id='word_1_342' title='bbox 517 4625 534 4670; x_wconf 81' lang='grc' dir='ltr'>ς</span> <span class='ocrx_word' id='word_1_343' title='bbox 599 4615 631 4664; x_wconf 85' lang='grc'><strong>19</strong></span> <span class='ocrx_word' id='word_1_344' title='bbox 650 4621 812 4662; x_wconf 80' lang='lat' dir='ltr'><strong>tetrametrus</strong></span> <span class='ocrx_word' id='word_1_345' title='bbox 832 4610 884 4668; x_wconf 84' lang='grc' dir='ltr'><strong>ςΒ</strong></span> <span class='ocrx_word' id='word_1_346' title='bbox 903 4621 1064 4662; x_wconf 83' lang='lat' dir='ltr'><strong>tetrametros</strong></span> <span class='ocrx_word' id='word_1_347' title='bbox 1083 4611 1108 4661; x_wconf 78' lang='lat' dir='ltr'><em>A</em></span> <span class='ocrx_word' id='word_1_348' title='bbox 1175 4613 1207 4661; x_wconf 93' lang='grc'><strong>21</strong></span> <span class='ocrx_word' id='word_1_349' title='bbox 1228 4611 1356 4661; x_wconf 82' lang='lat' dir='ltr'><strong>trimetrus</strong></span> <span class='ocrx_word' id='word_1_350' title='bbox 1376 4627 1436 4662; x_wconf 81' lang='lat' dir='ltr'><strong>veru</strong></span> <span class='ocrx_word' id='word_1_351' title='bbox 1456 4638 1488 4648; x_wconf 96' lang='lat'>-</span> <span class='ocrx_word' id='word_1_352' title='bbox 1508 4615 1541 4664; x_wconf 89' lang='grc'><strong>22</strong></span> 
     </span>
     <span class='ocr_line' id='line_1_44' title="bbox 224 4678 1541 4758; baseline 0 -26"><span class='ocrx_word' id='word_1_353' title='bbox 224 4683 298 4734; x_wconf 76' lang='lat' dir='ltr'><strong>corrla</strong></span> <span class='ocrx_word' id='word_1_354' title='bbox 317 4682 473 4740; x_wconf 67' lang='grc' dir='ltr'><strong>οτιΑΒς</strong></span> <span class='ocrx_word' id='word_1_355' title='bbox 542 4681 924 4758; x_wconf 60' lang='grc' dir='ltr'><strong>21ιεὶοιιι.11,αιιιι.ιι1ῐιι1.Ι</strong></span> <span class='ocrx_word' id='word_1_356' title='bbox 988 4689 1254 4736; x_wconf 76' lang='lat' dir='ltr'><strong>uocatursuocetur</strong></span> <span class='ocrx_word' id='word_1_357' title='bbox 1273 4678 1333 4730; x_wconf 80' lang='lat' dir='ltr'><strong>AB</strong></span> <span class='ocrx_word' id='word_1_358' title='bbox 1408 4681 1541 4732; x_wconf 67' lang='lat' dir='ltr'><strong>‘ludima-</strong></span> 
     </span>
    </p>
   </div>
   <div class='ocr_carea' id='block_1_14' title="bbox 133 4759 1542 4982">
    <p class='ocr_par' dir='ltr' id='par_1_26' title="bbox 133 4759 1542 4982">
     <span class='ocr_line' id='line_1_45' title="bbox 225 4759 1540 4842; baseline -0.002 -14"><span class='ocrx_word' id='word_1_359' title='bbox 225 4789 275 4829; x_wconf 81' lang='lat' dir='ltr'><strong>trus</strong></span> <span class='ocrx_word' id='word_1_360' title='bbox 293 4777 349 4835; x_wconf 65' lang='lat' dir='ltr'><strong>§B</strong></span> <span class='ocrx_word' id='word_1_361' title='bbox 376 4777 501 4830; x_wconf 85' lang='lat' dir='ltr'><strong>dimetros</strong></span> <span class='ocrx_word' id='word_1_362' title='bbox 520 4781 545 4830; x_wconf 85' lang='grc' dir='ltr'><em>Α</em></span> <span class='ocrx_word' id='word_1_363' title='bbox 633 4777 666 4829; x_wconf 80' lang='grc'><strong>27</strong></span> <span class='ocrx_word' id='word_1_364' title='bbox 685 4775 826 4830; x_wconf 65' lang='lat' dir='ltr'><strong>breuiore</strong></span> <span class='ocrx_word' id='word_1_365' title='bbox 854 4759 945 4826; x_wconf 85' lang='lat' dir='ltr'><strong>breu¹es</strong></span> <span class='ocrx_word' id='word_1_366' title='bbox 964 4776 989 4826; x_wconf 81' lang='lat' dir='ltr'><em>A</em></span> <span class='ocrx_word' id='word_1_367' title='bbox 1017 4773 1103 4826; x_wconf 80' lang='lat' dir='ltr'><strong>breuis</strong></span> <span class='ocrx_word' id='word_1_368' title='bbox 1123 4774 1148 4825; x_wconf 87' lang='lat' dir='ltr'><em>B</em></span> <span class='ocrx_word' id='word_1_369' title='bbox 1165 4775 1222 4827; x_wconf 83' lang='lat' dir='ltr'><strong>Vol.</strong></span> <span class='ocrx_word' id='word_1_370' title='bbox 1310 4777 1341 4826; x_wconf 84' lang='lat'><strong>31</strong></span> <span class='ocrx_word' id='word_1_371' title='bbox 1366 4777 1540 4842; x_wconf 84' lang='lat' dir='ltr'><strong>compositum</strong></span> 
     </span>
     <span class='ocr_line' id='line_1_46' title="bbox 133 4844 1542 4966; baseline -0.002 -67"><span class='ocrx_word' id='word_1_372' title='bbox 133 4895 134 4898; x_wconf 75' lang='grc'>,</span> <span class='ocrx_word' id='word_1_373' title='bbox 223 4862 268 4900; x_wconf 78' lang='lat' dir='ltr'><strong>our.</strong></span> <span class='ocrx_word' id='word_1_374' title='bbox 289 4859 317 4966; x_wconf 57' lang='lat' dir='ltr'><strong>J.</strong></span> <span class='ocrx_word' id='word_1_375' title='bbox 345 4849 443 4966; x_wconf 49' lang='lat' dir='ltr'><strong>retctine</strong></span> <span class='ocrx_word' id='word_1_376' title='bbox 466 4847 627 4900; x_wconf 65' lang='lat' dir='ltr'><strong>scriberetur</strong></span> <span class='ocrx_word' id='word_1_377' title='bbox 650 4861 664 4896; x_wconf 90' lang='lat' dir='ltr'><strong>e</strong></span> <span class='ocrx_word' id='word_1_378' title='bbox 687 4845 769 4896; x_wconf 84' lang='lat' dir='ltr'><strong>trihus</strong></span> <span class='ocrx_word' id='word_1_379' title='bbox 793 4845 922 4896; x_wconf 84' lang='lat' dir='ltr'><strong>trochaeis</strong></span> <span class='ocrx_word' id='word_1_380' title='bbox 950 4844 1094 4894; x_wconf 85' lang='lat' dir='ltr'><strong>coniunctis</strong></span> <span class='ocrx_word' id='word_1_381' title='bbox 1123 4845 1309 4912; x_wconf 85' lang='lat' dir='ltr'><strong>compositum,</strong></span> <span class='ocrx_word' id='word_1_382' title='bbox 1342 4855 1370 4894; x_wconf 87' lang='grc' dir='ltr'><strong>ιιι</strong></span> <span class='ocrx_word' id='word_1_383' title='bbox 1392 4871 1426 4881; x_wconf 88' lang='lat'><em>-</em></span> <span class='ocrx_word' id='word_1_384' title='bbox 1449 4857 1542 4912; x_wconf 85' lang='lat' dir='ltr'><strong>poetae</strong></span> 
     </span>
     <span class='ocr_line' id='line_1_47' title="bbox 224 4926 368 4982; baseline 0.014 -17"><span class='ocrx_word' id='word_1_385' title='bbox 224 4926 288 4982; x_wconf 84' lang='lat' dir='ltr'><strong>prou</strong></span> <span class='ocrx_word' id='word_1_386' title='bbox 306 4933 368 4968; x_wconf 86' lang='lat' dir='ltr'><strong>enm</strong></span> 
     </span>
    </p>
   </div>
   <div class='ocr_carea' id='block_1_15' title="bbox 0 0 1958 5564">
    <p class='ocr_par' dir='ltr' id='par_1_27' title="bbox 0 0 1958 5564">
     <span class='ocr_line' id='line_1_48' title="bbox 0 0 1958 5564; baseline 0 0"><span class='ocrx_word' id='word_1_387' title='bbox 0 0 1958 5564; x_wconf 95' lang='lat' dir='ltr'><strong> </strong></span> 
     </span>
    </p>
   </div>
  </div>
 </body>
</html>
