3866 5562
359 354 425 423 490
486 329 489 335 ¹
590 331 599 371 ⁵
638 368 740 420 ιιιιιιι
764 371 884 419 suoru
909 354 958 440 [nt.
982 353 1141 448 cervum]
1166 367 1387 419 sncannorts

361 462 514 511 p.ot.usv.
1382 455 1386 466 '

362 558 463 612 tante
487 566 526 609 uo
550 548 644 629 posita
669 547 795 627 primam
819 548 900 625 regit
923 544 1168 624 coniugationem
1193 553 1223 606 et
1245 545 1348 623 specie
1371 545 1507 623 perlecta
1531 546 1578 606 ari
1600 545 1682 612 lacit,

362 660 393 714 ut
415 651 529 714 fluctuo
553 649 680 711 iluctuas
708 651 857 713 tluetuavi.
904 668 922 711 u
946 667 962 710 x
987 667 1004 728 y
1028 665 1058 708 z:
1082 647 1137 710 has
1160 646 1278 708 litteras
1300 654 1371 709 ante
1394 664 1434 708 uo
1457 647 1569 728 positas
1592 646 1683 708 rerba

361 771 468 834 regere
499 771 560 815 uon
588 751 700 816 inveni.
746 751 803 814 huc
832 752 922 815 modo
950 749 1184 814 declinabantur
1212 750 1313 813 omnia
1342 747 1433 812 rerba
1463 767 1480 809 o
1510 751 1681 817 terminata.

360 865 429 920 ante
446 873 512 918 eam
529 853 671 917 habentia
689 853 805 916 recales
822 854 904 927 illas,
928 873 1004 938 quas
1029 854 1203 938 memorari,
1234 855 1369 932 exceptis
1392 851 1557 914 defectivis.

265 948 266 951 ¹
334 986 337 994 ·
397 1035 400 1040 .
446 957 532 1020 Nunc
547 956 584 1019 ad
599 951 730 1038 spttatos
745 941 974 1021 consonantium
993 961 1157 1021 veniamus.
1186 974 1263 1038 quae
1279 964 1480 1018 consonantes
1494 957 1521 1017 si
1537 955 1598 1016 sint
1613 962 1718 1016 antea*

318 1141 320 1144 Ι
360 1063 551 1124 novissimam
570 1059 701 1123 litteram
719 1079 747 1129 o,
772 1069 822 1122 aut
838 1063 953 1142 primae
977 1061 1198 1138 coniugationis
1222 1059 1334 1120 iactent
1356 1055 1481 1119 verbum
1504 1065 1555 1120 aut
1577 1059 1684 1120 tertiae

360 1172 528 1245 correptae.
575 1180 644 1224 uam
660 1162 793 1224 secunda
816 1164 987 1243 coniugatio
1004 1162 1049 1226 ael
1073 1164 1161 1224 tertia
1184 1160 1330 1241 producta
1348 1167 1564 1222 consonantem
1580 1167 1683 1222 anteo

359 1267 489 1329 litteram
506 1281 670 1346 qumquam
687 1264 815 1341 habent,
840 1265 908 1338 sed,
933 1275 967 1328 ut
980 1268 1159 1346 frequenter
1174 1263 1278 1335 docui,
1302 1262 1434 1326 mcunda
1450 1261 1571 1344 quidem
1595 1281 1611 1323 e
1635 1281 1682 1324 so·

344 1371 431 1442 lam,
451 1379 482 1431 ut
498 1368 593 1432 doceo
608 1369 715 1441 doces:
732 1371 820 1432 tertia
837 1387 909 1432 vero
920 1367 1067 1451 producta
1082 1367 1171 1437 duas.
1190 1385 1206 1428 e
1222 1377 1252 1430 et
1268 1367 1290 1435 i.
1308 1375 1341 1428 ut
1357 1365 1450 1428 redeo
1465 1365 1561 1436 redis,
1579 1367 1683 1426 munio

359 1477 470 1536 munis.
517 1470 556 1534 bo
579 1474 755 1542 terminata,
780 1475 895 1553 primae
919 1473 945 1533 si
969 1472 1047 1541 siut,
1073 1468 1139 1532 bari
1162 1470 1275 1532 facient
1296 1473 1398 1552 specie
1421 1469 1573 1551 perlecta,
1597 1467 1658 1529 libo
1675 1469 1678 1548 j
1696 1487 1721 1527 ιι

358 1573 464 1642 libavit
495 1576 603 1637 tertiae
626 1591 698 1636 vero
720 1582 880 1655 correptae
901 1573 962 1646 hsi,
987 1583 1020 1635 ut
1042 1571 1134 1634 nubo
1149 1570 1254 1645 uulsi,
1278 1583 1330 1635 aut
1353 1572 1419 1644 bui,
1443 1580 1476 1633 ut
1497 1571 1589 1633 sorbo
1617 1589 1681 1633 sor·

359 1676 427 1748 bui,
451 1680 587 1758 quamvis
610 1687 640 1738 et
662 1676 762 1739 surbsi
787 1676 898 1740 lectum
922 1678 968 1740 sit.
1015 1696 1050 1738 co
1073 1677 1189 1757 primae
1213 1676 1335 1747 elsim,
1360 1679 1424 1737 cari
1448 1675 1560 1737 facient
1580 1677 1681 1756 specie

357 1781 509 1861 perlecta,
542 1790 574 1842 ut
596 1781 678 1843 sicco
703 1781 829 1851 siccari,
861 1780 930 1842 dico
954 1781 1037 1844 dicas
1060 1779 1171 1841 dicari:
1200 1780 1489 1860 ‘propriamque
1513 1777 1680 1840 dicaho':

359 1891 410 1944 aut
432 1883 497 1964 eui,
522 1893 555 1943 ut
578 1885 657 1944 mico
681 1883 789 1955 micui;
817 1885 926 1945 tertiae
951 1901 1021 1944 vero
1045 1891 1204 1961 correptae
1229 1890 1280 1943 aut
1302 1884 1347 1951 ci.
1372 1890 1404 1942 ut
1427 1883 1513 1944 vinco
1537 1883 1608 1951 rici,
1632 1891 1682 1944 aut

359 1986 405 2056 xi,
430 1995 463 2046 ut
479 1984 547 2046 dico
564 1983 639 2056 diri,
663 1986 742 2047 duco
758 1985 841 2058 duxi,
866 1987 972 2062 suini,
996 1993 1030 2048 ut
1044 2003 1172 2048 senesco
1188 1987 1274 2064 senui
1291 1993 1321 2046 et
1336 2001 1428 2066 pasco
1443 1985 1519 2065 pari.
1567 1983 1604 2045 do
1619 1985 1680 2065 pri·
1695 1997 1735 2046 rs*
1752 2035 1754 2043 .

246 2147 248 2152 .
297 2068 303 2074 ’
358 2105 424 2150 mae
448 2087 472 2152 si
495 2089 572 2159 sint,
597 2099 648 2151 aut
670 2087 703 2154 di
726 2092 839 2152 lactent
861 2091 962 2168 specie
985 2090 1137 2168 perlecta,
1168 2097 1202 2150 ut
1224 2087 1262 2149 do
1285 2087 1338 2150 das
1361 2088 1445 2159 dedi,
1469 2096 1521 2148 aut
1544 2087 1625 2158 davi,
1648 2097 1682 2148 ut

356 2188 446 2252 laudo
470 2188 605 2262 taudem
629 2196 736 2257 tertiae
760 2211 830 2255 vero
854 2202 1013 2273 correptae
1036 2201 1087 2254 aut
1102 2189 1183 2261 didi,
1206 2201 1239 2252 ut
1262 2190 1340 2253 addo
1363 2189 1476 2260 addidi,
1501 2189 1592 2252 credo
1615 2207 1680 2252 cre·

177 2364 187 2380 ,
283 2321 287 2326 ·
357 2293 432 2362 didi,
464 2303 515 2354 aut
537 2293 577 2363 si,
609 2304 643 2357 ut
665 2295 742 2356 cedo
765 2297 857 2364 cessi,
881 2301 932 2356 aut
947 2294 1023 2364 cidi,
1049 2302 1080 2355 ut
1103 2291 1178 2354 cado
1203 2292 1313 2364 cecidi,
1338 2291 1431 2354 caedo
1454 2292 1554 2354 caedis
1577 2291 1680 2354 cecidi.

268 2427 273 2434 ·
357 2413 425 2458 nem
449 2393 540 2466 cedo,
564 2396 645 2476 quod
669 2397 818 2476 siguificat
840 2397 893 2466 da,
917 2398 984 2458 sine
1008 2395 1093 2459 verbi
1117 2397 1208 2458 totius
1224 2394 1391 2458 substantia
1407 2393 1504 2456 solum
1528 2397 1680 2476 reperitur

356 2515 483 2560 numero
507 2498 675 2574 singulari,
700 2499 791 2570 cedo,
816 2500 935 2561 numeri
958 2496 1087 2580 pluralis
1109 2509 1203 2560 cette:
1227 2499 1271 2560 sic
1295 2498 1418 2560 Plautus
1442 2505 1472 2558 et
1494 2499 1608 2578 antiqui
1630 2516 1720 2559 coeo

356 2599 597 2683 moedlcgraplrl,
622 2605 702 2665 sicut
727 2611 773 2665 est
795 2600 874 2665 salve
896 2600 1010 2664 salvete
1033 2602 1159 2664 salvere.
1205 2620 1274 2664 natu
1298 2600 1378 2680 quod
1402 2597 1526 2662 Plautus
1549 2603 1579 2662 in
1601 2600 1679 2663 Tru·

356 2703 478 2766 culento
501 2689 601 2786 posuit
627 2707 718 2767 ‘nou
743 2704 903 2776 salveo',
926 2689 1098 2766 inridenter
1121 2705 1219 2784 posuit
1241 2723 1297 2785 pro
1321 2722 1452 2785 persona
1475 2705 1589 2765 rustici.
1633 2705 1679 2766 lo:

356 2826 416 2870 non
440 2808 541 2870 inveni
570 2807 663 2870 verba
693 2808 750 2870 lrac
778 2805 890 2888 syllaba
921 2810 1091 2870 terminata.
1139 2824 1176 2886 go
1205 2809 1321 2887 primae
1344 2810 1412 2886 gari
1436 2809 1522 2878 lacit,
1551 2817 1584 2869 ut
1606 2823 1680 2886 rogo

355 2912 472 2989 rogari:
503 2911 609 2972 tertiae
633 2929 703 2973 vero
726 2921 886 2992 correptae
909 2921 961 2974 aut
984 2914 1028 2983 ai,
1060 2918 1091 2973 ut
1113 2915 1207 2990 pingo
1226 2913 1334 2991 pinxi,
1359 2928 1435 2991 sugo
1457 2914 1538 2978 suxi:
1567 2919 1617 2972 aut
1639 2909 1677 2984 si,

355 3021 388 3074 ut
411 3020 497 3092 tergo
521 3014 609 3075 tersi:
633 3013 744 3076 lectum
769 3024 815 3076 est
837 3022 867 3076 et
890 3025 1010 3095 tergeo.
1039 3017 1123 3076 unde
1145 3023 1304 3093 utramque
1326 3013 1561 3076 declinationem
1586 3012 1677 3076 indii·
1692 3031 1717 3073 as

356 3115 491 3178 ieranter
513 3116 695 3186 invenimus.
720 3116 888 3197 ‘spicula
912 3115 1043 3179 lueida
1067 3119 1241 3196 tergunt’
1266 3134 1282 3178 a
1306 3124 1392 3197 tergo
1418 3118 1524 3197 tergis,
1547 3125 1578 3178 et
1600 3129 1679 3178 ter·
1744 3099 1748 3104 ⁸

356 3223 445 3297 gent
467 3235 482 3278 a
507 3225 610 3297 tergeo
635 3227 749 3298 terges:
775 3227 805 3292 et
827 3237 919 3300 vergo
943 3221 1021 3282 versi
1045 3221 1130 3282 iacit:
1160 3227 1213 3281 aut
1234 3221 1264 3300 gi
1290 3215 1336 3305 [ut
1358 3229 1448 3298 tango
1470 3219 1569 3302 tetigi]
1595 3231 1625 3282 et
1646 3223 1678 3283 in

355 3321 507 3400 principio
530 3320 673 3401 syllabam
690 3321 799 3392 adicit,
823 3325 903 3384 sicut
924 3339 1027 3403 pungo
1051 3340 1164 3402 pango,
1188 3324 1303 3403 pupugi
1325 3325 1439 3403 pepigi.
1485 3324 1606 3404 quidam
1628 3342 1678 3406 pe·

355 3423 418 3502 pigi
447 3420 627 3486 deiectirum
659 3435 795 3506 tempore
825 3433 931 3506 putant
958 3443 1038 3496 esse,
1075 3436 1108 3486 ut
1135 3425 1186 3487 odi
1216 3428 1284 3486 nori
1313 3427 1447 3487 memini.
1493 3427 1533 3487 ho
1561 3429 1699 3507 primae¹

357 3526 577 3604 coniugatiouis
594 3525 659 3586 hari
685 3527 766 3598 lacit,
792 3537 825 3589 nt
840 3527 951 3590 incolro
968 3527 1117 3589 incohari.
1163 3528 1281 3609 quidam
1298 3536 1405 3609 putant
1427 3527 1540 3591 inchoo
1563 3529 1676 3592 debere
1689 3549 1716 3590 so

355 3627 412 3690 dici
453 3629 680 3709 inperitissime.
725 3647 793 3692 nant
834 3648 930 3712 neque
966 3640 1034 3712 post
1070 3651 1087 3691 c
1121 3630 1250 3693 litterani
1286 3627 1304 3690 h
1340 3630 1428 3696 latina
1463 3633 1555 3697 verba
1589 3637 1677 3713 regit,

360 3767 565 3776 ———-.--.-

424 3833 502 3886 Prot.
522 3835 616 3888 rotltol.
638 3838 680 3894 37,
701 3838 817 3897 31-38,
838 3839 872 3888 28
954 3839 984 3886 11
1005 3837 1083 3887 sorbo
1102 3855 1129 3904 p.
1150 3840 1265 3900 485,st
1353 3843 1385 3890 tl
1405 3840 1476 3890 salve
1493 3857 1520 3905 p.
1543 3845 1607 3906 133,
1628 3846 1642 3890 7

355 3923 388 3971 ⁸25
408 3934 494 3986 tergeo
511 3938 540 3986 p.
560 3923 653 3981 48118
1317 3937 1322 3944 “

427 4091 680 4144 ssotnmosotntt
734 4093 994 4146 9tluasadunb.B
1047 4096 1078 4144 11
1100 4091 1151 4162 bsi]
1173 4095 1394 4165 psiBetcodeoe
1407 4099 1489 4148 Prodi
1535 4099 1672 4150 anemeel?

391 4180 422 4230 ta
441 4175 639 4244 propriamque]
663 4177 742 4245 Verg.
758 4169 829 4235 Ἀειι,
850 4181 867 4230 I
884 4183 919 4232 73
985 4183 1015 4231 15
1036 4191 1063 4228 ut
1073 4189 1134 4245 pont
1147 4181 1172 4230 ui
1186 4182 1272 4234 om.B
1344 4185 1376 4235 18
1394 4183 1474 4235 caedo
1493 4181 1595 4250 caedis]
1614 4184 1675 4235 cedo

354 4262 464 4314 cedisB
535 4266 567 4315 19
580 4279 640 4314 nant
652 4265 771 4315 enedoB
841 4269 874 4318 20
888 4266 1011 4332 singulari
1026 4265 1145 4316 caedoB
1215 4267 1458 4335 cemoediogreirB
1528 4271 1560 4322 21
1574 4270 1641 4320 sient
1652 4283 1677 4319 et

354 4349 425 4399 salve
445 4349 546 4400 Probus
616 4351 641 4400 in
660 4339 828 4419 Truculento]
846 4353 918 4412 112,
934 4357 950 4402 t
1019 4354 1053 4403 at
1071 4366 1115 4402 aut
1134 4353 1156 4404 si
1171 4363 1198 4403 ut
1212 4365 1285 4420 tergo
1305 4357 1383 4422 tergis
1404 4357 1465 4406 tersi
1483 4355 1576 4406 lectum
1595 4367 1635 4406 est
1652 4369 1675 4405 et

354 4447 443 4501 tergeo
463 4435 531 4485 rande
550 4436 574 4485 in
589 4436 699 4502 nergilio
713 4448 848 4502 utramque
866 4439 1061 4490 declinationem
1081 4437 1255 4490 indifferenter
1266 4441 1414 4492 inuenimns
1432 4455 1456 4492 et
1474 4441 1574 4508 spicuin
1592 4441 1675 4492 lucida

354 4532 458 4588 tergunt
476 4531 521 4570 nut
535 4533 606 4587 tergo
621 4523 700 4588 tergis
720 4535 744 4573 et
764 4535 864 4590 tergent
876 4539 938 4592 ergo
952 4539 1037 4592 ter-ges
1055 4525 1142 4576 eodem
1156 4526 1244 4586 stobi,
1263 4539 1307 4576 aut
1327 4539 1461 4592 utramque
1479 4527 1673 4579 declinationem

353 4607 528 4658 indifferenter
548 4609 693 4658 inuenimns
714 4620 741 4658 nt
759 4620 831 4675 tergo
846 4612 905 4660 tersi
925 4611 1016 4662 lectum
1033 4624 1072 4660 est
1091 4625 1115 4660 et
1133 4622 1221 4678 tergeo
1235 4613 1336 4679 spicula
1354 4613 1439 4664 lueida
1458 4625 1558 4679 tergent
1576 4627 1674 4680 ntergo

354 4694 433 4759 tergis
454 4706 555 4761 tergent
572 4709 588 4744 a
608 4705 694 4760 tergeo
715 4706 799 4760 tergeo
818 4695 845 4746 B
919 4698 952 4747 :te
971 4691 1085 4764 spicula]
1110 4699 1188 4765 Verg.
1210 4699 1275 4754 Aea.
1299 4698 1358 4749 VII
1378 4701 1428 4750 ⁶20
1497 4700 1529 4750 ii
1550 4709 1578 4748 ut
1595 4713 1674 4766 teugo

355 4779 427 4844 tetigi
440 4787 565 4846 tamquam
578 4782 777 4832 additamentum
796 4785 894 4832 iactauit
907 4783 1030 4849 Steupt‘ur
1048 4785 1080 4834 de
1095 4783 1172 4838 Prot.
1190 4801 1295 4849 gronna.
1315 4801 1339 4850 p.
1360 4789 1410 4836 154
1468 4785 1501 4834 29
1519 4782 1674 4838 delectirum

353 4863 392 4912 dir
409 4867 530 4931 seriptum
549 4875 588 4916 est
609 4869 634 4916 in
654 4864 679 4915 B
748 4869 781 4918 ³0
800 4864 907 4932 inculta]
929 4869 1022 4920 iuelroo
1040 4884 1109 4923 eor-r.
1130 4869 1239 4919 incitatio
1258 4869 1284 4918 B
