3858 5560
398 334 464 400 224
607 395 611 406 ,
886 337 1026 391 ΜΔΧΙΜῙ
1042 336 1238 392 victoum
1316 369 1317 374 =

423 450 446 493 p.
462 439 560 482 rernm
575 435 664 481 rure.
1456 441 1539 496 pecc.
1553 443 1565 482 ι
1581 439 1692 484 metr.

398 529 428 589 ln
452 525 581 590 ablativo
603 524 691 608 longa
714 525 826 610 syllaba
851 530 1010 592 novissima
1035 536 1089 591 est.
1128 527 1207 612 quod
1225 528 1292 592 dico
1310 527 1514 614 [exemplum]
1530 529 1719 594 huiusmodi

398 639 458 692 est:
484 631 558 694 baec
580 630 661 702 lues,
685 647 719 692 es
742 629 855 715 syllaba
879 631 980 696 brevis
996 638 1058 704 est,
1081 633 1150 716 quia
1171 634 1329 712 genetivus
1349 630 1410 695 luis
1424 632 1512 696 lecit:
1537 634 1612 697 baec
1634 633 1717 706 lldes,

271 738 277 744 '
397 734 451 796 des
473 732 587 818 syllaba
610 733 699 814 longa
723 745 769 798 est
790 743 970 818 propterea,
994 737 1242 816 quiagenetivus
1265 734 1407 816 producit
1430 753 1511 804 eam:
1541 737 1615 801 lacit
1637 725 1717 800 enlm

398 837 499 932 buius·
515 837 594 900 lidei.
640 854 700 919 quc
723 839 813 902 modo
836 848 882 902 est
903 836 980 902 baec
1003 839 1110 902 iacies:
1135 857 1167 902 es
1190 839 1305 921 syllaba
1327 838 1416 920 longa
1439 848 1501 912 est,
1525 843 1665 924 quoniam
1687 843 1717 904 in

283 986 288 998 .
390 941 535 1020 ‘genetivo
558 940 752 1022 producitur,
783 943 872 1006 buius
894 943 993 1005 leciei.
1040 961 1113 1024 crgo
1135 959 1211 1026 quas
1232 942 1361 1023 syllabas
1383 945 1540 1023 genetivus
1567 943 1743 1024 producite

302 1081 310 1092 ·
358 1112 363 1121 ,
397 1046 453 1106 bae
476 1046 507 1107 in
531 1045 715 1109 nominativo
738 1056 769 1110 et
790 1043 919 1109 ablativo
942 1044 1049 1127 longae
1073 1055 1158 1118 sunt,
1187 1055 1220 1111 ut
1241 1045 1318 1110 baec
1347 1045 1438 1118 tides,
1466 1044 1557 1109 buius
1586 1047 1671 1119 lldei,
1701 1069 1736 1111 a·

302 1180 327 1207 .·
396 1146 471 1218 llvlc;
504 1148 611 1221 iacies,
641 1149 743 1222 faciel,
778 1151 906 1212 alacle.
951 1169 1026 1232 quas
1047 1147 1177 1232 syllabas
1201 1151 1360 1232 genetivus
1389 1149 1515 1232 corripit
1538 1159 1589 1212 eut
1612 1160 1742 1238 mutat·

395 1249 505 1314 breves
526 1253 650 1315 suntin
673 1255 868 1342 nominativo
881 1262 912 1316 et
933 1253 1077 1326 ablativo,
1109 1264 1142 1318 ut
1165 1245 1229 1316 lues
1251 1254 1310 1318 luls
1332 1253 1392 1317 lue.
1411 1317 1415 1326 ,
1437 1251 1583 1333 quidquid
1612 1255 1644 1316 in
1666 1271 1717 1334 ge·

396 1351 499 1418 rretlvo¹
517 1356 543 1419 is
566 1355 679 1438 syllaba
702 1359 897 1430 terminatur,
922 1356 1013 1419 breve
1037 1365 1083 1420 cst
1104 1360 1137 1419 in
1160 1355 1300 1421 ablativo.
1338 1355 1463 1421 sedhic
1487 1365 1533 1420 eet
1550 1359 1714 1438 genetivus,

396 1477 456 1541 quo
484 1467 708 1539 cognoscuntur
730 1459 910 1542 plerumque
939 1461 1118 1525 novissimae
1150 1458 1281 1541 syllabae
1311 1463 1484 1533 nominum,
1518 1458 1623 1540 quales
1649 1479 1753 1531 essere

395 1560 541 1635 debeant,
564 1572 598 1626 ut
620 1570 667 1624 est
688 1571 850 1646 paupertas
873 1572 903 1626 et
926 1564 1021 1645 palus.
1066 1573 1112 1627 tas
1135 1565 1215 1626 enirn
1239 1562 1308 1626 ideo
1329 1564 1418 1644 longa
1442 1570 1503 1635 est,
1530 1553 1602 1646 quia
1624 1581 1716 1644 gene·

394 1668 474 1729 tivus
497 1685 562 1728 earn
590 1666 752 1749 producit:
790 1665 919 1730 dicimus
950 1671 1035 1756 enim
1063 1669 1251 1749 paupertatis
1283 1674 1313 1730 ta
1346 1663 1496 1751 producta
1533 1677 1564 1730 et
1597 1665 1715 1750 paludis
1749 1683 1755 1698 ·

396 1769 495 1832 media
519 1768 632 1852 syllaba
655 1769 814 1852 producta.
859 1790 920 1853 quc
944 1771 1032 1834 modo
1055 1779 1100 1834 est
1115 1767 1128 1855 i
1145 1771 1193 1832 bic
1216 1769 1349 1834 Samnis:
1373 1769 1462 1852 longa
1485 1780 1532 1834 cst
1555 1773 1612 1840 nis.
1642 1771 1714 1834 iacit

396 1874 476 1936 enim
504 1876 644 1954 genetivo
673 1873 763 1938 buius
795 1874 940 1938 Samnitis
970 1874 1067 1961 media
1097 1874 1259 1957 producta:
1278 1871 1282 1957 l
1300 1875 1372 1938 item
1401 1876 1500 1938 amuis
1530 1872 1629 1936 brevis
1658 1883 1713 1946 est,

395 1979 537 2060 quoniam
557 1974 703 2060 syllabam
725 1981 773 2042 uis
795 1997 857 2042 non
879 1977 1022 2060 producit
1043 1977 1209 2058 genetivus.
1638 1967 1643 1976 ’
1727 2005 1752 2048 n

904 2236 954 2301 bu
976 2236 1202 2302 Prssrlulrlis

426 2364 429 2371 ¹
481 2359 587 2458 Omnia
610 2393 783 2477 participia,
807 2361 884 2476 quae
907 2395 937 2456 in
960 2410 1016 2458 ane
1037 2391 1181 2474 syllabam
1205 2402 1256 2456 aut
1277 2395 1310 2456 in
1333 2394 1541 2461 emortuum,
1564 2391 1711 2474 positione

395 2495 478 2582 [sua]
502 2497 591 2577 longa
613 2507 693 2560 eunt.
739 2515 808 2559 nem
831 2515 909 2579 quae
932 2497 963 2560 in
986 2499 997 2559 l
1020 2505 1072 2582 aut
1093 2497 1125 2558 iu
1148 2516 1167 2558 o
1190 2498 1326 2568 mittunt,
1356 2499 1443 2580 quasi
1465 2497 1588 2560 nomina
1612 2495 1712 2558 existi·

153 2665 157 2672 .
275 2680 282 2692 .
387 2606 530 2674 'mantum
554 2601 592 2663 de
615 2599 725 2683 qulbus
747 2603 808 2662 iam
830 2599 944 2664 dictum
966 2610 1023 2676 cst.

916 2855 976 2922 bu·
993 2856 1192 2924 iuvencus
1520 2931 1523 2938 ,
1724 2889 1750 2930 ro

373 3065 393 3082 ..
479 3018 586 3082 Omnia
614 3014 772 3087 adverbia.
800 3033 878 3098 quae
906 3017 937 3077 irr
961 3033 977 3077 e
1002 3017 1139 3086 mittunt,
1161 3017 1306 3098 ‚exceptis
1334 3014 1412 3078 bene
1435 3023 1466 3076 et
1494 3011 1572 3077 male
1595 3022 1626 3076 et
1648 3013 1712 3076 lere

393 3130 423 3186 et
445 3139 543 3204 prope
564 3129 595 3184 et
617 3138 696 3203 pone
720 3128 750 3182 ct
777 3117 873 3201 paene
897 3129 927 3181 ct
955 3135 1061 3201 saepe,
1092 3119 1138 3181 bis
1161 3138 1234 3200 ergo
1258 3121 1393 3201 exceptis
1416 3118 1468 3181 ille
1497 3135 1573 3197 quae
1597 3118 1635 3178 de
1659 3135 1711 3179 oo·

393 3225 527 3301 crinibus
549 3231 672 3287 manunt
693 3223 782 3303 lunga
805 3231 891 3294 sunt,
921 3231 954 3284 ut
982 3221 1109 3304 pulchre
1138 3230 1240 3284 sancte
1269 3223 1368 3285 docte.
1412 3221 1463 3284 illa
1485 3230 1585 3284 autem
1610 3221 1711 3283 brevia

392 3337 477 3399 sunt,
501 3347 578 3411 quae
602 3327 724 3390 nomlna
747 3324 828 3389 nulla
850 3325 978 3397 babent,
1004 3326 1082 3390 unde
1106 3327 1294 3395 deriventur,
1325 3325 1386 3404 quo
1410 3323 1500 3388 modo
1523 3322 1589 3396 illa,
1613 3323 1710 3396 docte,

280 3463 285 3474 ¹
392 3435 461 3513 quia
485 3429 604 3502 doctus,
628 3441 747 3502 sancte,
771 3431 840 3513 quie
863 3439 995 3493 sauctus.
1041 3449 1162 3493 rursum
1185 3447 1262 3511 quae
1285 3447 1302 3492 a
1325 3429 1499 3492 nominibus
1525 3426 1750 3500 derivantur,25

392 3539 419 3600 sl
446 3538 477 3597 in
511 3552 545 3597 er
576 3525 720 3614 syllabam
748 3535 838 3606 fiunt,
879 3532 980 3596 brevia
1009 3535 1069 3597 sint
1106 3551 1227 3596 necesse
1265 3542 1325 3604 cst,
1367 3543 1399 3595 ιιι
1432 3531 1550 3595 duriter
1574 3533 1712 3612 ‘turpiter

297 3629 302 3639 ’
393 3623 637 3702 misericorditer.
691 3655 769 3718 quae
797 3631 956 3700 antemio
991 3657 1020 3700 m
1055 3637 1185 3700 litteram
1220 3637 1308 3709 flunt,
1349 3645 1401 3698 aut
1441 3636 1620 3716 positionem
1661 3642 1712 3698 aut

391 3740 579 3826 synalipbam
609 3747 777 3823 expectant.
824 3742 895 3802 item
922 3739 973 3802 ille
1002 3759 1077 3823 quae
1107 3741 1138 3802 ln
1168 3759 1184 3800 a
1212 3739 1344 3803 litteram
1374 3748 1486 3802 exeunt
1514 3735 1602 3820 longa
1631 3745 1709 3808 sunt.

338 3871 345 3884 ·
390 3855 425 3910 ut
444 3845 532 3909 ultra

390 4001 597 4016 -D

461 4087 644 4141 ibuiuemodi
665 4096 705 4137 eet
722 4084 910 4154 exemplumb'
983 4087 1161 4152 igeultluum
1180 4085 1270 4138 luleG
1343 4081 1446 4152 bearn]
1465 4082 1536 4134 illam
1553 4081 1580 4133 B
1649 4082 1709 4134 Sic

391 4159 602 4219 nominatiuoet
623 4156 738 4206 ablotino
756 4164 786 4205 ut
803 4155 899 4207 lueet}
925 4156 1087 4206 nominatius
1108 4159 1231 4221 genetiuo
1250 4168 1276 4207 et
1293 4154 1405 4206 ablatiuo
1424 4153 1478 4204 lues
1498 4151 1523 4202 B
1550 4151 1709 4203 nominetioo

370 4214 416 4280 'et
433 4227 552 4296 genitino
570 4227 737 4289 eblatiuoque
756 4237 783 4274 ιιι
800 4224 856 4274 lues
875 4224 900 4274 F
961 4225 977 4276 2
995 4225 1042 4274 sed
1060 4223 1109 4274 lroc
1127 4235 1167 4275 eet
1185 4223 1263 4292 gerite
1283 4225 1435 4292 plerumque
1453 4221 1613 4273 nobissimae
1630 4219 1709 4286 sylla·

358 4303 361 4310 ’
392 4299 439 4347 bee
451 4310 504 4362 quo
517 4307 712 4363 cognoscuntur
728 4294 860 4344 nominum
880 4292 905 4343 F
920 4294 966 4344 sed
984 4293 1026 4343 bic
1044 4294 1176 4360 genitibus
1196 4309 1248 4356 quo
1267 4303 1460 4361 cogncecunrur
1478 4290 1639 4341 nouissimee
1656 4289 1707 4353 spl-

390 4367 464 4418 lubee
482 4365 634 4433 plerumque
655 4363 844 4415 nominetluum
863 4361 885 4414 0
972 4363 1004 4414 16
1027 4360 1070 4411 DE
1094 4361 1291 4415 PAR'l'lClPllS
1314 4363 1401 4413 omnia
1424 4359 1562 4427 participia
1580 4385 1612 4396 -
1630 4359 1663 4409 29
1682 4370 1709 4408 ιιι

392 4435 467 4496 ultre,
487 4449 554 4502 puae
571 4434 619 4486 boc
637 4435 694 4486 loco
711 4433 813 4498 scripta
829 4439 888 4482 runt
905 4433 933 4483 bv
953 4430 1019 4491 BF,
1037 4433 1064 4482 in
1078 4433 1132 4496 fine
1150 4431 1229 4484 libelli
1244 4437 1305 4499 poet
1322 4445 1402 4494 seque
1420 4428 1515 4479 cotidie
1529 4437 1646 4478 exerceet
1662 4442 1708 4492 pc·

299 4559 305 4572 ,
390 4505 443 4556 rita
460 4503 554 4556 debent
573 4503 621 4558 Os
704 4502 736 4553 18
754 4515 802 4550 sue
820 4499 932 4557 ornos
1018 4501 1213 4551 exaesrlmenda
1233 4500 1336 4552 errrrtF
1415 4499 1447 4548 21
1467 4509 1493 4548 ec
1510 4495 1565 4548 lore
1583 4508 1667 4563 prope
1684 4507 1708 4544 er

391 4587 460 4640 pone
478 4588 544 4641 perra
562 4585 587 4623 et
604 4587 684 4638 saepe
700 4568 736 4621 B.
764 4573 861 4621 rectius
878 4569 942 4620 doec
959 4567 1228 4634 serracenorum
1245 4570 1278 4620 24
1297 4569 1365 4618 unde
1382 4567 1539 4630 deriventur,
1562 4577 1590 4614 ut
1612 4562 1667 4614 lere
1684 4576 1709 4614 et

391 4657 474 4710 prope
490 4657 547 4709 epp.
618 4643 651 4694 23
669 4639 744 4691 docte
763 4641 829 4690 lusce
847 4637 930 4690 illoc
992 4640 1026 4689 24
1043 4638 1188 4690 dlrincntnr
1206 4637 1418 4702 Bsdlrlnentur
1435 4633 1491 4686 FC
1550 4635 1584 4684 25
1602 4645 1708 4684 sanctus

340 4745 345 4756 ·
391 4712 459 4763 iuste
476 4713 539 4776 quia
556 4711 640 4761 iustus
660 4708 741 4761 estc
812 4703 889 4772 quae]
908 4707 969 4770 quie
988 4706 1013 4756 F
1083 4708 1117 4758 26
1136 4709 1199 4758 daut
1216 4705 1350 4758 Friniunt
1369 4703 1394 4755 B
1412 4702 1548 4754 exeunte
1621 4702 1709 4752 breuia

390 4781 444 4831 siut
461 4793 479 4838 ς
496 4781 588 4832 breule
605 4790 667 4831 suot
686 4778 750 4829 BF
760 4777 781 4829 0
843 4777 875 4827 27
893 4777 919 4826 in
940 4789 964 4824 ur
983 4775 1093 4826 litteram
1112 4777 1178 4827 llunt
1196 4775 1299 4827 BFin
1318 4789 1343 4824 ιιι
1362 4773 1470 4824 litteram
1490 4771 1583 4822 liniunt
1600 4771 1650 4835 Cf

391 4861 436 4900 eut
451 4852 544 4916 priore
562 4851 618 4901 loco
635 4847 794 4906 amires.
813 4845 913 4898 cdvii*
996 4844 1030 4896 28
1048 4845 1073 4896 in
1093 4860 1108 4895 a
1127 4855 1223 4897 exeunt
1240 4845 1265 4895 Ρ
1282 4845 1341 4908 lna
1360 4855 1456 4894 exeunt
1474 4839 1623 4892 litterumC

391 4919 425 4968 29
444 4932 471 4969 ιιι
489 4919 555 4970 ultru
573 4932 624 4968 ιιιιιι
641 4917 691 4972 θς
