3858 5560
705 315 755 372 an
774 273 910 372 uarius
931 321 954 384 1,
968 325 984 370 :r
1006 347 1036 356 -
1055 322 1109 383 aa

726 683 776 746 DE
802 683 1080 747 lllPPONAC'l'ElS

328 821 415 884 Nune
438 822 474 884 etl
499 823 699 904 hippoa'aetea
724 823 887 884 ueniamus.
927 826 1035 906 equis
1058 823 1095 884 tle
1119 823 1286 886 tetrametri
1303 820 1314 905 Ι]
1332 822 1419 884 nnius
1443 821 1562 883 lambini

242 943 364 1005 genere,
394 929 463 1007 qula
494 944 542 988 res
571 925 718 1005 exigebat,
750 923 805 987 nos
834 945 889 987 sno
918 926 985 987 loeo
1015 926 1155 989 diximus,
1200 925 1248 986 hie
1272 936 1376 986 auctor
1405 928 1563 987 trimetron

243 1038 380 1091 scazonta
405 1031 483 1098 lecit,
508 1029 537 1090 itl
562 1037 606 1092 est
630 1028 858 1110 claudicantem,
883 1030 970 1090 cuius
994 1029 1041 1090 lex
1065 1029 1130 1090 talis
1154 1038 1209 1098 est,
1234 1037 1265 1090 nt
1287 1032 1422 1108 proxima
1441 1030 1563 1091 nltinmn

215 1131 354 1214 asyllaba
386 1135 489 1212 ntique
518 1135 558 1194 sit
586 1131 673 1210 longa
704 1141 733 1192 et
761 1150 818 1212 pro
848 1131 946 1193 iambo
976 1131 1052 1213 pierio
1081 1150 1188 1194 versus
1215 1133 1350 1213 spornleo
1375 1133 1492 1194 liniatur
1516 1145 1566 1194 ant

189 1269 193 1277 ·
243 1235 395 1306 trochaeo,
426 1239 568 1317 quonlam
598 1235 671 1298 nihil
701 1237 837 1306 interest,
869 1237 1029 1298 novissima
1058 1234 1169 1318 syllaba
1201 1235 1301 1297 breuis
1329 1255 1366 1298 an
1395 1234 1484 1316 longa
1514 1237 1564 1296 sit.

243 1340 331 1401 ouius
353 1339 525 1420 exemplum

512 1441 608 1506 sella
632 1445 669 1504 in
693 1445 822 1506 curuli
845 1451 986 1505 struma
1011 1442 1153 1505 Nonius
1176 1441 1299 1506 setlnt:

190 1579 194 1588 ·
243 1547 290 1609 lae
313 1565 369 1629 pro
391 1546 478 1609 setlet
500 1547 586 1618 eredit,
612 1549 670 1609 erit
694 1565 813 1617 scazon,
881 1631 883 1637 Ι

204 1674 230 1713 ιι
586 1650 660 1713 sella
683 1652 713 1713 ln
738 1649 833 1713 curuli
857 1658 972 1712 struma
996 1649 1110 1713 Nonius
1134 1649 1222 1712 sedit.

244 1773 351 1818 rnrsus
373 1756 558 1844 permutatio
581 1755 743 1817 verborum
768 1765 799 1815 ot
822 1753 902 1816 linire
925 1755 1016 1817 laeiet
1037 1752 1201 1816 iambicum
1225 1765 1352 1824 rornnn,

582 1856 654 1920 sella
679 1861 709 1920 in
734 1857 833 1920 curuli
856 1867 970 1920 struma
994 1856 1072 1920 sedit
1095 1857 1223 1932 Nonius,

243 1971 274 2023 et
295 1959 379 2024 illum
403 1969 557 2032 scazonta,

602 2081 659 2127 nee
673 2065 828 2127 *excitatur
851 2064 976 2127 classico
1000 2065 1078 2126 uuoi
1101 2062 1205 2133 miles,

205 2188 230 2229 n
243 2169 405 2231 iambicum
428 2175 545 2231 rectum
567 2170 629 2247 sic,

568 2279 571 2287 “
602 2287 659 2334 neo
680 2273 836 2342 excitatur
857 2275 988 2334 classico
1009 2275 1095 2334 miles
1116 2275 1207 2336 truci.

244 2377 301 2438 hoo
330 2373 431 2438 intem
453 2377 494 2438 lta
523 2377 590 2438 lieri
618 2373 857 2444 observabimus,
888 2376 913 2436 si
936 2385 988 2438 ant
1011 2375 1107 2438 ultimi
1136 2376 1195 2437 dno
1224 2376 1317 2456 perles
1345 2395 1382 2438 ox
1412 2376 1566 2457 disyllabis

244 2479 391 2542 absolutis
420 2477 520 2541 verbis
549 2477 740 2548 constabunt,
775 2488 827 2540 ant
854 2488 981 2560 <punitus
1010 2479 1142 2559 semipes
1170 2481 1322 2559 posterior
1352 2481 1355 2562 Ι
1387 2499 1458 2542 eum
1486 2482 1565 2542 inse·

243 2591 355 2666 qneute
378 2583 455 2664 petie
484 2579 671 2661 trisyllabum
695 2580 815 2662 perlicit
842 2581 978 2652 verbum,
1008 2591 1160 2662 tamquam
1183 2581 1307 2653 Nonius,
1339 2585 1441 2664 ntique
1465 2594 1563 2645 autem

205 2695 349 2750 eosextus
376 2703 431 2767 pes
459 2685 627 2767 perlectum
657 2683 765 2746 habeat
794 2683 972 2765 disyllabon,
1004 2696 1154 2766 tamquam
1179 2687 1259 2748 sedit
1289 2686 1358 2747 lecit
1381 2686 1465 2748 dixit.
1511 2686 1564 2747 sed

244 2808 313 2851 oum
341 2786 428 2851 laeile
457 2798 557 2850 rectos
586 2787 734 2850 iambicus
762 2787 899 2851 admittat
927 2789 1032 2870 quinto
1061 2787 1340 2870 locospontlenm,
1378 2790 1425 2850 irie
1456 2809 1563 2851 scazon

243 2893 393 2974 pessimus
416 2893 483 2963 erit,
512 2892 564 2972 qui
588 2891 728 2954 hahuerit
756 2891 847 2953 alium
871 2891 975 2972 quinto
998 2891 1064 2953 loco
1088 2911 1176 2972 quam
1200 2891 1351 2960 iambumt
1379 2912 1440 2972 ιμιο
1464 2903 1564 2954 tanton

243 2999 308 3058 sine
331 2995 477 3076 religione
500 3013 572 3057 usus
596 3003 640 3057 est
664 2993 830 3078 Hipponax.
877 2996 941 3057 eius
965 2995 1135 3076 exemplum

312 3205 328 3255 2
347 3201 421 3254 Nune
438 3203 471 3254 ad
489 3201 664 3268 ltipponaotea
675 3203 781 3262 -258,
796 3203 827 3252 11
845 3201 961 3252 accidere
981 3201 1085 3268 possint
1104 3201 1174 3253 oller.
1191 3201 1291 3254 Victor.
1308 3206 1366 3262 136,
1381 3206 1416 3254 ta
1428 3229 1460 3240 -·
1476 3207 1535 3264 137,
1552 3208 1566 3254 1

249 3272 350 3332 Terent
370 3273 460 3326 Maur.
478 3273 551 3322 2398
562 3295 590 3307 -
603 3273 675 3322 etto
1615 3285 1616 3290 ¹

312 3463 328 3514 2
352 3462 385 3513 nti
407 3461 582 3528 hipponaoten
600 3462 625 3512 A
639 3457 665 3508 B
687 3460 720 3510 ad
738 3459 902 3527 llipponaota
921 3473 937 3516 ς
1013 3460 1148 3512 ueniamus
1172 3461 1247 3512 cuius
1270 3461 1301 3510 tle
1325 3463 1464 3514 tetrameui
1488 3465 1564 3516 nnius

245 3531 347 3584 iambici
366 3532 487 3596 (iambice
504 3530 543 3594 B)
561 3545 656 3597 genere
675 3528 739 3580 AB
758 3531 986 3582 neniamue.euius
1004 3529 1036 3580 tle
1050 3531 1190 3580 tetrametri
1208 3546 1303 3597 genere
1323 3533 1399 3582 annus
1418 3533 1521 3583 iambici
1540 3547 1565 3589 ς.

209 3645 213 3654 ,
246 3616 260 3650 e
277 3601 336 3665 quis
354 3601 460 3666 scripti,
478 3608 505 3650 ut
515 3601 707 3666 &perficeretur
724 3604 876 3650 tetrameter
892 3599 1013 3650 tomitem
1031 3602 1197 3650 acatalecticus
1214 3603 1254 3651 vel
1269 3598 1458 3666 liprponnetenr
1475 3619 1564 3654 verens

245 3669 365 3736 tantilem
378 3671 522 3737 praedi-otus
534 3671 578 3735 qai
589 3671 684 3720 dieitur
695 3669 767 3731 infra
779 3684 807 3732 p.
822 3671 883 3728 263,
898 3672 939 3719 17.
958 3669 990 3719 de
1002 3669 1050 3720 loe
1062 3671 1127 3720 enim
1138 3669 1242 3719 illarius
1256 3669 1281 3717 V
1280 3672 1404 3720 irlora'nns
1416 3687 1443 3735 p.
1456 3673 1518 3733 135,
1533 3675 1566 3721 ll

245 3747 272 3790 et
295 3737 468 3791 Terentianus
489 3737 601 3789 illaurue
625 3739 696 3788 2371
717 3753 777 3804 eqp.
803 3747 864 3788 oute
888 3739 1028 3788 trimetron
1051 3737 1182 3788 iambicam
1204 3741 1320 3789 eternium
1344 3747 1369 3790 et
1392 3747 1565 3791 tetrametram:

246 3809 402 3860 anetam
420 3808 537 3858 claudunt
554 3816 756 3874 praeceperunt.
787 3807 893 3858 Caesius
911 3823 962 3858 una
979 3823 1033 3857 οιιιιι
1052 3808 1167 3858 trimetro
1180 3807 1286 3858 iambico
1306 3824 1360 3858 eam
1378 3825 1476 3859 versum
1494 3817 1566 3860 tror-

246 3879 340 3929 tovisee
357 3878 460 3929 violetur
539 3875 689 3939 illos-torae
706 3890 774 3939 qnae
792 3891 834 3926 res
853 3875 974 3940 exigebat
1051 3877 1229 3932 ιιίιιιειιιιιιις
1303 3877 1452 3942 asyllaboe
1471 3878 1565 3933 ΑΒς

313 3946 463 4014 spondaeus
487 3943 590 3995 linietur
613 3960 627 3994 e
650 3944 782 3995 Troolioeo
806 3957 823 4001 ς
898 3946 913 3995 1
937 3944 1016 3995 Cuius
1041 3943 1188 4010 exemplum
1211 3943 1281 3995 Sella
1305 3946 1330 3994 in
1355 3945 1442 3996 Cnruli
1466 3958 1565 3996 struma

246 4013 346 4067 Nonius
370 4016 451 4066 sedet.
477 4029 507 4064 ao
530 4027 578 4081 pro
602 4013 682 4064 seder.
711 4013 779 4064 sedit
801 4014 849 4064 erit
872 4028 978 4064 scazon.
1005 4011 1074 4063 Sella
1096 4015 1123 4062 in
1141 4013 1228 4064 Cor-nli
1253 4027 1353 4064 struma
1371 4013 1470 4065 Nonius
1489 4016 1565 4067 sedit.

245 4100 335 4136 rorans
354 4085 545 4152 permutatione
563 4083 701 4133 uerborum
721 4093 745 4132 et
764 4082 832 4132 inmo
848 4081 926 4133 faciet
943 4083 1082 4132 lombicnm
1102 4081 1223 4147 (menum
1242 4095 1338 4133 rectum
1356 4083 1418 4134 sella
1437 4084 1463 4132 in
1482 4084 1565 4134 curtili

245 4165 344 4205 struma
367 4153 436 4205 setlit
457 4153 553 4203 nonius
577 4153 639 4204 odel.
657 4151 715 4202 ood.
734 4151 830 4217 Neap„
851 4153 900 4202 red
917 4153 1001 4203 deleto
1019 4169 1042 4203 o.
1061 4151 1198 4216 metrum):
1221 4163 1246 4202 et
1264 4153 1335 4202 illum
1353 4165 1484 4204 senionia.
1514 4151 1565 4202 Neo

245 4225 372 4274 excitator
394 4223 505 4274 classico
529 4223 594 4272 truci
618 4220 702 4327 miles.
734 4219 782 4270 lion
806 4233 891 4271 etitem
914 4233 931 4277 ς
954 4228 979 4272 et
1001 4222 1087 4272 coclea
1110 4221 1299 4288 Neapolitanus
1320 4222 1394 4272 euius
1418 4221 1564 4288 exemplum

610 4299 621 4327 S
633 4297 694 4328 ruma

246 4343 309 4394 sella
327 4344 353 4393 in
371 4341 454 4394 ournli
473 4355 572 4393 strumo
590 4341 701 4406 (semino
713 4339 751 4404 B)
770 4340 838 4391 sedit
856 4341 949 4391 nonius
969 4351 993 4390 et
1011 4340 1082 4390 illum
1102 4351 1226 4392 scazonta
1244 4357 1290 4392 nee
1309 4342 1438 4392 excitatur
1455 4341 1564 4392 classico

246 4413 310 4463 truci
328 4411 404 4463 miles
424 4412 471 4462 hoo
489 4425 574 4463 antem
595 4409 665 4462 AB.
699 4411 898 4462 concertationem
915 4409 1037 4475 praebuit
1056 4411 1159 4462 illarius
1174 4411 1332 4474 Victorinus,
1351 4413 1422 4462 euius
1439 4414 1566 4462 rationem

245 4483 393 4533 aemulius
410 4481 449 4531 t'ta
467 4483 600 4547 expressit
620 4477 816 4542 Studemnndna
839 4480 914 4528 cuins
933 4478 1080 4545 exemplum
1104 4480 1183 4530 ‘sellu
1201 4483 1226 4530 in
1246 4479 1327 4530 curtili
1346 4491 1445 4530 struma
1464 4478 1564 4530 Nonius

247 4547 343 4611 sedet’,
365 4549 407 4600 lae
425 4563 473 4616 pro
492 4549 566 4600 sedet
584 4548 661 4607 sedit,
680 4547 727 4597 erit
745 4562 852 4613 scazon,
876 4547 954 4598 ‘sella
973 4549 998 4597 in
1018 4548 1100 4598 citrarii
1119 4560 1218 4600 strumo
1236 4547 1336 4599 Nonius
1356 4547 1444 4598 sedit’.
1475 4565 1565 4599 rnrsns

248 4621 401 4686 permutatio
420 4619 557 4669 verborum
575 4629 601 4668 et
619 4617 687 4667 lirino
704 4616 783 4666 loeiet
801 4616 938 4666 iambicum
958 4617 1096 4682 integrum,
1116 4630 1143 4668 ιιι
1161 4618 1236 4669 ‘sella
1253 4621 1279 4668 in
1292 4617 1373 4668 etirnli
1387 4630 1485 4668 strnma
1498 4619 1566 4668 sedit

247 4685 368 4741 Nonius’.
406 4688 524 4738 similiter
538 4687 701 4754 ‘pennumtio
725 4685 813 4735 endem
838 4697 935 4734 rectum
959 4683 1035 4736 inciet
1057 4687 1194 4737 iambicum
1215 4700 1240 4737 et
1260 4686 1330 4736 illum
1351 4701 1482 4749 scazontes,
1502 4691 1566 4737 ‘nee

248 4757 372 4808 excitatur
389 4756 500 4808 elassieo
519 4757 583 4807 truci
602 4755 692 4806 miles’
712 4770 736 4803 er
754 4766 844 4803 coium
863 4757 925 4803 ‘nee
944 4756 1071 4805 excitatur
1088 4756 1197 4806 classico
1215 4756 1289 4806 miles
1309 4757 1389 4806 unei’
1454 4756 1471 4807 8
1490 4754 1563 4823 sella]

249 4824 339 4880 Catuli.
357 4829 432 4887 52,2
514 4827 545 4877 17
565 4840 597 4874 ex
616 4825 759 4890 syllables
842 4823 873 4874 19
891 4821 958 4890 petie
976 4838 1054 4882 oms
1136 4827 1170 4877 at)
1187 4825 1280 4876 lrabeat
1298 4823 1491 4889 disyllobnma

233 4895 280 4956 ,22
298 4909 375 4957 quam
394 4895 532 4945 iambicum
553 4897 577 4944 Α
591 4893 646 4952 Be

298 4995 451 5028 oumrrea
463 4995 547 5028 urm
559 4995 591 5028 rr.
1327 4981 1357 5032 1't
