3904 5556
385 297 405 362 6
884 294 1204 351 nanuvrcromur

414 414 434 454 p.
449 401 500 442 stat
516 398 537 441 Ρ.
1555 395 1677 453 pasti.

386 490 455 552 datu
479 487 620 552 videntur
644 490 791 557 retinere,
823 507 841 549 ιι
864 497 894 550 ιι
916 487 934 550 k
959 496 989 550 et
1011 507 1046 570 q:
1072 504 1140 550 uam
1164 507 1181 570 y
1205 494 1235 548 et
1257 504 1272 546 z
1295 496 1421 570 propter
1449 505 1558 569 graeca
1581 487 1704 550 nomina

386 592 505 656 additae
528 601 609 657 suat.
654 611 710 654 nec
733 590 888 654 dubitatur
911 590 959 654 his
987 591 1097 655 litteris
1120 589 1262 654 omnibus
1285 585 1291 673 Ι
1316 588 1430 670 absque
1454 591 1515 654 sola
1539 610 1557 648 v
1577 592 1705 654 remotis

385 697 498 761 latinae
527 695 646 778 linguae
677 694 807 777 reliquas
829 693 908 757 XVll
936 713 1026 778 posse
1048 693 1233 758 satisfacere.
1275 711 1344 756 nam
1367 712 1424 774 pro
1445 694 1465 757 h
1489 693 1704 778 adspirationis

386 809 467 872 nota,
492 810 525 864 ut
540 801 649 864 Graeci
666 799 789 871 iaciunt,
813 799 885 880 poni
901 809 1016 881 posset:
1042 799 1055 860 l
1075 802 1165 862 etiam
1188 817 1207 881 p
1232 806 1261 861 et
1282 795 1386 860 eadem
1403 797 1605 879 adspiratione
1621 816 1703 862 com·

386 903 523 988 piaretur
546 902 642 966 nihilo
665 903 775 965 minias.
813 919 869 982 pro
893 901 912 964 lt
935 911 964 965 et
988 923 1007 984 q
1030 920 1047 963 c
1068 899 1169 965 litterl
1193 899 1333 964 facillime
1349 898 1523 964 haberetur.
1555 922 1579 965 -x
1603 911 1730 966 autema

377 1026 442 1091 per
465 1027 482 1070 c
504 1015 534 1070 et
556 1025 571 1068 s
593 1023 750 1088 possemus
773 1006 920 1070 scribere.
944 1035 959 1068 a
983 1009 1028 1069 sic
1051 1015 1081 1069 ct
1104 1025 1128 1077 a,
1152 1004 1291 1069 simodo
1315 1004 1409 1067 latino
1438 1007 1570 1068 sermoni
1598 1023 1704 1068 neces·

386 1113 465 1174 saria
489 1118 583 1182 esset,
612 1108 709 1192 perd
733 1117 799 1172 ets
822 1110 938 1174 litteras
965 1111 1144 1174 laceremus.
1184 1107 1237 1172 sed
1267 1116 1300 1171 ut
1326 1125 1529 1192 omnesquae
1553 1110 1621 1172 usai
1643 1118 1704 1172 tra·

386 1213 467 1277 ditae
494 1221 565 1276 sunt
595 1215 786 1296 recipiamus,
815 1221 885 1278 sunt
913 1211 1016 1276 XXlll.
1056 1233 1093 1277 ex
1121 1213 1168 1276 his
1197 1212 1274 1276 aliae
1301 1221 1373 1274 sunt
1394 1210 1521 1284 vocales,
1551 1221 1586 1276 ut
1614 1231 1704 1294 supra

387 1317 525 1388 diximus,
548 1315 626 1380 aliae
649 1325 859 1388 consonantes,
884 1316 960 1380 aliae
983 1324 1093 1380 mutae.
1132 1313 1248 1378 vocales
1276 1325 1348 1378 suut
1369 1334 1446 1398 quae
1465 1315 1584 1398 plenam
1601 1335 1704 1381 rocem

386 1421 562 1504 proterunt,
584 1417 596 1504 l
618 1439 674 1504 per
704 1438 778 1500 quas
806 1423 896 1485 etiam
926 1429 1078 1500 separatas
1106 1419 1234 1501 syllabas
1262 1420 1329 1483 lieri
1359 1419 1469 1482 volant.
1513 1427 1584 1482 sunt
1605 1428 1704 1484 antem
1720 1445 1744 1484 m

387 1543 514 1588 numero
537 1541 598 1595 sex,
630 1544 647 1587 a
670 1543 686 1587 e
709 1527 720 1588 i
744 1545 761 1586 o
785 1544 803 1589 u
826 1545 854 1606 v.
898 1523 1006 1588 harum
1037 1523 1118 1586 nulla
1147 1531 1252 1586 natura
1281 1523 1384 1586 littera
1410 1523 1501 1604 lovtga
1531 1531 1583 1586 aut
1607 1523 1706 1587 brevis

388 1638 444 1700 est,
469 1627 523 1690 sed
546 1645 651 1691 omnes
674 1646 735 1691 uno
758 1626 857 1700 modo,
881 1630 907 1690 si
930 1629 1148 1708 corripiuntur,
1173 1625 1288 1698 breves,
1312 1627 1338 1688 si
1357 1626 1575 1708 producuntur,
1600 1626 1706 1709 longae

386 1741 466 1804 sunt,
490 1750 525 1794 ac
547 1733 712 1814 praecipue
734 1751 751 1794 c
776 1740 805 1794 et
827 1751 855 1814 o,
879 1748 956 1811 quae
980 1729 1124 1794 bilormes
1147 1730 1299 1802 dicuntur,
1324 1732 1394 1812 quia
1416 1748 1472 1812 pro
1490 1729 1567 1793 binis
1590 1734 1706 1812 graecis

388 1834 468 1916 apud
484 1853 538 1898 nos
554 1843 718 1915 ponuntur.
755 1835 894 1899 residuae
917 1843 1017 1898 autam
1040 1831 1160 1896 litterae
1183 1851 1289 1896 omues
1311 1841 1511 1898 consonantes
1532 1844 1604 1898 aunt
1618 1835 1705 1906 Xl'll,

390 1937 526 2002 bodi
547 1957 566 2020 g
589 1937 609 2000 h
631 1936 651 2000 k
673 1937 684 2000 l
706 1957 735 2001 nr
759 1958 778 2002 n
801 1947 1063 2021 pqrstnz.
1098 1936 1746 2020 haedividuntarinpartesdoas:alinea

389 2045 471 2106 enim
493 2051 564 2105 sunt
586 2042 791 2112 semivocales,
816 2040 892 2104 aliae
916 2049 1026 2105 mutae.
1064 2041 1260 2104 semivocales
1288 2049 1359 2104 sunt
1381 2060 1459 2122 quae
1480 2051 1597 2122 partem
1613 2061 1707 2123 quau·

389 2145 458 2210 dam
475 2148 555 2209 vonis
570 2147 732 2227 incipiunt,
756 2143 808 2208 sod
832 2143 960 2226 implero
984 2163 1042 2207 non
1058 2152 1194 2226 possunt,
1219 2152 1248 2208 et
1268 2153 1339 2207 sont
1355 2143 1429 2216 Vlll,
1452 2145 1467 2206 1
1480 2143 1490 2205 l
1506 2165 1534 2208 m
1551 2165 1571 2208 n
1586 2166 1603 2209 r
1617 2163 1632 2208 a
1648 2165 1665 2208 a
1680 2166 1707 2210 z.

389 2271 426 2314 er
442 2249 489 2312 his
505 2245 712 2312 immutabiles
733 2248 795 2320 llll,
819 2245 830 2310 l
852 2268 882 2312 m
905 2267 925 2310 n
947 2267 972 2320 r,
997 2247 1094 2311 dictae
1115 2256 1194 2321 sunt,
1222 2249 1291 2332 quia
1314 2249 1345 2310 in
1370 2247 1546 2312 masculinis
1569 2257 1599 2311 et
1621 2251 1709 2313 lenti·

389 2355 471 2416 ninis
486 2351 661 2416 nominibus
675 2371 732 2434 per
752 2353 968 2416 nominativum
991 2369 1093 2414 casum
1114 2353 1231 2434 positae
1252 2353 1283 2414 in
1299 2350 1441 2415 omnibus
1458 2350 1709 2417 declinationibus

390 2466 513 2520 manent
528 2473 585 2518 nec
601 2464 766 2519 mutantur.
807 2455 929 2518 eaedem
953 2464 1054 2518 autent
1077 2455 1209 2538 liquidae
1229 2454 1382 2528 dicuntur,
1406 2454 1525 2536 quando
1548 2455 1604 2519 bae
1627 2455 1708 2521 solae
1723 2483 1748 2522 aa

389 2562 469 2624 iuter
493 2567 709 2623 consonantem
739 2567 769 2620 et
794 2559 926 2640 vocalem
954 2561 1108 2622 immissae
1137 2577 1197 2621 non
1226 2576 1367 2640 asperum
1394 2576 1502 2622 sonum
1524 2560 1647 2632 iaciunt,
1678 2569 1710 2624 at

389 2663 503 2727 clamor
531 2659 655 2727 Tmolus
683 2660 707 2744 †
734 2660 840 2726 consul
868 2662 978 2725 Africa.
1024 2665 1096 2726 item
1126 2681 1162 2724 ea
1191 2661 1288 2724 isdem
1319 2659 1552 2726 semivocalibus
1575 2662 1710 2744 duplices

373 2776 460 2832 -sunt
483 2767 568 2843 duae,
593 2784 611 2827 x
635 2773 665 2828 et
686 2785 719 2828 z:
749 2764 885 2844 singulae
916 2769 996 2828 enim
1024 2769 1056 2829 in
1084 2767 1212 2828 metrica
1243 2767 1360 2827 ratione
1384 2783 1440 2845 pro
1463 2765 1580 2830 duabus
1602 2785 1709 2830 conso·

390 2868 531 2936 nantibus
555 2866 663 2932 valent.
701 2867 841 2932 residuae
871 2869 1095 2933 semivocalium
1118 2877 1189 2932 sunt
1211 2868 1224 2930 i
1246 2876 1275 2930 et
1298 2887 1320 2931 s.
1364 2887 1400 2930 ex
1420 2867 1533 2959 auibus
1554 2872 1569 2933 1
1589 2870 1708 2953 quidam

391 2983 528 3038 errantes
550 2970 702 3055 duplicem
725 2971 838 3044 dicunt,
864 2973 933 3054 quia
956 2991 993 3035 ex
1015 2992 1034 3054 p
1058 2982 1089 3036 et
1110 2972 1131 3035 h
1153 2972 1316 3052 composita
1334 2971 1477 3035 rideatur.
1511 2973 1565 3036 sed
1588 2973 1708 3056 quando
1722 2997 1748 3041 aa

461 3132 555 3182 duam
576 3142 624 3196 pro
642 3126 670 3192 h,
694 3126 880 3194 adspirationis
899 3139 969 3186 nota,
993 3139 1021 3178 nt
1039 3126 1128 3178 Graeci
1148 3125 1253 3186 iaciunt,
1278 3127 1339 3194 poni
1359 3139 1451 3194 posset
1467 3127 1486 3187 1,
1510 3140 1535 3178 et
1556 3128 1645 3180 eadem
1664 3129 1710 3181 ad-

390 3198 535 3267 spiratione
547 3196 728 3264 compleretnr.
759 3196 927 3248 nihilomiuus
947 3211 993 3263 pro
1013 3197 1029 3247 k
1050 3198 1080 3252 a.
1098 3195 1123 3247 I.
1140 3197 1248 3248 Vossius
1265 3195 1298 3246 de
1316 3205 1367 3248 art.
1384 3211 1490 3262 promta.
1508 3197 1534 3249 1.
1553 3201 1588 3250 26
1604 3215 1631 3264 p.
1650 3202 1709 3250 102,

391 3268 404 3319 1
419 3270 531 3320 litteram
550 3283 566 3333 p
585 3274 612 3316 et
630 3265 645 3315 h
664 3268 760 3316 litteris
777 3267 891 3332 exprimi
906 3281 984 3330 posse
1002 3267 1140 3317 indicatum
1157 3273 1197 3317 est
1214 3265 1286 3329 infra
1306 3267 1339 3316 25
1357 3265 1487 3317 Priscian.
1505 3269 1522 3318 i.
1543 3266 1568 3321 1.
1585 3284 1613 3334 p.
1628 3271 1669 3330 11,
1683 3271 1708 3318 9.

392 3337 559 3401 19‚8Diam.
572 3353 598 3401 p.
613 3335 706 3398 123,8
724 3334 815 3401 Pomp.
828 3351 855 3400 p.
869 3335 932 3388 231.
945 3337 977 3385 11
1047 3329 1171 3402 deciam]
1193 3345 1218 3384 et
1236 3332 1330 3390 ΑΒς
1399 3335 1550 3386 diaconam
1563 3353 1613 3404 pua
1626 3338 1711 3389 adno-

393 3410 456 3458 tatio
469 3405 866 3470 deyiitteraeaecidttindicani
918 3403 1070 3456 'tumuisti
1129 3401 1711 3467 tocatuna-armausnoscommamas

391 3475 502 3526 schedae
516 3475 619 3536 &secto
630 3475 773 3538 perierunt.
793 3481 854 3524 ante
867 3489 938 3539 parem
950 3472 1077 3536 desectam
1089 3473 1139 3524 duo
1159 3472 1248 3538 capita
1266 3471 1299 3522 de
1312 3472 1499 3538 orthographia
1517 3471 1531 3536 (
1528 3490 1556 3540 p.
1570 3477 1655 3525 7-2o
1667 3477 1709 3526 ed.

393 3541 492 3609 Gaias.)
511 3550 537 3593 et
553 3542 587 3593 de
607 3542 782 3592 ennuntiatione
800 3541 942 3592 litterarum
966 3543 1004 3608 (p.
1025 3543 1137 3592 38-12
1156 3541 1197 3593 ed.
1219 3539 1315 3604 Gaisfi)
1340 3543 1366 3591 in
1389 3543 1501 3593 editione
1519 3542 1667 3594 Basileensi
1684 3561 1710 3598 o.

393 3615 462 3664 1527
480 3611 525 3674 (ω)
544 3612 616 3662 edita
633 3617 709 3661 want
727 3613 776 3670 ita,
801 3609 845 3660 DE
868 3608 1125 3660 auvnrrnrrotta
1144 3608 1343 3660 Lirnnatavtt
1363 3609 1533 3661 t'toroatrtt
1551 3611 1629 3663 tritt
1652 3611 1710 3663 Pla-

392 3683 445 3732 oait
462 3692 547 3731 atatem
565 3705 599 3716 -
619 3678 743 3730 uocabula
761 3679 925 3748 recipiemus.
945 3677 1039 3732 rmus,
1058 3676 1210 3729 ElVSliEil
1229 3675 1402 3728 victorum
1421 3679 1499 3731 aaut
1517 3679 1549 3731 de
1568 3678 1710 3748 tirthogrn·

393 3749 455 3818 phin
472 3749 546 3814 liber,
572 3763 604 3798 ex
629 3748 717 3798 codiee
735 3746 909 3800 latiniacensi.
937 3745 1010 3799 Nunc
1032 3748 1156 3812 quoniam
1175 3773 1207 3784 -
1225 3745 1298 3798 lorus
1316 3758 1402 3797 autem
1425 3761 1508 3799 status
1528 3759 1578 3798 tam
1598 3749 1622 3800 in
1642 3747 1709 3810 loro,

360 3823 469 3886 {quam
489 3818 516 3867 in
535 3817 595 3868 ιιιιιιὶ
618 3830 643 3868 et
663 3817 794 3871 torculari.
826 3817 953 3868 Victorini
972 3816 1029 3868 atri
1048 3814 1255 3882 orthographiae
1273 3815 1369 3868 l'lh'lS.
1401 3817 1467 3868 bana
1485 3819 1621 3870 editionem
1638 3834 1710 3870 aecn-

394 3897 433 3940 tas
454 3886 617 3938 Camerarius
633 3888 797 3952 transposita
815 3903 847 3938 ea
863 3894 942 3952 parte
961 3902 1026 3953 puae
1044 3894 1083 3937 est
1101 3884 1134 3936 de
1151 3886 1326 3936 enuntiatione
1339 3885 1480 3936 litterarum
1498 3895 1524 3937 et
1542 3889 1641 3940 omissis
1654 3904 1711 3939 ner·

393 3957 431 4008 bis
449 3954 540 4006 volant
556 3966 619 4005 sunt
635 3968 720 4005 autem
740 3969 845 4005 numero
865 3970 913 4006 sax
931 3981 964 3992 -
981 3958 1006 4016 7,
1019 3957 1052 4006 33
1071 3954 1143 4005 labor
1160 3953 1245 4005 honor
1263 3957 1362 4022 reliqna
1380 3957 1418 4006 ita
1435 3956 1562 4021 supplerit
1581 3965 1606 4007 et
1629 3958 1711 4008 edidit

393 4027 419 4076 in
438 4037 463 4082 ς,
481 4034 617 4090 separatas
636 4021 749 4089 syllabas
769 4023 824 4074 lieri
842 4025 978 4092 contingit.
1006 4036 1180 4075 consonantes
1199 4039 1266 4088 qnae
1285 4037 1353 4074 nunc
1375 4025 1540 4092 praepositae
1562 4039 1630 4075 tarano
1647 4026 1711 4076 sub·

394 4096 496 4144 iunctae
515 4091 648 4143 uocalibus
667 4103 820 4144 corasonnnt.
838 4107 933 4151 mattae,
957 4107 1024 4157 quae
1042 4107 1125 4156 neque
1142 4091 1253 4160 prolerri
1272 4107 1319 4159 per
1337 4109 1365 4142 se
1383 4104 1503 4159 possunt,
1530 4109 1614 4156 ireque
1631 4094 1710 4160 syllan-

394 4164 453 4213 bam
467 4161 560 4214 iacere.
583 4159 628 4210 DE
647 4159 904 4212 Eh'Vlt'ClthONE
922 4161 1099 4216 Ltherarurn.
1128 4161 1228 4212 Placuit
1244 4175 1330 4212 autem
1348 4179 1374 4226 p.
1390 4163 1425 4213 38
1437 4163 1478 4214 ed.
1493 4161 1575 4226 Gaasf.
1589 4189 1622 4199 -
1633 4179 1661 4230 p.
1675 4165 1710 4214 12

393 4223 1659 4367 latitantidiliiiiiibdtlttitmtntbtttitdcilitiis,t·
1675 4233 1711 4352 il

393 4371 434 4422 ed.
454 4369 537 4426 Gaias.
554 4383 612 4435 sqq.
631 4383 667 4419 ex
684 4368 807 4420 Parisino
829 4370 918 4421 codiee
938 4369 1103 4434 daisfordins
1121 4385 1237 4436 eaquae
1260 4371 1286 4419 in
1309 4369 1385 4419 editis
1403 4369 1595 4434 exemplaribus
1617 4371 1711 4422 emim

394 4445 471 4491 erant
488 4439 592 4489 addidit
609 4443 635 4487 et
651 4439 786 4504 pruvinum
803 4437 936 4490 nerbomn
954 4439 1069 4490 ordinem
1086 4442 1207 4490 restitnit.
1225 4440 1251 4489 in
1269 4439 1301 4488 iis
1319 4451 1385 4503 qnae
1404 4438 1430 4488 in
1448 4439 1473 4488 A
1492 4440 1627 4502 perierant
1644 4441 1709 4490 inte·

393 4525 466 4576 mom
484 4507 687 4569 discrepantiam
704 4507 801 4557 codicis
823 4505 1000 4559 Valentiniani
1016 4508 1149 4573 adscripsi
1218 4501 1296 4572 115]
1317 4521 1330 4556 s
1353 4505 1414 4555 Vai.
1486 4509 1518 4558 12
1536 4509 1711 4574 corripiantur

395 4575 421 4628 B
437 4575 495 4628 Vai.
564 4575 598 4626 22
616 4571 719 4639 consul]
738 4573 840 4626 Gnaeus
861 4577 891 4631 L.
904 4575 1040 4642 Miiiierns,
1060 4577 1128 4643 qaod
1139 4577 1215 4628 natea
1231 4575 1400 4628 Terentianus
1420 4577 1500 4628 1231.
1523 4577 1583 4627 item
1601 4577 1711 4628 subiun-

395 4646 464 4712 gitur
478 4643 563 4708 intutis,
584 4655 612 4694 ut
626 4642 733 4694 Cnidius
746 4641 851 4694 Potnias
865 4645 1003 4697 Diomedes
1018 4662 1045 4711 p.
1060 4649 1122 4709 425,
1137 4649 1177 4706 11,
1197 4646 1257 4695 item
1276 4643 1441 4709 subiungitur
1454 4655 1478 4695 et
1494 4645 1709 4707 consonantibus,

397 4725 424 4763 ut
441 4713 548 4764 Cnidius
567 4711 692 4778 Cythnius
705 4711 843 4764 Dasitdens
860 4729 886 4779 p.
907 4717 949 4779 11,
968 4717 1009 4766 16.
1027 4716 1101 4764 tertia
1120 4714 1170 4765 uda
1193 4715 1232 4764 sio
1254 4713 1353 4764 ridetur
1373 4727 1451 4778 posse
1469 4729 1491 4780 g*
1504 4725 1601 4764 mamm
1625 4715 1710 4780 sequi,

397 4783 473 4832 tirnla
491 4782 567 4832 verba
585 4783 690 4846 quaudo
708 4783 735 4831 in
754 4796 829 4832 usum
848 4797 934 4834 sermo
948 4797 1036 4834 noster
1048 4785 1166 4850 srrscipit,
1186 4783 1298 4834 Griosios
1311 4781 1332 4831 si
1347 4781 1431 4832 dicere
1443 4798 1526 4842 arcus,
1539 4782 1652 4834 insariam
1665 4794 1710 4836 aut

397 4850 508 4904 Gnidum
528 4851 591 4901 velis
613 4851 784 4904 Terentianus
801 4853 853 4903 890
922 4854 955 4905 25
974 4853 1034 4916 qaia
1053 4866 1084 4902 ex
1104 4867 1121 4920 p
1144 4851 1202 4904 Vni.
1222 4851 1292 4915 quod
1311 4865 1343 4901 ex
1361 4865 1378 4918 p
1398 4849 1424 4901 B
