3906 5564
633 358 714 416 aar.
733 358 845 412 cums
863 358 933 416 nus.
952 329 1008 412 uu
1028 361 1051 423 ι,
1070 361 1188 411 π-ιι

277 463 398 519 pastor
415 462 437 506 Ρ.
532 529 536 539 1
1364 523 1376 544 υ

604 570 727 616 carmen
750 571 840 616 suave
863 549 1003 626 dedistis,
1028 572 1046 614 o
1068 551 1227 615 Camenae.
1319 549 1323 568 ⁸

252 651 321 722 nam
338 656 474 722 detracto
490 657 589 740 primo
605 664 754 720 commate
778 674 882 719 versus
905 655 989 744 heroi
1013 659 1166 739 supererit
1189 654 1320 737 dipodia,
1345 655 1376 716 ‘o
1399 650 1572 714 Camenae’.

251 761 327 826 haec
350 761 458 826 incisio
481 763 574 824 tertio
606 760 749 824 trochaeo
773 760 952 824 terminetur
971 761 1034 834 sic,
1066 763 1208 824 ‘carmen
1236 775 1327 821 suave
1355 756 1508 826 dedistis',
1537 754 1574 818 de

252 883 310 948 qua
333 866 364 928 in
387 866 487 948 primo
510 865 661 929 volumine
690 863 862 946 plenissime
886 865 967 927 inter
989 863 1061 928 alias
1084 864 1170 927 heroi
1194 879 1298 926 versus
1321 871 1417 926 tomas
1433 859 1573 930 diximus,

226 970 337 1032 aculus
361 976 391 1032 et
414 967 585 1052 exemplum
609 966 688 1050 apud
704 966 868 1048 Vergilium
892 978 1030 1032 nostrum
1048 967 1234 1043 ostendimus
1257 964 1329 1037 boc,
1354 963 1573 1052 ‘infandum

247 1069 412 1154 'regiua’.
458 1089 527 1135 nam
551 1070 672 1134 residue
695 1069 753 1134 sibi
775 1079 861 1153 parte
885 1070 1001 1134 adiecta
1025 1071 1237 1134 hexametrum
1260 1067 1343 1132 dabit
1365 1069 1418 1141 sic,

471 1193 624 1240 carano
647 1182 739 1238 sasave¹
761 1173 885 1238 dedistis
908 1172 1100 1258 Olympiades
1121 1175 1197 1237 milae·
1218 1173 1330 1237 blusae.

252 1279 391 1346 simlbter
1088 1313 1090 1318 ,

400 1277 658 1438 ¹infandum.
684 1384 747 1448 reg
754 1367 832 1437 irre,
855 1364 965 1428 rubes
989 1383 1174 1430 renovare
1198 1361 1383 1427 dolorem

215 1470 369 1536 raediecta
392 1473 473 1536 enim
496 1469 640 1534 trochaeo
663 1471 751 1534 tertia
776 1467 876 1532 brevis
892 1469 999 1551 pedem
1024 1467 1172 1551 dactylum
1196 1478 1295 1532 metro
1318 1466 1449 1530 reddidit
1472 1486 1506 1530 ac
1522 1485 1574 1530 sua

253 1593 371 1640 uersum
394 1573 461 1658 lege
485 1573 643 1638 conclusit.

338 1677 449 1752 Quinta
472 1687 571 1743 eutem
595 1675 839 1760 hendecasyllabi
862 1677 980 1759 species
1002 1676 1134 1742 admixto
1158 1684 1319 1759 anapaesto
1336 1673 1487 1739 soladium
1503 1676 1576 1738 lacit

252 1789 392 1848 metrum.
438 1802 508 1847 nam
530 1785 556 1844 si
579 1791 648 1846 ante
671 1779 837 1864 dactylum,
867 1783 919 1863 qen
948 1789 1014 1864 post
1042 1779 1210 1864 spondeum
1239 1779 1428 1844 sollemniter
1455 1780 1487 1842 in
1517 1777 1574 1842 hoo

252 1905 342 1950 versu
365 1888 503 1970 ponitur,
533 1893 728 1968 anapaestum
751 1887 884 1958 inseras,
908 1885 1059 1950 soladium
1076 1895 1206 1948 metrum
1229 1885 1352 1968 propria
1370 1883 1574 1947 modulatione

214 2002 239 2044 1⁵
253 1989 407 2058 formabis.
453 1993 514 2055 erit
537 1991 674 2072 exemplo
697 2009 801 2054 versus
825 1991 889 2063 hic,

626 2111 748 2158 carmen
771 2093 906 2159 Pierides
929 2092 1044 2158 dabunt
1065 2111 1196 2156 sorores.

252 2198 324 2262 bulo
338 2199 363 2262 si
379 2198 528 2263 adieceris
543 2197 696 2280 lepidae,
721 2199 772 2278 qui
788 2205 833 2261 est
848 2207 1037 2279 anapaestus,
1061 2199 1140 2260 inter
1152 2196 1330 2280 spondeum
1347 2193 1358 2279 ΙΙ
1375 2203 1406 2258 et
1425 2194 1574 2276 dactylum

252 2302 450 2387 mouentibus
473 2300 570 2366 tribus
593 2300 758 2375 trochaeis,
791 2301 899 2383 quibus
928 2298 1197 2383 hendecasyllabos
1219 2299 1383 2372 clauditur,
1415 2299 1448 2362 lit
1472 2317 1576 2362 versus

252 2405 387 2471 eoladius
410 2409 460 2479 ita,

215 2537 241 2578 ro
557 2529 680 2575 carmen
703 2509 821 2594 lepidae
844 2509 979 2574 Pierides
1001 2508 1116 2574 debunt
1138 2527 1270 2574 sorores.

253 2600 327 2662 item

516 2675 517 2678 '
601 2693 691 2748 cantu
715 2684 776 2748 Pan
800 2701 855 2764 ege
878 2701 1001 2747 carmen
1025 2683 1102 2746 adde
1125 2700 1235 2746 canna:

253 2791 356 2852 insero
379 2789 513 2872 spondeo
537 2797 567 2852 et
590 2787 707 2872 dactylo
730 2787 861 2852 medium
890 2797 1099 2871 anapaestum,
1130 2788 1181 2869 qul
1205 2795 1249 2850 est
1272 2783 1416 2855 ‘docilis',
1447 2786 1499 2846 llet
1528 2803 1575 2846 so·

255 2891 367 2956 tedium
394 2893 454 2966 sic,
1240 2885 1245 2890 “

217 3013 243 3056 ss
539 3005 629 3059 cantu
652 2994 758 3059 docilis
781 2995 842 3059 l’an
865 3013 921 3076 age
944 3013 1066 3058 carmen
1090 2993 1166 3058 adde
1190 3011 1293 3056 cenna.

340 3099 450 3164 Sextae
473 3109 574 3163 autem
597 3100 758 3164 divisionis
780 3090 1049 3180 hendecasyllabos
1073 3099 1129 3161 erit
1152 3096 1228 3168 talis,
1307 3163 1309 3168 ,

630 3205 770 3267 iuverunt
791 3209 908 3284 segetes
930 3222 1030 3267 meum
1054 3200 1199 3266 laborem.

255 3305 335 3390 quali
359 3315 440 3370 tome
463 3309 502 3370 sit
524 3309 582 3370 iste
611 3309 793 3390 compositus
816 3305 984 3389 explicabo.
1031 3323 1099 3368 nam
1123 3307 1290 3369 ‘irruerunt'
1317 3314 1408 3386 caput
1430 3313 1475 3368 est
1500 3306 1574 3368 inci·

255 3411 364 3494 pientls
386 3411 568 3474 hexametri:
594 3411 719 3474 adiectis
743 3412 822 3483 enim
847 3409 973 3491 reliquis
996 3409 1122 3492 pedibus
1145 3427 1251 3473 versus
1274 3405 1474 3490 complebitur
1497 3409 1553 3478 ita,

218 3533 243 3573 so
536 3515 677 3578 iuuerunt
698 3524 831 3578 mentem
856 3533 960 3577 versus
983 3532 1020 3577 ex
1043 3513 1176 3577 carnrine
1201 3509 1290 3575 dulci.

256 3628 285 3682 at
306 3618 337 3682 ld
360 3617 441 3702 quod
470 3620 570 3680 versui
599 3627 754 3700 superest,
784 3623 921 3700 segetes
950 3636 1049 3681 nreum
1073 3615 1237 3687 laborem’,
1269 3625 1398 3679 metrum
1422 3618 1481 3679 erit
1501 3634 1576 3678 ana·

255 3709 421 3794 arcontium
445 3719 595 3803 siquidem
613 3725 773 3785 Anacreon
796 3741 831 3784 eo
854 3691 1096 3806 frequentissime
1120 3739 1192 3784 usus
1215 3725 1263 3791 sit,
1288 3719 1340 3781 sed
1366 3727 1395 3780 et
1418 3717 1498 3802 apud
1521 3737 1577 3781 nos

256 3827 401 3910 plerique,
424 3826 503 3888 inter
526 3843 607 3906 ιμιοε
624 3825 745 3889 Arbiter
768 3833 831 3908 saty
816 3827 920 3913 yricon
942 3828 993 3899 ita,

618 3928 771 4012 triplici
801 3929 908 3992 rides
938 3937 976 3994 ut
1004 3941 1091 3994 ortu

220 4047 244 4091 ss
617 4029 943 4096 Triviae'rotetur
966 4035 1065 4114 ignis

617 4134 842 4218 volucrique
865 4134 1039 4200 Phoebus
1063 4154 1128 4199 exe

617 4237 791 4322 rapidum
815 4248 997 4320 pererret
1019 4237 1156 4305 orbem.

324 4393 488 4448 determinati
507 4393 532 4445 B
603 4395 663 4446 din
682 4390 968 4462 primov‘oluminelp.
988 4397 1032 4459 6⁵,
1044 4399 1078 4446 17
1148 4397 1271 4448 helom.
1286 4391 1311 4443 B
1380 4392 1575 4447 fideditcorr.

257 4465 326 4516 dabit
344 4463 370 4515 B
431 4461 529 4515 'lmihl
547 4478 596 4514 om.
611 4463 682 4520 AB,
702 4464 763 4514 odd.
783 4475 813 4519 s:
832 4465 867 4526 ιΙ.
884 4464 988 4518 Terent.
1003 4463 1093 4517 liuor.
1107 4467 1178 4518 2831
1242 4465 1272 4513 12
1291 4460 1486 4544 endecasyllobo
1506 4479 1574 4516 corr.

258 4533 294 4584 bt
313 4535 338 4586 A
402 4533 434 4586 ll
452 4543 623 4600 anapaestum
642 4545 659 4589 ς
677 4545 834 4598 anapaestus
853 4549 923 4586 corr.
942 4535 974 4583 -ti
993 4535 1018 4584 A
1037 4545 1194 4600 orrnpaestus
1214 4531 1240 4583 B
1256 4531 1313 4582 Vel.
1373 4531 1473 4582 inseras
1493 4533 1542 4583 Α·
1537 4547 1575 4582 ισ-

258 4595 323 4654 ier'as
342 4601 399 4659 ςΒ
461 4603 492 4654 to
511 4600 631 4669 exemplo
650 4613 667 4658 ς
685 4602 804 4669 exempla
824 4601 884 4653 AB
945 4603 978 4652 22
997 4615 1137 4660 σπιιιιππς
1198 4615 1300 4652 carnaea
1319 4600 1401 4656 edes
1462 4601 1496 4653 ‘25
1519 4616 1575 4651 car·

258 4687 315 4723 men
333 4671 416 4728 edes
489 4672 522 4722 26
541 4679 617 4721 sexta
635 4671 724 4722 eadem
743 4669 881 4721 diuisionis
901 4671 926 4722 A
945 4683 1036 4722 sextus
1055 4671 1143 4723 eadem
1163 4670 1293 4723 diuisione
1311 4667 1366 4725 §B
1440 4669 1474 4721 28
1492 4671 1577 4739 expll-

258 4737 333 4808 cabo]
352 4740 464 4808 explebo
483 4741 508 4791 A
522 4738 548 4790 B
561 4752 578 4796 ς
641 4741 675 4794 30
693 4735 824 4805 lamecum]
848 4739 951 4792 Terent.
970 4741 1058 4796 Μσππ.
1077 4744 1146 4793 2860
1164 4742 1283 4792 invertant
1300 4739 1414 4790 altimum
1435 4754 1524 4791 sersus
1544 4755 1576 4790 ex

259 4809 369 4862 carmine
388 4809 470 4861 Flacci
528 4805 573 4876 ex]
593 4819 618 4860 et
638 4808 729 4865 ΑΒς
790 4811 822 4861 el
845 4821 948 4929 segetes
966 4823 983 4867 ς
1001 4825 1078 4876 seges
1098 4811 1162 4862 AB
1223 4810 1256 4860 32
1276 4809 1411 4860 Anacreon
1430 4825 1477 4861 σπι.
1488 4809 1576 4866 ΑΒς

308 4879 534 4944 frequentissimae
553 4881 578 4931 A
631 4883 664 4934 33
683 4878 799 4945 plerique
816 4890 834 4935 ς
851 4893 949 4943 rsrqrre
968 4879 993 4930 A
1008 4878 1033 4929 B
1086 4881 1120 4931 34
1138 4873 1244 4946 triplici]
1268 4877 1371 4932 Terent.
1389 4878 1478 4968 llcnr.
1498 4881 1576 4932 2862.

259 4947 336 5000 matt.
359 4947 455 5004 Themi.
473 4965 499 5015 p.
519 4951 572 5000 545
589 4949 631 5005 ed.
652 4949 735 5014 ΒπίπΙ.
806 4949 839 5002 36
857 4949 1001 5017 poebusA
