3888 5550
672 275 753 326 aar.
778 275 886 330 cmm.
916 277 987 326 ata.
1013 277 1025 326 1
1052 247 1188 326 taa-sstat
1524 261 1588 328 469

261 363 413 414 pfflssffi

257 453 281 513 si
304 450 489 514 voluerimus
506 451 617 515 docere
633 455 750 515 ratione
767 453 892 516 domum
919 455 984 534 regi
1006 464 1036 516 ct
1047 432 1157 518 ‘demus
1173 453 1345 537 exemplum
1361 454 1507 518 mundum
1525 458 1589 536 regi

256 557 383 618 ratione.
431 555 601 638 cuempiam
630 556 741 620 dieitur
770 558 868 619 modis
899 566 1058 638 quattuor:
1080 565 1102 619 'a
1127 559 1244 620 minore
1273 559 1309 621 ad
1339 559 1450 628 maius,
1481 569 1513 621 ut
1543 569 1589 620 εει

257 658 377 718 ‘serti
407 658 629 723 mehercule
666 662 739 722 mei
768 661 798 721 si
829 679 882 722 me
914 663 989 722 isto
1013 671 1125 742 pacto
1148 665 1398 732 metuerent’;
1428 681 1444 724 a
1473 663 1586 724 maiore

256 759 559 832 mmmmm
1164 757 1171 768 '
1640 750 1646 758 “

229 891 243 932 ε
371 917 372 922 1
672 876 710 928 at
732 883 805 928 non
830 867 1010 930 viderunt
1032 867 1177 929 moenia
1201 866 1336 929 Troiae

263 975 264 978 ’
411 968 580 1050 Neptuni
606 967 797 1032 fabricata
822 988 936 1032 manu
959 969 1161 1034 considere
1185 973 1220 1032 in
1244 971 1335 1050 igni,

235 1071 314 1152 *hoc
336 1090 497 1135 commune
514 1081 562 1134 est
577 1071 794 1154 paradigmati;
819 1093 835 1133 a
859 1073 967 1144 simili,
992 1082 1025 1136 ut
1048 1084 1094 1138 εει
1117 1076 1170 1136 ‘et
1194 1075 1224 1136 si
1249 1092 1303 1135 me
1327 1075 1417 1135 meis
1440 1073 1587 1135 civibus

256 1163 401 1238 iniuria
424 1184 642 1256 suspectum
666 1185 780 1255 atque
804 1176 997 1240 oiiensum
1024 1175 1231 1246 riderem’;
1257 1195 1272 1238 c
1296 1177 1464 1248 contrario,
1488 1186 1520 1239 ut
1543 1186 1589 1238 eat

256 1279 619 1360 ‘quippesooundae
643 1280 955 1360 ressapicntium
985 1282 1134 1342 animos
1157 1281 1338 1359 fatigant,
1364 1297 1407 1342 ne
1430 1277 1489 1342 ilii
1507 1297 1586 1342 cor-

219 1385 381 1464 roruptis
405 1381 575 1444 moribus
599 1383 782 1456 victoriae
808 1385 1101 1464 temperarent'.

343 1485 384 1548 De
408 1495 598 1564 argumento.
647 1488 865 1566 Argumentum
882 1495 926 1548 est
945 1488 991 1549 rei
1007 1487 1197 1570 confirmatio
1213 1488 1383 1548 necessaria
1406 1485 1588 1568 probatione

257 1587 347 1657 iacta,
372 1591 456 1651 acsi
479 1587 562 1651 dicas
585 1589 624 1651 ‘si
647 1589 711 1652 dies
736 1600 794 1663 εει,
819 1588 923 1652 lueet'.

344 1691 520 1770 nesigno·
549 1691 675 1772 Signum
705 1701 751 1754 est
778 1712 829 1755 res
860 1712 943 1774 quae
969 1701 1028 1754 tam
1057 1694 1142 1756 credi
1172 1711 1262 1772 quarn
1292 1712 1353 1756 non
1375 1691 1459 1754 credi
1482 1695 1587 1774 possit,

256 1813 291 1855 ac
315 1798 339 1856 ει
370 1795 507 1857 dicamus
531 1814 600 1857 eum
625 1797 676 1874 qui
700 1797 782 1858 iuxta
807 1795 933 1858 cadaver
958 1796 1058 1858 occisi
1083 1795 1217 1874 gladium
1247 1805 1354 1858 tenens
1377 1797 1518 1858 inventus
1542 1806 1588 1857 εει

217 1920 243 1965 ιε
258 1897 455 1960 homicidium
478 1907 689 1980 perpetrasse,
714 1917 783 1962 cum
808 1901 902 1980 possit
925 1901 1044 1978 signum
1072 1917 1139 1961 esse
1162 1897 1221 1960 lroc
1244 1907 1274 1961 et
1297 1900 1433 1961 veritatis
1456 1906 1486 1960 et
1508 1895 1587 1960 iaisi.

258 2018 332 2084 ergo
359 2003 441 2062 inter
470 2000 644 2082 paradigma
676 2009 705 2062 et
739 2001 911 2083 exemplum
942 2012 972 2064 et
1001 2008 1217 2082 argumentum
1248 2008 1278 2062 et
1306 1997 1426 2080 signum
1450 1999 1508 2062 hoc
1532 2011 1585 2073 est,

257 2103 334 2184 quod
365 2103 541 2184 paradigma
572 2123 632 2168 non
657 2106 810 2168 inducitur
840 2105 900 2167 nisi
929 2114 982 2166 aut
1003 2123 1019 2167 a
1044 2103 1218 2184 petentibus
1241 2113 1292 2166 aut
1315 2103 1352 2165 ad
1376 2112 1530 2184 petentes,
1554 2112 1588 2167 ut

256 2209 445 2268 ‘Antenor
468 2211 612 2290 potuit’
637 2217 668 2270 et
692 2210 797 2288 ‘quin
822 2206 1302 2290 occiditunaSarpedon';
1327 2206 1497 2288 exemplum
1516 2225 1586 2270 vero

256 2310 294 2370 de
317 2309 495 2384 delinitione
518 2313 599 2373 venit
622 2321 651 2374 et
676 2330 736 2373 non
761 2321 882 2393 petente
906 2311 1023 2392 aliquo,
1056 2329 1090 2373 ac
1113 2311 1138 2374 si
1162 2311 1245 2372 dicas
1269 2313 1386 2372 ratione
1410 2329 1515 2373 omnes
1538 2328 1588 2372 res

208 2439 243 2492 oc
257 2413 404 2476 humanas
427 2417 506 2494 regi,
533 2415 583 2476 ubi
607 2418 698 2478 ctiam
716 2412 845 2476 mundus
868 2399 992 2494 regatur
1008 2412 1140 2485 ra'ticnc;
1165 2421 1378 2492 argumentum
1395 2429 1481 2485 vero,
1506 2414 1586 2495 quod

202 2519 211 2526 ’
258 2518 460 2580 necessariam
486 2516 580 2580 habet
595 2517 824 2598 probationem,
849 2535 939 2599 quam
964 2535 1021 2578 nec
1044 2516 1215 2597 exemptum
1232 2535 1288 2579 nec
1305 2517 1434 2597 signum,
1460 2524 1490 2578 ει
1505 2517 1586 2597 quod
1671 2575 1674 2580 ,

183 2643 188 2651 ·
257 2620 428 2702 exemplum
453 2629 483 2683 et
506 2621 680 2702 paradigma
704 2640 740 2682 ex
763 2620 830 2683 aitis
854 2619 1076 2701 conprobatur.
1100 2630 1313 2700 argumentum
1338 2638 1408 2682 vero
1431 2620 1586 2700 exipsius

257 2725 301 2785 rei
331 2723 455 2792 effectu:
486 2726 605 2804 signum
636 2741 706 2785 vero
735 2724 816 2785 inter
846 2722 953 2786 iaisum
985 2732 1014 2784 et
1043 2740 1146 2785 verum
1171 2725 1304 2803 positum
1328 2731 1383 2793 est,
1413 2725 1494 2784 sicut
1517 2731 1585 2784 ante

148 2909 151 2914 .
257 2829 433 2889 monstrari.
480 2827 537 2889 hoe
562 2837 661 2889 tamen
678 2829 756 2889 scire
772 2825 933 2896 debemus,
959 2827 1039 2908 quod
1057 2835 1285 2906 argumentum,
1310 2829 1334 2887 ει
1359 2835 1583 2907 praeposteram

219 2957 246 2999 ,ε
260 2929 414 2991 interdum
440 2933 593 3010 accopcrtt
616 2931 793 2998 dictionem.
819 2928 926 2992 iaisuro
951 2931 1059 3011 incipit
1082 2947 1147 2990 esse
1172 2938 1201 2990 et
1224 2947 1284 2992 non
1307 2931 1436 2996 flrmum.
1463 2939 1495 2992 ut
1510 2937 1584 3012 puta

175 3023 178 3028 ’
257 3033 295 3094 ‘si
310 3033 414 3104 ducet,
439 3032 506 3096 dies
530 3036 586 3096 cst'
612 3033 720 3096 iaisum
740 3041 785 3095 εει
801 3042 1028 3113 argumentum,
1053 3033 1132 3114 quod
1150 3041 1286 3096 oratores
1302 3050 1362 3095 non
1378 3035 1583 3097 necessarium

257 3143 382 3199 vocant:
407 3153 476 3198 nam
500 3145 529 3199 et
553 3144 644 3198 noctu
660 3136 764 3198 lucere
786 3145 896 3219 potest
942 3134 1019 3200 iliud
1034 3155 1106 3200 vero
1130 3112 1168 3200 ‘si
1185 3155 1242 3200 nox
1260 3147 1315 3208 est,
1340 3136 1485 3199 tenebrae
1500 3139 1582 3199 sunt'

257 3248 308 3300 aut
337 3239 376 3301 ‘si
399 3238 464 3303 dies
487 3249 549 3313 εει,
579 3239 671 3304 lucet’
701 3242 822 3304 iirmum
854 3248 914 3312 est,
944 3240 1024 3321 quod
1049 3238 1092 3303 itti
1110 3241 1313 3303 necessarium
1338 3250 1514 3321 nuncupant
1536 3259 1584 3301 ar·

255 3349 442 3424 gumentum.
488 3347 535 3408 sin
552 3345 680 3408 dixerim
704 3346 740 3404 ‘si
764 3343 907 3407 tenebrae
928 3341 1034 3426 Ιέιιει,
1058 3363 1117 3406 nox
1141 3348 1207 3414 est',
1232 3342 1291 3405 tate
1314 3351 1357 3404 eet
1380 3352 1413 3404 ut
1435 3343 1472 3404 ‘si
1487 3341 1580 3412 lucet,

217 3470 244 3516 ³0
258 3444 323 3510 dies
347 3448 415 3518 est',
440 3447 467 3510 id
492 3457 538 3510 εει
562 3467 620 3510 non
646 3450 860 3511 necessarium.
882 3448 949 3510 ,εἰε
973 3447 1082 3510 Cicero
1105 3447 1136 3509 in
1160 3447 1331 3508 rhetoricis.

346 3548 386 3611 ne
410 3550 598 3614 hemiastato.
643 3549 851 3614 Hemiastaton
881 3560 940 3621 est,
970 3569 1040 3612 curn
1070 3549 1165 3613 dictio
1195 3551 1330 3612 continet
1358 3550 1472 3630 speciei
1495 3544 1583 3629 igno·

258 3656 387 3714 rentiam
403 3655 605 3716 etecientiam
623 3655 760 3734 generis,
786 3662 818 3717 ut
842 3663 886 3716 εει
909 3654 1041 3726 ‘hunc‚
1065 3655 1204 3735 inquit,
1229 3651 1408 3715 frondoso
1432 3653 1583 3714 vertice

257 3755 398 3819 collem
423 3757 522 3838 (quis
546 3757 637 3820 deus
660 3760 852 3821 incertum
876 3757 948 3838 est)
974 3753 1122 3820 habitat
1145 3755 1263 3818 deus’.
1303 3754 1449 3819 hicenim
1466 3765 1582 3818 certum

258 3869 305 3922 est
333 3859 370 3921 de
400 3877 527 3940 genere,
563 3861 644 3942 quod
674 3864 715 3924 sit
743 3865 775 3924 in
803 3859 991 3951 iocodeus;
1025 3857 1077 3923 sed
1111 3859 1147 3921 de
1181 3860 1283 3941 specie
1314 3858 1483 3930 dubitatur,
1515 3857 1583 3937 quis

215 3963 331 4033 audeus
353 3967 403 4026 sit.

258 4085 465 4097 ——n-n

326 4157 359 4207 16
377 4169 440 4222 ergo
460 4157 526 4230 inter
545 4155 698 4220 paradigma
716 4172 743 4220 p.
763 4156 824 4222 tot,
846 4157 878 4205 19

327 4315 385 4364 1ει
403 4327 449 4364 ortt.
469 4310 494 4362 B
566 4311 621 4376 regi
640 4310 766 4360 rntionem
784 4309 810 4360 B
879 4309 1058 4362 itduciture.
1078 4327 1112 4362 aa
1132 4311 1279 4361 inducitur?
1351 4305 1465 4376 dservi]
1487 4306 1542 4360 Cic.
1555 4308 1581 4359 in

258 4397 332 4450 Catii.
353 4397 371 4450 I
388 4399 412 4458 7,
432 4401 465 4448 17
536 4399 551 4448 ὑ
570 4406 597 4446 ει
615 4391 678 4462 nort]
703 4394 782 4462 Verp.
802 4397 869 4451 Aca.
892 4396 1054 4448 V11111rt
1124 4398 1140 4447 i
1159 4409 1184 4446 et
1202 4394 1238 4464 εἰ]
1258 4395 1310 4448 Cic.
1330 4398 1356 4446 in
1376 4395 1451 4450 Catil.
1470 4392 1488 4445 1
1505 4399 1529 4458 7,
1549 4397 1582 4445 17

291 4479 438 4552 aqutppe]
458 4481 566 4536 sainct
581 4481 655 4534 Catu.
673 4483 744 4543 11,t
815 4483 847 4532 tu
867 4497 918 4532 turn
938 4482 1007 4532 urredi
1026 4497 1106 4544 quum
1126 4495 1178 4531 neu
1197 4479 1385 4546 credicB(.)
1457 4481 1581 4546 liupe-

142 4560 145 4564 ’
256 4571 370 4622 tentibus
388 4589 403 4622 c
421 4584 436 4620 ε
455 4567 648 4636 parentibutB
715 4567 752 4618 ,ts
773 4567 898 4631 Antenor]
921 4568 1001 4632 Verg.
1020 4567 1088 4617 Aen.
1107 4566 1125 4617 1
1143 4569 1196 4617 212
1267 4561 1340 4632 quin]
1369 4566 1447 4630 Verg.
1467 4566 1534 4618 Aen.
1555 4565 1582 4616 X

258 4658 309 4706 470
379 4658 412 4708 20
428 4655 546 4718 sortutee
565 4664 745 4718 argumentum
766 4665 827 4702 vero
847 4651 896 4702 hoc
915 4652 1002 4711 dietat,
1022 4651 1091 4716 quod
1161 4653 1194 4703 21
1214 4649 1302 4715 quam]
1321 4665 1400 4714 quum
1419 4667 1433 4701 a
1452 4650 1478 4702 B
1496 4647 1535 4716 (.)

258 4743 291 4794 29
309 4743 350 4792 ein
368 4742 482 4793 dixerint
499 4740 525 4791 B
625 4739 674 4790 tale
692 4749 720 4790 ut
740 4737 764 4789 B
864 4739 897 4790 30
915 4738 941 4787 in
961 4737 1088 4788 rethorice
1108 4737 1149 4789 B:
1173 4736 1226 4793 Cic.
1244 4738 1276 4789 de
1295 4739 1345 4792 inu.
1363 4737 1382 4788 Ι
1400 4741 1440 4796 16,
1459 4739 1494 4790 86

171 4891 178 4898 ¹
257 4829 290 4878 et
310 4826 540 4880 deemiaetatoB
610 4821 741 4892 athnoe]
765 4823 845 4890 Verp.
865 4829 927 4876 Aen.
950 4821 1027 4874 VIII
1046 4825 1098 4874 351
1174 4825 1207 4875 at
1226 4819 1297 4888 quis]
1318 4822 1407 4887 quiB
1462 4870 1463 4873 ,
