3904 5556
770 319 772 324 ·
806 315 1011 372 retorsero
1056 307 1060 310 ’
1518 317 1567 370 xv
1678 336 1681 341 ‚

244 495 339 560 aliena
356 516 430 560 esse.
464 493 572 560 deinde
588 514 647 560 non
664 494 762 558 nriuus
779 505 896 558 certum
914 505 960 556 est
976 515 1015 556 ne
1031 513 1064 556 ea
1082 493 1204 576 quidem
1217 513 1294 576 quae
1312 493 1349 558 ab
1362 499 1447 561 initio
1465 503 1568 579 operis

146 686 149 698 Ι
176 599 179 604 ⁴
245 619 335 682 usque
359 599 396 662 ad
420 619 489 664 eum
511 601 626 678 locum,
655 602 686 662 ln
717 619 777 681 quo
805 609 873 681 post
900 601 1148 662 commentarium
1177 600 1214 661 de
1243 597 1365 679 syllabis
1392 621 1421 681 p.
1442 598 1494 669 31,
1527 599 1567 664 lh'

148 727 152 777 ς
244 703 379 765 lacunam
395 702 535 774 indicari,
553 703 695 784 leguntur
710 702 782 765 huic
798 704 914 765 auctori
931 700 1025 763 tribui
1040 719 1141 782 posse.
1180 720 1249 764 nam
1267 710 1299 762 ut
1314 701 1366 763 illo
1383 700 1460 778 loco,
1475 723 1566 784 quern

146 811 152 868 ι’
244 806 313 878 dixi,
330 805 405 868 ordo
421 807 633 890 disputationis
657 819 686 868 et
702 824 797 868 nexus
819 797 1038 868 sententiarum
1060 805 1219 868 marriiesto
1242 804 1438 886 perturbatus
1454 814 1508 878 est,
1525 807 1566 869 ita

243 911 273 972 in
294 908 431 989 rchquis,
455 930 532 993 quae
555 919 680 993 propter
703 909 784 974 illam
814 908 1068 990 subscriptionem
1093 912 1192 990 quarti
1221 907 1291 970 libri
1315 908 1487 990 Aplrtbonio
1511 912 1566 972 tri·

244 1013 359 1076 ituenda
376 1022 455 1086 surrt,
473 1025 592 1092 certum
603 1015 761 1095 scriptoris
777 1013 947 1092 consilium,
965 1011 1045 1092 quod
1062 1013 1136 1091 ipsis
1150 1009 1302 1076 librorum
1318 1013 1567 1095 inscriptionibus

147 1183 151 1188 ,
244 1117 407 1179 indicatum
432 1127 487 1186 est.
512 1119 709 1197 conspicitur.
755 1135 825 1178 uam
856 1115 973 1177 duobus
996 1112 1152 1196 prioribus
1180 1113 1283 1186 libris,
1313 1118 1366 1198 qui
1394 1115 1567 1179 didascalici

244 1221 393 1292 dicuntur,
417 1232 580 1303 praecepta
604 1222 749 1282 metricae
773 1221 845 1281 artis
869 1221 909 1280 ita
927 1221 1077 1297 exposuit,
1103 1225 1135 1278 ut
1157 1219 1255 1296 primo
1279 1217 1368 1292 lituo,
1393 1223 1443 1302 qui
1467 1230 1514 1282 est
1529 1220 1567 1281 de

212 1325 219 1330 ’
243 1327 368 1388 metrice
391 1327 521 1395 ratione,
545 1325 694 1387 elementa
719 1324 792 1384 artis
816 1322 984 1404 explicaret
1011 1317 1167 1392 alitteris,
1197 1323 1275 1382 sicut
1304 1340 1367 1384 mos
1390 1327 1565 1401 grammati·

244 1445 348 1491 corum
372 1427 437 1506 tuta,
459 1430 545 1490 initio
570 1429 659 1496 iacto,
683 1425 815 1488 secundo
840 1443 946 1486 novem
970 1435 1131 1506 prototypa
1155 1435 1250 1486 metra
1275 1424 1473 1488 describeret.
1519 1425 1567 1488 bis
1666 1459 1670 1465 ·

244 1517 360 1594 duobus
388 1532 475 1594 libris
503 1529 612 1592 deiude
641 1531 714 1592 item
744 1527 835 1599 duos,
865 1547 941 1610 quos
969 1531 1174 1608 pragmaticos
1201 1547 1267 1589 esse
1297 1526 1404 1600 voluit,
1440 1529 1565 1602 addidit,

244 1633 352 1715 quibus
375 1635 474 1694 omnia
499 1643 667 1695 metrorum
691 1649 810 1713 genera,
836 1649 913 1712 cquae
937 1631 983 1692 vel
1005 1633 1126 1692 iuventa
1149 1649 1166 1692 a
1189 1633 1285 1713 poetis
1302 1640 1402 1694 essent
1426 1634 1472 1694 rel
1495 1636 1567 1712 llngi

153 1729 158 1739 ’
244 1739 452 1818 eprototppis
476 1746 611 1817 possent,
635 1734 838 1798 describenda
862 1733 919 1796 sihi
943 1733 1083 1812 sumpsit.
1128 1742 1158 1795 et
1179 1735 1210 1796 iu
1234 1736 1324 1796 tertio
1344 1734 1466 1818 quidem
1488 1733 1567 1798 libro
1625 1743 1629 1749 '

244 1839 279 1900 de
314 1841 486 1902 coniunctis
514 1843 594 1902 inter
623 1859 655 1902 se
684 1850 716 1900 et
744 1840 845 1900 nrixtis
874 1837 979 1898 metris
1013 1839 1147 1915 primum
1177 1855 1237 1916 qua
1272 1840 1390 1900 ratione
1424 1841 1503 1901 inter
1535 1859 1568 1901 se
1626 1843 1630 1849 ’

243 1945 446 2006 miscerentur
469 1953 564 2006 metra
595 1943 748 2024 exposuit,
779 1938 888 2002 deiude
917 1957 1007 2019 quem
1035 1939 1217 2002 admodum
1248 1959 1284 2002 ex
1314 1940 1433 2004 duobus
1462 1944 1569 2006 metris

194 2087 197 2090 -
244 2045 470 2127 principalibus,
495 2045 672 2109 hexametro
688 2043 837 2124 dactylico
854 2052 883 2105 et
907 2046 1045 2105 trimetro
1061 2042 1200 2114 iambico,
1224 2044 1342 2126 reliqua
1358 2043 1569 2108 derivarentur

244 2147 413 2230 explicavit.
465 2151 496 2212 in
526 2159 635 2232 quarto
663 2147 742 2210 libro
771 2147 808 2208 de
838 2148 960 2234 conc-xis
994 2148 1074 2208 inter
1102 2163 1134 2208 se
1162 2157 1253 2226 atquc
1279 2149 1453 2220 inconexis,
1490 2167 1568 2230 quae

243 2253 350 2314 Graeci
374 2245 593 2335 ἀσυνάρτητα
618 2261 734 2322 vocant,
760 2271 794 2314 ea
810 2260 917 2320 metra,
942 2267 1019 2331 quae
1035 2267 1073 2311 ex
1089 2251 1290 2330 permixtione
1307 2251 1474 2313 hexametri
1498 2253 1567 2314 dac·

181 2397 184 2402 -
243 2355 324 2436 tylici
347 2366 377 2418 et
400 2358 530 2419 trimetri
554 2354 676 2417 iambici
699 2366 764 2417 orta
788 2363 907 2426 essent,
939 2364 1158 2434 persecuturus
1182 2356 1262 2415 naria
1287 2372 1427 2416 versuum
1456 2372 1568 2434 genera

243 2461 384 2522 tractavit
404 2470 435 2522 et
458 2460 635 2541 interposita
651 2457 856 2540 disputatione
879 2457 916 2518 de
939 2453 1059 2536 origine
1083 2457 1216 2518 musicae
1240 2459 1316 2520 artis
1339 2468 1436 2520 metra
1451 2458 1569 2520 Horatii

156 2643 158 2648 Ι
244 2562 416 2644 descripsit.
463 2561 500 2624 ab
526 2561 583 2622 hcc
608 2563 700 2642 igitur
722 2571 864 2642 quattuor
886 2558 1034 2622 librorum
1063 2569 1241 2640 argumento
1272 2561 1360 2640 longe
1384 2561 1501 2624 diversa
1524 2571 1597 2638 est¹

243 2668 329 2746 prior
352 2667 455 2746 operis
476 2683 557 2747 pars,
581 2683 659 2746 quae
684 2674 752 2726 autc
782 2683 850 2726 eum
878 2662 996 2734 locum,
1025 2682 1116 2746 quem
1145 2663 1221 2735 dixi,
1252 2667 1365 2745 scripta
1393 2677 1447 2730 est.
1498 2683 1568 2726 nam

242 2771 375 2849 primum
401 2786 505 2831 eorum
530 2771 665 2830 omnium
690 2785 767 2846 quae
790 2765 832 2829 ibi
861 2775 985 2829 tractata
1008 2777 1080 2829 sunt
1103 2765 1176 2828 nibil
1201 2769 1327 2846 proprie
1350 2766 1387 2828 ad
1413 2769 1568 2830 metricam

162 2897 167 2906 “
243 2871 448 2954 disciplinam,
473 2873 505 2933 iu
527 2889 585 2954 qua
609 2868 726 2950 reliqua
749 2879 917 2942 versantur,
941 2873 1085 2952 pertinet,
1109 2870 1163 2932 sed
1186 2871 1224 2932 dc
1247 2870 1420 2934 delinitione
1443 2874 1516 2934 artis
1540 2881 1569 2933 ct

243 2972 281 3036 de
304 2984 369 3037 arte
394 2979 603 3052 grammatica,
628 2972 664 3035 dc
690 2991 772 3043 voce,
796 2972 835 3034 de
849 2971 969 3046 litteris,
995 2974 1031 3035 de
1055 2963 1282 3052 orthographia,
1307 2973 1343 3036 de
1367 2973 1490 3055 syllabis
1513 2976 1566 3044 sic,

193 3093 196 3099 ·
242 3079 329 3159 qnasi
353 3079 526 3140 universam
543 3087 637 3138 artem
661 3079 890 3156 grammaticam
907 3079 1037 3158 scriptor
1061 3079 1254 3157 expositurus
1270 3087 1358 3148 esset,
1377 3080 1568 3168 ‘disputatum

244 3191 298 3242 est.
346 3180 457 3243 deinde
480 3181 511 3241 in
533 3184 600 3261 ipso
622 3197 736 3260 genere
759 3180 932 3261 disputandi
962 3179 1054 3242 multa
1084 3189 1232 3262 apparent
1253 3179 1452 3244 scholasticae
1481 3183 1567 3244 insti·

137 3317 140 3323 ,
244 3285 371 3346 tutionis
407 3285 541 3362 vestigia.
599 3301 669 3345 nam
703 3295 732 3346 et
763 3285 794 3345 iu
828 3285 915 3346 initio
948 3282 1016 3345 libri
1050 3282 1179 3364 plurima
1212 3301 1268 3364 per
1302 3287 1511 3365 interrogandi
1540 3294 1570 3346 et

142 4893 147 4960 i

140 5033 148 5072 r
177 5057 192 5082 .

243 3385 451 3466 respondendi
474 3387 603 3448 iormam
626 3387 740 3468 scripta
763 3397 842 3457 sunt,
867 3397 898 3448 et
926 3387 954 3447 in
979 3389 1149 3468 praeceptis
1173 3385 1417 3467 orthographicis
1440 3387 1568 3450 crebrae

243 3489 442 3551 inveniuntur
471 3486 680 3552 adlocutiones
708 3492 795 3570 quasi
825 3508 926 3552 coram
957 3489 1116 3568 discipulis
1146 3490 1282 3551 docentis
1306 3509 1335 3572 p.
1362 3487 1409 3562 12,
1433 3487 1485 3553 20.
1518 3489 1567 3564 13,

244 3587 450 3662 11;18;25.
476 3589 609 3662 14„1o;
635 3590 690 3663 aa
714 3588 766 3666 24.
794 3591 844 3663 ra,
869 3588 918 3654 ro.
946 3589 994 3662 1c,
1018 3591 1050 3656 a.
1074 3589 1125 3661 ao,
1149 3591 1179 3655 c.
1204 3587 1255 3665 aa,
1283 3590 1337 3663 ua
1364 3590 1418 3664 aa
1442 3591 1485 3656 ao
1501 3613 1568 3676 sqq.
1669 3592 1672 3598 ·

241 3689 295 3765 22,
319 3690 372 3761 25.
394 3691 447 3766 23,
471 3689 523 3755 22.
547 3692 598 3764 24.
625 3693 674 3759 lt').
694 3692 756 3767 25,
780 3692 800 3758 9
809 3715 817 3766 ;
845 3692 894 3757 16.
940 3715 1070 3778 quarum
1094 3715 1196 3758 rerum
1220 3696 1304 3768 nihil,
1328 3705 1449 3778 praeter
1472 3716 1568 3778 pauca

242 3797 367 3878 quidem
392 3795 545 3860 secundae
568 3815 716 3878 personae
739 3798 886 3878 exempla,
910 3799 1063 3862 invenitur
1086 3803 1116 3861 in
1145 3802 1184 3860 iis
1212 3819 1290 3882 quae
1313 3800 1485 3881 Aphthouio
1516 3803 1568 3862 tri·

243 3900 365 3963 buenda
391 3919 460 3963 esse
476 3901 548 3962 dixi.
587 3902 716 3984 denique
740 3905 950 3964 commentarii
968 3903 1004 3964 de
1028 3901 1137 3965 litteris
1153 3913 1183 3965 et
1205 3904 1327 3984 sptenis
1350 3904 1389 3966 ab
1404 3903 1569 3985 Aphthonii
1620 3944 1623 3949 -

200 3993 204 3998 ’
243 4003 369 4092 quidem
393 4005 597 4082 disputatione
620 4023 649 4084 p.
673 4001 725 4076 31,
752 4003 798 4082 17Ι
813 4025 890 4088 sqq..
915 4025 990 4088 quae
1015 4016 1075 4069 tota
1099 4007 1134 4069 ad
1164 4011 1305 4070 metricas
1327 4009 1460 4072 rationes
1483 4009 1568 4070 insti·

242 4117 307 4169 tuta
331 4117 387 4178 est,
411 4126 540 4189 prorsus
555 4106 664 4170 diversi
680 4118 761 4178 sunt,
786 4109 839 4170 sed
856 4128 924 4171 cum
941 4109 1078 4172 Charisia
1103 4123 1132 4172 et
1149 4111 1304 4183 Diomede,
1327 4129 1387 4174 non
1405 4129 1568 4192 numquam

212 4233 225 4292 j
243 4213 336 4273 etiam
361 4207 436 4272 cum
454 4211 570 4274 Donato
594 4220 624 4274 et
648 4210 800 4280 Dositheo,
832 4221 861 4272 et
889 4212 965 4274 haec
990 4223 1019 4274 et
1042 4231 1076 4276 ea
1101 4232 1177 4296 quae
1205 4224 1361 4297 praeterea
1387 4215 1423 4276 de
1452 4224 1516 4276 arte
1540 4225 1570 4277 et

242 4313 280 4374 de
299 4330 371 4374 voce
393 4315 425 4374 ln
449 4313 506 4376 hac
528 4324 615 4395 parte
638 4318 751 4396 scripta
775 4325 846 4377 sunt
860 4317 901 4376 ita
925 4318 1127 4387 consentiunt,
1154 4327 1185 4378 nt
1207 4321 1436 4398 grammaticum
1459 4317 1568 4381 iisdem

243 4415 430 4488 auctoribus,
455 4434 532 4498 quos
547 4415 588 4478 illi
604 4420 698 4480 secuti
716 4427 812 4489 erant,
837 4437 924 4480 usum
942 4439 1006 4482 esse
1024 4431 1177 4501 appareat.
1216 4425 1451 4484 commentarius
1466 4435 1567 4486 autem

243 4518 283 4580 de
298 4517 529 4600 orthographia,
555 4539 734 4602 quamquam
759 4529 880 4604 praeter
896 4524 1146 4587 consuetudinem
1163 4529 1428 4606 grammaticorum
1445 4527 1567 4590 additus

244 4632 276 4683 et
298 4622 335 4684 ab
358 4626 486 4705 antiquo
511 4633 541 4684 et
564 4624 652 4686 docto
675 4636 798 4688 auctore
822 4625 1009 4689 hauddubie
1032 4631 1145 4709 petitus
1169 4639 1223 4700 est,
1250 4640 1348 4692 tamen
1372 4648 1441 4693 cuna
1465 4631 1567 4713 dispu-

245 4728 360 4789 tatione
383 4726 422 4789 de
445 4725 568 4800 litteris,
592 4727 623 4789 in
647 4729 757 4810 quibus
780 4730 996 4812 orthographia
1014 4740 1165 4804 uersatur,
1191 4735 1229 4794 ita
1253 4735 1433 4797 coniunctus
1456 4745 1510 4808 est,
1536 4747 1568 4796 nt

245 4829 384 4895 dubitari
399 4843 534 4915 nequeat
562 4833 635 4913 quin
658 4833 685 4894 is
708 4851 830 4914 quoque
854 4835 890 4897 ab
914 4835 1021 4897 eodem
1045 4841 1250 4914 grammatico,
1275 4843 1327 4920 qui
1350 4839 1465 4922 reliqua
1489 4861 1566 4924 qum
