3866 5562
346 409 352 414 ,
381 327 447 394 474
652 325 977 414 uaa11rnorn[ar.
1002 327 1166 414 cnarun]
1191 342 1412 395 saccanorrs

382 447 402 484 p.
416 433 450 476 50.
464 433 489 474 et
505 431 534 474 V.
1273 457 1276 466 .

381 524 460 586 sieut
488 525 579 584 etiarn
608 539 684 603 quae
713 529 783 584 aute
812 541 847 585 us
870 519 1015 602 syllabam
1044 518 1157 584 habent
1180 522 1200 590 i.
1231 527 1265 582 ul
1287 519 1451 583 Terentius
1474 520 1620 582 Terentii·
1666 540 1701 583 ex

380 623 491 706 quibus
513 643 573 689 uua
595 627 717 706 syllaba
738 623 856 688 sublata
879 625 913 688 dt
929 627 1079 688 vocativus
1101 621 1272 704 singularis,
1297 625 1323 684 si
1347 624 1407 686 siut
1431 626 1553 686 nomina
1570 625 1701 705 propria.

382 727 617 798 ulciscenti:
648 729 693 790 siu
717 727 915 809 appellativae
935 729 1129 790 novissimam
1153 728 1162 788 i
1186 729 1216 790 in
1242 745 1258 790 c
1286 737 1459 808 correptam
1488 727 1648 790 mutabunt
1672 729 1702 788 in

381 833 528 902 vocativo,
555 840 587 893 ut
609 851 627 894 o
650 833 783 923 egregio.
829 833 930 895 omnia
952 839 1051 894 tamen
1076 831 1199 894 uomina
1224 849 1252 892 m
1276 830 1436 893 terminata
1460 829 1610 894 secundae
1633 840 1703 894 sunt

380 933 608 999 declinationis:
641 953 710 998 nana
734 935 742 995 l
766 934 878 997 iaciunt
908 936 1064 1015 genetivo,
1095 927 1222 1015 excepto
1252 941 1587 1016 nequemmonoptoto.
1632 945 1729 1024 pre-⁵

380 1057 490 1102 nomen
514 1057 544 1100 m
567 1037 667 1100 littera
697 1033 892 1100 terminatum
920 1057 955 1102 us
984 1039 1074 1101 laclet
1097 1039 1251 1116 genetivo,
1279 1035 1338 1098 hoc
1360 1038 1459 1118 ipsum
1487 1037 1577 1099 liuius
1600 1038 1700 1117 Ipsius,

380 1140 436 1204 hoc
459 1161 553 1206 uuum
577 1141 666 1203 huius
689 1142 787 1204 uniuse
940 1199 946 1208 ,
1234 1213 1236 1218 Ι

332 1310 335 1317 ,
465 1244 490 1307 N
513 1245 614 1308 littera
639 1246 797 1307 terminata
822 1246 943 1307 nomina
968 1247 1078 1306 tertiae
1099 1254 1169 1306 stent
1192 1241 1417 1306 declinationis:
1442 1261 1510 1306 uam
1527 1245 1627 1306 omnia
1650 1263 1700 1324 ge·

380 1350 478 1411 netiro
501 1349 527 1408 is
555 1348 678 1410 faciunt
724 1345 816 1410 latina
845 1346 966 1428 quidem
995 1347 1116 1426 generis
1139 1344 1297 1410 masculini
1321 1345 1364 1408 rel
1390 1347 1528 1409 seminini
1559 1365 1626 1409 rara
1650 1347 1700 1408 lra-

284 1519 290 1528 .
340 1447 345 1454 ’
380 1451 507 1521 bentur;
533 1451 593 1513 duo
609 1448 772 1531 simplicia,
797 1450 845 1512 laic
860 1453 926 1513 rieu
942 1451 1050 1520 sienis,
1074 1451 1136 1512 lien
1152 1450 1254 1518 lienis:
1280 1450 1445 1530 composita
1461 1453 1584 1531 generis
1603 1452 1699 1512 omnis
1716 1463 1741 1502 ¹⁰

379 1547 430 1618 hic
453 1563 482 1618 et
505 1555 580 1617 hacc
603 1564 634 1616 et
657 1554 714 1616 hoe
737 1553 848 1616 tibicen
874 1552 1025 1623 tibicinis.
1050 1554 1194 1616 cornicen
1218 1553 1399 1625 corniciuis,
1424 1553 1533 1616 lldieeu
1558 1553 1699 1634 ddicinis3

379 1660 514 1738 utramvis
537 1656 697 1720 Terentius
725 1655 847 1719 lidiciua
871 1664 901 1718 et
923 1655 1046 1718 tibicina
1077 1658 1221 1734 posuerit.
1269 1657 1369 1718 neutri
1392 1658 1513 1734 generis
1543 1653 1635 1718 multa
1658 1658 1701 1718 in·

379 1762 541 1823 veniuntur
563 1779 601 1822 en
625 1761 656 1820 ln
679 1759 863 1848 uominatiro
887 1766 1043 1840 correpta,
1064 1757 1070 1836 Ι
1090 1761 1120 1820 in
1144 1760 1284 1838 genetiuo
1308 1778 1324 1819 e
1347 1759 1378 1820 ln
1402 1759 1412 1820 i
1436 1767 1564 1830 mutata,
1589 1767 1622 1821 ut
1646 1759 1700 1821 hoc

378 1865 479 1947 pollen
505 1862 638 1946 pollinis.
663 1881 786 1926 carmen
811 1863 963 1933 carminis,
988 1859 1087 1924 lumen
1111 1859 1247 1930 luminis,
1271 1859 1363 1923 limen
1380 1861 1504 1924 limiuIs.
1549 1861 1602 1942 sed
1626 1881 1699 1944 quo

378 1970 458 2030 uiam
488 1964 579 2028 multa
608 1985 716 2046 graeca
746 1965 856 2047 [Sinon
880 1963 1019 2047 Sinonis]
1045 1964 1089 2026 rel
1119 1964 1248 2028 barbara
1272 1962 1388 2046 [Sason
1411 1963 1552 2048 Saxonis]
1583 1968 1739 2047 reperi-1³

380 2080 474 2133 untur
503 2069 625 2152 generis
655 2068 812 2133 masculini
837 2067 881 2130 rel
905 2070 1056 2138 seminani,
1085 2067 1247 2131 observare
1271 2067 1416 2132 debemus
1437 2067 1472 2132 'art
1493 2078 1565 2130 tune
1588 2069 1726 2149 produ.

379 2192 498 2243 carons,
522 2171 591 2236 eum
608 2173 686 2254 apud
705 2172 772 2235 illos
789 2171 981 2253 producitur,
1007 2179 1039 2232 ut
1060 2170 1165 2235 Idmon
1183 2170 1330 2244 ldmonis,
1356 2171 1449 2256 Sinon
1474 2172 1606 2244 Sinonis,
1629 2180 1699 2235 tunc

378 2277 595 2358 corriplamus,
625 2277 651 2339 si
684 2275 727 2338 illi
755 2277 940 2356 corripiunt,
969 2275 1109 2337 dlamnon
1138 2275 1323 2347 tiemonis,
1358 2275 1408 2338 hie
1438 2275 1572 2340 ethaeo
1599 2277 1698 2338 Saron

378 2381 467 2444 huius
483 2380 618 2442 Saxonis.
663 2378 713 2442 hie
728 2377 831 2448 Titan.
856 2378 905 2440 hic
921 2377 998 2447 Pan,
1023 2377 1114 2439 hrains
1137 2375 1260 2440 Titanos
1282 2377 1329 2440 rel
1344 2377 1471 2450 Titanis,
1494 2377 1585 2442 dulus
1600 2379 1702 2442 Panos

376 2485 425 2546 uel
440 2485 551 2554 Panis,
576 2481 718 2544 ‘Panos
739 2481 783 2544 de
807 2499 908 2543 more
933 2479 955 2542 L
964 2481 1084 2561 pcacl’
1108 2483 1174 2543 sine
1196 2479 1324 2544 alicuius
1338 2481 1548 2546 declinationis
1563 2486 1697 2547 ratione:
1711 2494 1737 2534 ω

370 2587 457 2674 'trulla
489 2587 570 2647 enim
601 2583 763 2648 declinatio
793 2568 963 2663 geraetir‘um
993 2601 1047 2656 nos
1076 2582 1187 2664 syllaba
1217 2587 1367 2648 terminat.
1413 2588 1513 2668 posuit
1540 2586 1700 2651 LucretIus

301 2675 311 2684 '⁴
376 2707 486 2769 graece
508 2686 566 2750 lroc
583 2704 733 2766 sanguen,
758 2705 826 2748 curn
850 2689 889 2749 sit
906 2685 996 2748 latine
1019 2686 1069 2748 hic
1085 2689 1214 2767 sanguis
1229 2689 1401 2767 sanguinis,
1422 2700 1528 2752 eontra
1551 2693 1699 2754 rationem

280 2853 289 2864 ,
376 2795 443 2872 guis
468 2791 714 2863 terminatorum,
738 2808 815 2872 quae
838 2791 1011 2869 genetivum
1034 2790 1368 2871 similenanominatiro
1392 2791 1517 2864 iaciunt,
1544 2792 1607 2876 [laic
1630 2813 1698 2856 sao·

375 2894 442 2976 guis
466 2894 557 2956 lartius
579 2891 750 2976 sanguinis]
775 2893 824 2956 hic
848 2893 952 2973 anguis
975 2891 1064 2980 liuius
1086 2893 1217 2974 anguis,'
1236 2893 1283 2957 hio
1307 2895 1431 2976 pinguis
1453 2895 1545 2959 leuius
1568 2897 1697 2979 pinguis.

375 2999 433 3060 laoc
457 3007 559 3060 temen
573 2998 651 3060 scire
668 2995 828 3066 debemus,
853 2997 934 3078 quod
958 3016 977 3059 n
1000 2995 1098 3058 littera
1116 2998 1310 3060 terminatum
1335 3015 1445 3060 nomen
1469 2997 1563 3062 solius
1579 3001 1734 3080 generisi⁵

376 3101 512 3163 feminini
537 3117 596 3162 non
621 3108 720 3182 potest
742 3101 883 3181 reperiri.

461 3203 486 3268 0
509 3220 585 3284 pura
615 3205 774 3265 terminata
803 3203 941 3282 genetivo
964 3221 982 3263 o
1005 3201 1176 3284 producant
1200 3221 1325 3266 necesse
1354 3214 1400 3266 est
1423 3213 1453 3266 et
1474 3208 1584 3268 tertiae
1606 3204 1694 3268 decli·

376 3309 507 3370 nationis
529 3309 591 3369 sint
614 3307 751 3368 nomina:
772 3289 845 3368 nanu
870 3307 895 3367 is
911 3295 1024 3368 laeiuut
1046 3308 1200 3386 genetivo,
1225 3307 1273 3369 leo
1297 3306 1408 3378 leonm.
1433 3307 1527 3372 Pollio
1543 3307 1695 3372 Pollionis.

362 3413 524 3490 ,excipitur
553 3427 664 3481 uarum,
692 3409 774 3491 quod
803 3411 833 3470 in
857 3411 999 3488 genetivo
1021 3427 1039 3470 o
1062 3411 1094 3472 in
1118 3429 1134 3472 e
1156 3419 1329 3491 correptam
1361 3419 1458 3474 mutat
1480 3420 1548 3474 ante
1573 3412 1696 3473 norissi-

290 3501 295 3516 '
379 3533 458 3576 mam
482 3510 642 3594 syllabam,
672 3512 721 3574 hic
744 3515 821 3575 Anio
852 3511 941 3574 leuius
963 3513 1101 3582 Anienis,
1127 3531 1237 3576 nomen
1261 3512 1410 3584 fluminis,
1433 3515 1734 3596 ‘gelidumquew

442 3651 520 3702 Proh.
541 3649 634 3702 retdol.
652 3651 679 3709 8,
700 3651 795 3712 37-a‚
815 3651 850 3700 ²8

375 3740 456 3805 —1
476 3759 503 3805 ιιι
521 3770 571 3807 om.
589 3751 613 3802 B
735 3754 750 3803 2
769 3750 870 3818 syllaba
893 3741 941 3805 cra.
960 3751 993 3810 B,
1018 3759 1044 3801 ut
1062 3753 1170 3814 aldetrer,
1189 3755 1253 3808 odd,
1273 3771 1287 3806 a
1410 3757 1426 3806 3
1445 3755 1617 3806 nouissimam
1641 3755 1651 3806 i
1669 3757 1693 3804 iu

373 3853 551 3907 ecorreptem
577 3839 717 3890 muctabitur
740 3837 765 3888 B
785 3838 956 3888 nouissimam
981 3854 1011 3888 us
1031 3839 1253 3905 ineoorreptam
1276 3839 1414 3892 marrubunt
1434 3839 1535 3894 Prodm
1614 3841 1694 3891 11ιί-
1798 3898 1804 3907 Ι

284 3955 287 3962 ·
372 3927 445 3977 ulcen
468 3925 588 3976 cornicen
614 3925 726 3978 tiulcinis
750 3923 887 3974 cornicinis
912 3923 937 3974 B
1060 3925 1091 3975 12
1116 3925 1220 3974 sinicius
1244 3923 1269 3974 B
1374 3929 1406 3978 15
1429 3923 1511 3976 Siracos
1536 3923 1642 3977 Sinonis
1669 3933 1694 3975 rr

373 4010 460 4063 Suxon
479 4011 594 4062 Saxonis
613 4025 660 4064 om.
679 4011 781 4062 Produc
870 4011 901 4060 lt
922 4009 1011 4060 ldmou
1031 4009 1144 4060 Idmonis
1163 4026 1213 4060 non
1232 4019 1303 4064 recte
1321 4029 1338 4063 a
1357 4009 1502 4064 Sacerdote
1521 4015 1590 4064 inter
1607 4028 1693 4064 encra·

371 4101 416 4166 ple
437 4099 550 4166 penetiel
570 4097 694 4162 producti
715 4097 835 4157 relatum,
858 4111 908 4162 pro
932 4097 1012 4147 taliano
1035 4097 1133 4148 ιιοιιιίιιι
1149 4098 1261 4162 positum
1279 4105 1318 4149 est
1337 4099 1409 4164 apud
1428 4097 1546 4160 Probum,
1565 4099 1611 4148 sed
1630 4113 1694 4161 qno·

372 4185 440 4233 niam
470 4183 550 4233 mralm
577 4195 671 4249 graeca
699 4180 738 4231 rel
762 4167 871 4232 barbara
895 4182 999 4232 nomina
1024 4181 1186 4247 reperiuntur
1213 4185 1316 4250 generis
1344 4182 1482 4236 masculini
1509 4183 1548 4234 rel
1577 4181 1692 4234 lemiuini

371 4271 443 4328 (riam
468 4269 548 4320 latina
575 4267 692 4334 exceptis
716 4281 797 4333 supra
820 4267 914 4334 positis
943 4279 968 4318 er
992 4281 1041 4317 ono
1070 4265 1150 4318 altero
1178 4271 1298 4336 proprio,
1327 4267 1369 4320 laic
1395 4269 1485 4320 Idmon
1514 4267 1645 4329 Idmonis,
1677 4283 1691 4319 o

370 4366 395 4404 ac
417 4355 443 4403 iu
467 4354 625 4416 nominativo
654 4365 679 4404 et
701 4352 726 4424 lp
745 4353 865 4419 genetivo
884 4363 1015 4420 correpta,
1040 4351 1090 4402 ulia
1113 4367 1164 4404 uon
1184 4353 1379 4418 inveniuntur),
1399 4355 1589 4406 observandum
1609 4367 1647 4405 est
1667 4365 1693 4404 nt

370 4452 430 4491 tunc
448 4439 624 4506 producamus
643 4438 737 4503 latine,
757 4439 779 4488 sl
799 4438 868 4506 apud
888 4437 946 4490 illos
965 4437 1156 4506 producuntur,
1175 4450 1203 4490 ut
1222 4437 1304 4491 Sinon
1323 4439 1431 4492 Sinonis
1516 4427 1550 4493 'ta
1570 4439 1611 4492 hie
1629 4441 1692 4491 citou
1732 4431 1733 4434 ¹

369 4525 410 4576 hie
432 4540 483 4592 pan
507 4524 566 4576 hius
591 4526 685 4576 titanos
710 4524 749 4576 uel
773 4527 861 4576 clunis
887 4541 970 4593 partes
994 4525 1114 4576 demere
1135 4523 1167 4586 B,
1192 4524 1234 4575 tue
1252 4525 1327 4578 Titan
1346 4526 1412 4588 Pan,
1436 4526 1535 4577 Titerais
1555 4525 1633 4577 Panis
1652 4527 1692 4577 vel

369 4599 480 4664 Titanos
500 4611 601 4675 Panos,
621 4623 648 4662 uc
661 4611 793 4678 Vergilius
806 4611 891 4662 Panos
911 4613 943 4662 de
962 4625 1033 4661 more
1047 4611 1162 4664 moen:
1185 4611 1266 4679 Verp.
1287 4616 1353 4666 Aen.
1377 4612 1456 4664 VIII
1468 4615 1522 4665 311
1592 4613 1624 4663 21
1645 4627 1692 4680 po-

369 4699 422 4750 suis
439 4697 575 4749 Lucretius
599 4697 649 4749 hoo
671 4712 789 4764 sanguen
815 4713 881 4750 novo
901 4713 986 4756 utone,
1005 4713 1062 4747 cum
1081 4700 1117 4750 sic
1136 4697 1176 4748 uie
1195 4699 1303 4764 sanguis
1323 4699 1400 4750 liuius
1419 4699 1556 4765 sanguinis
1576 4697 1692 4750 Produc:

329 4789 334 4804 '
372 4785 475 4838 Lucret.
498 4785 591 4838 1837.
610 4786 662 4836 860
741 4785 774 4836 id
793 4783 975 4836 debebnausfl
1062 4784 1096 4835 ‘Ii
1113 4783 1259 4852 producant
1278 4783 1379 4836 Produc
1402 4782 1624 4850 produrauurrB

369 4872 401 4920 30
415 4869 582 4935 gelidruuque
597 4871 719 4920 Anienem
734 4869 828 4936 (Verp.
842 4873 907 4926 Aen.
925 4873 948 4920 V
953 4869 967 4920 I
971 4869 985 4920 I
994 4869 1067 4934 683),
1080 4873 1188 4920 alienum
1199 4867 1233 4920 ab
1243 4869 1290 4920 Irae
1301 4874 1358 4924 loro
1369 4873 1519 4935 compulsare,
1533 4887 1582 4926 our.
1592 4871 1692 4924 Produc
