3858 5560
414 326 480 393 204
574 321 576 326 ’
977 329 1169 385 morotum
1261 308 1268 324 '

441 429 613 486 pareatur.
1547 431 1708 489 patent.

415 526 483 602 post
505 519 559 583 ob:
585 519 711 584 dicimus
734 521 815 583 euim
837 519 960 602 perlege
983 520 1067 584 adier
1089 521 1248 586 transrebe
1272 523 1389 586 antefer
1405 523 1565 588 circumter
1582 526 1732 588 interveni

415 623 515 686 obduc
538 633 695 707 postpone.
741 622 824 697 Quae
852 623 981 688 ablativo
1009 628 1093 688 casui
1124 625 1347 708 adiunguntur?
1383 627 1407 687 Α
1435 626 1474 690 ab
1502 626 1556 691 abs
1579 646 1595 691 e
1618 648 1654 692 ex
1677 647 1733 710 pro

415 745 488 808 prae
510 727 548 791 de
571 727 748 810 etreliqua.
779 727 887 792 barum
909 745 1006 808 aeque
1028 729 1175 812 quaedam
1198 736 1313 793 mutato
1336 737 1463 793 accentu
1485 731 1559 794 tiunt
1581 731 1732 802 etiterbia.

325 853 351 896 .’
415 829 504 893 vetuti
528 840 574 896 est
596 850 674 895 curn.
706 851 775 894 narn
799 833 939 912 quotiens
962 835 1045 896 casui
1068 835 1212 916 iungitur,
1235 821 1420 916 praepositio
1443 841 1498 906 est,
1523 843 1556 898 ut
1571 853 1640 898 cum
1656 835 1732 898 duce

415 953 482 998 cunt
505 937 617 1006 antico;
641 937 781 1018 quotiens
805 935 906 1008 uerbo,
931 937 988 999 crit
1010 936 1195 1012 adverbium,
1218 947 1252 1000 ιιι
1266 938 1368 1000 ‘cum
1391 937 1499 1000 venit
1520 937 1687 1003 aulaeis’
1703 948 1758 1002 ets
1824 1021 1832 1035 .

569 1075 648 1122 cunt
672 1054 778 1121 subit
799 1058 946 1121 baneas
975 1075 1163 1123 concursu
1192 1059 1405 1124 ascendere
1428 1045 1571 1140 magno.
1613 1099 1616 1110 .
1665 1093 1668 1098 ·

414 1196 451 1239 cx
474 1177 521 1240 bis
544 1177 690 1258 quaedam
708 1177 808 1242 uerbis
829 1177 1044 1260 adiunguntur,
1067 1199 1083 1243 a
1107 1178 1145 1243 ab
1168 1177 1221 1244 abs
1245 1201 1261 1242 a
1284 1199 1321 1243 ex
1346 1179 1388 1243 'de
1411 1198 1467 1262 pro
1490 1199 1580 1263 prae:
1606 1181 1731 1244 dicimus

415 1283 495 1344 cuitu
526 1300 631 1346 atttore
665 1280 812 1364 abrumpe
845 1279 986 1346 abstrabe
1020 1285 1123 1347 emitte
1153 1301 1269 1367 expone
1298 1281 1423 1348 detrabe
1441 1283 1568 1366 'produc
1602 1283 1729 1366 praefer.

414 1383 497 1458 Quae
520 1388 689 1449 accusativo
713 1396 744 1449 et
765 1384 912 1449 abiatitoi
950 1386 983 1449 lu
1013 1387 1070 1450 sub
1099 1405 1192 1470 super
1218 1386 1340 1459 suitam
1365 1385 1370 1472 ι
1394 1391 1580 1459 accusativo,
1609 1407 1677 1450 cutn
1699 1388 1729 1450 iu

413 1486 511 1551 iocum
541 1509 596 1552 nos
624 1491 670 1552 ire
698 1490 745 1553 rei
772 1491 892 1553 mittere
919 1489 1139 1571 significamust
1172 1485 1309 1564 abladan,
1338 1511 1408 1554 curn
1437 1492 1468 1554 itt
1496 1489 1563 1556 ioco
1586 1509 1642 1554 ttos
1665 1510 1768 1555 essen

414 1592 460 1655 tel
484 1593 576 1656 fuisse
598 1590 645 1655 tel
667 1593 784 1656 tuturos
808 1612 874 1656 esse
896 1595 1107 1674 significamus,
1132 1593 1210 1675 quod
1234 1594 1356 1678 quidem
1373 1595 1492 1677 pionius
1514 1613 1606 1678 supra
1628 1594 1730 1657 docui·

414 1715 482 1759 mus
503 1697 535 1758 iu
559 1693 867 1782 [praepositionibus]
892 1695 1020 1761 casibus.
1055 1697 1112 1761 bac
1134 1715 1255 1780 quoque
1278 1701 1369 1762 etiam
1393 1697 1492 1762 verbis
1512 1697 1731 1780 adiunguntur:

413 1798 539 1862 dicimus
562 1801 642 1862 eninr
664 1799 743 1862 inier
765 1799 910 1864 subtrahe
933 1799 1128 1884 superscribo
1150 1799 1346 1885 subterpone.
1392 1801 1476 1877 Quae
1499 1801 1598 1865 verbis
1614 1809 1729 1866 tantum

406 1900 502 1994 ¹modo
526 1903 771 1985 praeponuntur?
804 1903 868 1968 Con
890 1903 937 1967 dis
959 1905 990 1966 di
1012 1923 1045 1968 re
1069 1925 1102 1968 se
1125 1923 1172 1968 am
1197 1925 1230 1968 o:
1253 1905 1382 1969 dicimus
1406 1907 1486 1968 enim
1509 1905 1647 1970 conduco
1671 1905 1730 1968 dis·

413 2005 499 2070 ttabo
515 2003 528 2090 Η
544 2005 663 2070 dimitto
686 2005 788 2088 relego
810 2016 933 2089 amputo
963 2027 1076 2091 sepono
1100 2009 1216 2072 omitto.
1253 2011 1285 2071 in
1316 2019 1345 2072 et
1371 2029 1427 2074 con
1451 2008 1611 2100 aliquando
1634 2011 1728 2073 corri-
1742 2029 1766 2071 ιι

411 2110 543 2191 piuntur,
567 2109 800 2191 sequentibuss
823 2110 868 2173 vel
883 2111 897 2173 i
908 2111 1017 2176 litteris
1039 2112 1261 2196 producuntur,
1284 2113 1400 2176 instans
1415 2112 1525 2176 infidus
1548 2121 1578 2176 et
1599 2113 1725 2197 rciiq'ua.

412 2213 596 2293 inungendi
619 2215 678 2276 vim
701 2211 792 2278 babet
814 2223 865 2277 aut
887 2214 1059 2278 minuendi:
1084 2215 1245 2299 aliquando
1269 2219 1349 2279 onim
1373 2226 1476 2298 auget,
1501 2216 1662 2298 aliquanda
1685 2217 1729 2280 di·

412 2317 528 2395 minuit,
554 2325 587 2379 ut
608 2319 723 2381 instans
745 2316 885 2382 indoctus
909 2329 939 2382 et
960 2329 1061 2383 cetera
1084 2318 1202 2382 similia.
1611 2300 1616 2310 ¹
1651 2321 1653 2331 ’

891 2558 940 2624 DE
962 2559 1260 2624 INTEROEGTIONE

465 2702 466 2705 ¹
497 2717 669 2781 Interiectio
692 2716 763 2799 quid
788 2717 850 2780 estt
882 2717 957 2780 Pars
979 2718 1122 2781 orationis
1144 2718 1238 2780 anitati
1259 2716 1409 2780 adiectum
1433 2717 1614 2798 significans.
1662 2723 1791 2780 ιιιιιιιιΙ

412 2829 464 2883 aut
485 2819 625 2884 iaetantia
646 2829 691 2884 est
710 2829 742 2883 ιιι
763 2840 806 2894 ra,
829 2829 881 2884 aut
896 2821 1030 2885 timentis
1047 2828 1080 2884 ιιι
1094 2823 1132 2894 ei,
1156 2828 1207 2884 aut
1222 2818 1369 2884 laudantis
1385 2829 1417 2883 ut
1433 2839 1480 2893 cu,
1504 2827 1555 2884 aut
1570 2819 1730 2884 exultantis

413 2934 446 2987 ut
469 2909 553 2996 euax,
577 2933 630 2988 aut
657 2924 832 2988 admirantis
854 2933 886 2988 ut
908 2943 1018 3008 papae,
1049 2933 1102 2988 aut
1130 2922 1391 3007 [admirationem]
1419 2924 1590 3006 respuentis
1614 2932 1647 2987 ut
1668 2923 1728 3005 pbi,

412 3035 463 3090 aut
485 3025 751 3092 animadvertentis
773 3036 807 3091 ut
829 3036 916 3102 attat,
946 3038 998 3092 aut
1026 3028 1153 3092 ridentis
1186 3037 1219 3092 ιιι
1245 3028 1333 3092 ιιιιιι.
1379 3037 1450 3091 sunt
1472 3026 1548 3090 aliae
1572 3035 1729 3110 praeterea

412 3139 513 3214 partes
536 3133 682 3194 metionis
710 3151 766 3214 pro
801 3131 1064 3196 interiectionibus
1085 3135 1216 3216 positae,
1252 3142 1284 3195 ut
1318 3133 1591 3216 ‘sequiturque
1625 3130 1730 3193 naias

412 3236 596 3318 Aegyptia
612 3237 770 3300 coniux’
795 3245 824 3298 et
847 3224 1105 3319 ‘pecudesque
1126 3233 1278 3299 locutae
1301 3233 1529 3298 nefandum’.
1554 3237 1768 3316 inutraqueas

413 3339 689 3402 enirn-interiectio
712 3347 758 3401 est
781 3338 985 3402 exclamantis.
1008 3341 1080 3403 item
1103 3357 1169 3422 pro,
1194 3347 1226 3402 ιιι
1249 3357 1318 3402 cum
1342 3338 1471 3403 dicimus
1492 3357 1549 3422 pro
1573 3337 1685 3421 iupiter
1701 3346 1730 3401 et

482 3549 514 3598 19
532 3546 676 3599 interiectio
694 3545 795 3600 Odanda.
814 3549 877 3612 238,
891 3549 925 3599 29
943 3545 1026 3600 mom.
1047 3549 1105 3606 tta,
1120 3549 1135 3597 1

481 3741 496 3790 1
521 3736 664 3806 prelcpeO
749 3739 767 3790 t
789 3747 818 3788 ut
839 3752 897 3789 cum
921 3737 988 3790 duce
1006 3747 1074 3794 ς·ιιι
1091 3722 1290 3794 circumduces
1377 3737 1393 3788 t
1415 3749 1473 3786 cum
1492 3733 1564 3786 uenit
1581 3732 1647 3785 aulis
1666 3733 1729 3790 Ca:

417 3810 496 3876 Verp.
516 3808 583 3862 Aea.
601 3807 618 3858 1
636 3809 687 3858 09⁷
757 3807 849 3857 doum
869 3804 949 3876 subit]
974 3807 1054 3874 Verp.
1074 3807 1141 3862 Aea.
1161 3805 1179 3858 1
1196 3809 1246 3858 509
1321 3809 1337 3858 9
1356 3819 1423 3869 quae
1441 3804 1598 3855 accusatiuis
1618 3813 1642 3854 et
1660 3802 1730 3852 abia·

412 3877 514 3942 ttqisc
567 3879 597 3928 ll
618 3890 698 3942 supra
716 3875 861 3929 docuimus.
889 3877 917 3928 in
936 3875 1193 3944 praeposaicioaibus
1212 3876 1332 3926 cassibus
1350 3873 1399 3925 bae
1417 3887 1522 3938 quoquo
1540 3872 1616 3923 etiam
1635 3871 1731 3922 uerbiis

412 3947 589 4014 adiunguntur
608 3944 629 3997 G
654 3959 735 4013 supra
757 3945 902 4000 docuimus.
927 3947 956 3997 ln
979 3959 1041 4012 prae
1063 3945 1228 3996 ositionibus·
1242 3944 1390 3995 causalibus
1413 3941 1571 4005 (usualibus
1596 3940 1731 3992 huenen

414 4016 501 4082 Ootd.)
521 4015 584 4066 baec
603 4015 678 4066 etiam
698 4011 757 4078 (bae
775 4029 880 4079 quoqne
897 4015 972 4066 etism
993 3961 1081 4080 θοις.)
1101 4014 1187 4065 uerbis
1205 4013 1384 4081 adiunguntur
1401 4009 1505 4068 edotio
1529 4013 1561 4062 de
1580 4011 1731 4076 differentia

412 4087 553 4137 acmotiot'
570 4093 595 4136 et
613 4082 763 4135 odiatiaitn
780 4084 1066 4148 superscribendum
1083 4099 1134 4135 ttott
1152 4089 1206 4142 eat:
1224 4089 1330 4150 poterut
1348 4089 1430 4133 eutem
1446 4087 1557 4147 praeter
1573 4077 1639 4130 boae
1651 4081 1731 4130 locam

412 4171 444 4207 ec
467 4155 500 4206 ds
522 4169 552 4206 re
576 4154 630 4205 dici
646 4154 673 4203 ta
695 4168 727 4203 ec
745 4160 822 4218 parte
844 4170 911 4221 quse
930 4160 968 4205 eat
992 4151 1152 4216 deensibus,
1177 4154 1248 4204 cattas
1264 4167 1347 4218 sumo
1362 4151 1450 4217 posita
1466 4155 1527 4200 suat
1543 4154 1680 4214 excerpta,
1703 4154 1732 4198 ιιι

411 4223 572 4275 scribentium
589 4223 623 4273 sit
641 4235 723 4288 supra
741 4221 878 4274 docuimus
897 4224 923 4274 in
942 4223 1045 4272 casibus
1108 4223 1141 4273 14
1159 4222 1226 4272 euim
1246 4221 1335 4280 οιιι.0,
1355 4220 1447 4276 add-5
1512 4218 1544 4268 ld
1562 4217 1731 4282 sequentibus

412 4291 453 4343 is
472 4292 562 4343 titteris
581 4291 761 4358 producuntur
783 4292 883 4344 instans
907 4289 1003 4342 inddus
1022 4289 1163 4355 etreliqua
1183 4290 1204 4342 C
1224 4290 1392 4356 sequentibus
1411 4304 1423 4339 s
1442 4285 1482 4338 uei
1502 4285 1609 4338 iliterie
1652 4285 1732 4337 rodu-

412 4372 513 4420 cuntur.
533 4372 561 4412 ιιι
578 4361 680 4414 instans
699 4357 806 4421 infidus,
825 4371 850 4412 et
867 4361 974 4412 caeteris
994 4360 1113 4412 omnibus
1132 4359 1315 4426 corripiuntur,
1337 4369 1364 4410 ut
1380 4359 1532 4409 inconstans
1544 4301 1696 4424 imprudens
1715 4368 1732 4412 ς

482 4433 514 4483 li
537 4431 649 4500 augendi
670 4431 758 4486 uims¹
781 4431 894 4497 sugendi
913 4429 972 4482 nc
1040 4431 1074 4481 20
1092 4427 1249 4481 effectumG
1319 4441 1377 4478 uam
1396 4437 1441 4477 sut
1462 4424 1566 4477 letantis
1590 4433 1619 4474 ut
1636 4439 1669 4474 ua
1687 4436 1732 4474 aut

412 4500 528 4552 timentis
547 4513 575 4551 ut
593 4501 616 4550 ei
634 4511 680 4551 aut
697 4497 827 4550 laudantis
847 4511 875 4552 ut
892 4500 942 4551 heu
961 4498 981 4550 0
999 4509 1060 4550 sunt
1078 4509 1162 4550 autem
1182 4510 1226 4549 aut
1245 4497 1362 4549 iactantis
1382 4507 1410 4546 ut
1428 4496 1476 4557 ein,
1494 4503 1539 4546 aut
1555 4492 1684 4545 laudantia
1704 4503 1733 4544 ut

412 4567 472 4629 heu,
492 4579 536 4620 sut
554 4571 667 4637 timentia
687 4568 782 4628 tathei,
801 4579 845 4620 aut
862 4569 973 4621 dolentis
992 4578 1021 4619 ιιι
1038 4583 1069 4618 eu
1088 4580 1105 4625 ς
1175 4569 1208 4619 22
1230 4579 1274 4618 ttut
1292 4565 1438 4633 respuentis
1459 4574 1485 4616 ut
1503 4563 1599 4630 pheis
1622 4572 1668 4612 aut
1684 4562 1733 4613 ad·

413 4639 574 4689 mirationem
589 4639 751 4706 respicientis
769 4648 797 4688 ut
814 4637 859 4706 pbi
879 4639 901 4690 0
950 4639 983 4688 ιι
1001 4637 1233 4688 animaduertenda
1253 4647 1281 4687 ut
1298 4647 1351 4687 atat
1369 4635 1391 4686 G
1441 4635 1475 4686 ιι
1492 4631 1732 4701 prointeriectioni

413 4707 449 4757 iai
462 4709 547 4776 posite
563 4719 591 4759 ut
608 4709 725 4772 sequitur
743 4707 786 4770 qu·
806 4706 879 4759 neias
896 4707 977 4775 qgipd
995 4703 1072 4756 coiux
1092 4717 1117 4757 et
1134 4705 1299 4774 pecudesque
1316 4704 1400 4754 locate
1419 4701 1558 4754 nefandum
1577 4700 1604 4776 in
1623 4712 1733 4766 utroque

413 4777 481 4826 enirn
494 4777 636 4828 interiectio
649 4789 688 4828 est
700 4776 876 4832 exclamantis.
894 4777 957 4828 Item
973 4792 1016 4852 pu
1034 4791 1092 4827 cum
1110 4775 1220 4827 dicimus
1238 4789 1287 4842 pto
1300 4773 1395 4840 iupiter
1411 4771 1433 4824 G
1450 4785 1498 4840 pro
1511 4769 1732 4822 interrectionibus

415 4847 524 4911 positae,
538 4857 568 4896 ut
579 4845 618 4897 itta
633 4845 784 4897 naias.item
798 4859 846 4913 pro
859 4846 956 4912 iupiter
974 4847 997 4896 si
1016 4843 1126 4896 dicimus
1145 4857 1162 4902 ς
1214 4835 1394 4910 sequiturque]
1413 4841 1493 4908 Verp.
1508 4840 1575 4892 Aea.
1591 4837 1672 4892 Vm
1682 4843 1732 4892 608

482 4915 517 4966 tc
535 4911 714 4988 pecudesque]
738 4915 817 4988 Verp.
834 4929 927 4982 paorp.
946 4913 963 4965 t
982 4916 1032 4966 tte
1101 4915 1135 4964 eu
1153 4922 1179 4964 et
1196 4914 1218 4964 si
1237 4927 1289 4978 quo
1308 4909 1408 4963 suutC
