3850 5560
375 279 440 347 576
693 335 695 340 .
770 322 773 328 ·
874 279 908 336 .’
975 295 1098 347 aurunt
1142 311 1149 318 ·
1428 336 1431 342 .

377 396 399 436 ρ.
414 384 512 442 cneco
525 385 556 428 rc·
712 377 714 382 ·
758 389 762 392 ·
864 419 868 425 .
1523 397 1547 436 p.
1560 385 1661 428 meaos
1675 383 1704 426 a.

533 475 670 538 Creticus
693 486 746 537 aut
768 474 921 557 spondeus
944 476 1004 537 erit
1026 491 1159 555 paeanro
1182 491 1353 555 supremus,

534 573 668 658 dactylus
691 588 780 657 atquc
804 577 965 642 trochaeus
989 577 1074 641 adest
1095 575 1141 640 rei
1165 594 1272 640 cursor
1296 575 1426 645 iambus.

533 678 670 762 partibus
693 682 724 743 in
747 683 866 744 cunctis
887 683 941 764 qui
964 683 1089 762 ponitur
1111 687 1180 743 ante
1202 697 1387 761 supremum,

527 781 759 864 ,temporibusve
782 801 873 865 peres
891 782 950 846 bos
973 801 1078 846 omnes
1102 783 1232 847 reddere
1255 789 1391 866 possunt,

533 885 650 950 scivere
673 905 735 949 scu.
750 885 854 966 longas
878 887 973 958 maiis,
998 895 1031 950 ut
1053 884 1167 968 spiieba
1189 894 1314 950 crescat.

537 989 700 1054 rhetoricis
722 989 809 1054 Asiae
834 985 948 1070 placuit
971 989 1018 1052 bis
1040 990 1101 1062 iine
1124 989 1295 1052 trochaeus.

535 1093 682 1175 principia
706 1102 736 1155 et
759 1092 891 1155 medium
916 1103 946 1155 ct
969 1093 1058 1156 iiuem
1084 1091 1138 1155 tibi
1162 1091 1320 1156 dochmius
1342 1102 1441 1156 ornat.-

468 1197 575 1259 Cicero
599 1195 636 1260 de
660 1197 764 1260 incisis
788 1205 818 1258 et
839 1193 987 1260 membris
1010 1195 1100 1258 etde
1123 1197 1254 1258 circuitu
1277 1199 1330 1264 sic.
1361 1195 1399 1258 ‘0
1422 1195 1543 1260 iisrce
1568 1196 1701 1264 Druse.

382 1310 530 1380 patrem
554 1298 737 1382 appello’,
762 1298 837 1362 haec
854 1291 978 1380 quidem
994 1297 1054 1360 duo
1077 1296 1156 1360 binis
1173 1297 1302 1380 pedibus
1325 1301 1457 1370 incisim,
1480 1298 1592 1362 deinde
1609 1319 1701 1362 meru·

382 1403 502 1474 bratim,
527 1405 581 1466 ‘tu
605 1403 733 1464 dicere
751 1401 904 1465 solebas
928 1419 1074 1464 sacram
1097 1419 1182 1464 esse
1207 1402 1515 1482 rempublicanu’,
1540 1403 1617 1465 baec
1631 1405 1702 1466 item
1717 1422 1743 1463 nt

382 1507 517 1570 membra
542 1508 650 1582 teruis;
681 1515 749 1587 post
778 1505 924 1576 ambitus,
956 1506 1201 1586 ‘quicumque
1232 1504 1428 1576 violasset,
1458 1505 1501 1568 ab
1530 1506 1702 1570 omnibus

382 1629 466 1673 esse
491 1613 524 1672 ei
548 1627 687 1691 poenas
712 1606 956 1690 persolutas’,
981 1607 1157 1676 diciroreus;
1183 1608 1258 1671 nibii
1282 1608 1423 1692 coinred
1449 1627 1523 1678 rein.
1548 1611 1702 1693 extremui

336 1729 339 1736 ’
382 1696 544 1791 1111101131
568 1714 607 1775 sit
629 1730 665 1774 ao
697 1710 814 1774 bruris:
845 1711 955 1774 deinde
983 1713 1126 1792 ‘patris
1149 1711 1294 1775 dictum
1322 1713 1478 1792 sepiens
1507 1716 1705 1776 temeritas

334 1899 337 1902 Ι
383 1813 467 1878 11111
491 1813 790 1896 comprobarit’:
815 1813 872 1876 troc
895 1814 1039 1877 dichoreo
1062 1823 1165 1878 tentus
1187 1812 1301 1878 clamor
1317 1807 1466 1880 coutinuis
1489 1818 1633 1880 excitatus
1648 1827 1703 1888 cst,

383 1929 417 1980 ut
439 1915 614 1980 admirabile
637 1926 727 1980 esset.
772 1935 894 1999 aperuero,
920 1935 1021 1979 nonne
1042 1918 1072 1980 id
1097 1936 1243 1982 numerus
1258 1914 1404 1982 effecerit.
1440 1918 1601 1982 verborum
1624 1921 1702 1982 ordi·
1718 1937 1744 1977 n

385 2041 453 2085 nem
483 2023 613 2088 inntuta.
644 2021 691 2084 iac
721 2023 781 2092 sic.
811 2020 1031 2102 ‘comprobarit
1058 2018 1111 2082 titii
1142 2023 1323 2084 temeritas’:
1353 2023 1412 2083 iam
1444 2019 1519 2085 uibii
1547 2024 1620 2092 erit,
1650 2024 1706 2085 etsi

385 2125 562 2188 ‘temeritas’
588 2142 624 2185 ex
648 2122 748 2187 tribus
770 2121 916 2200 brevibus
939 2133 968 2184 ct
990 2122 1079 2203 ionga
1103 2133 1160 2201 est,
1183 2142 1273 2205 quem
1296 2123 1476 2188 Aristoteles
1504 2132 1537 2186 ut
1559 2127 1704 2207 optimum

385 2228 519 2311 probat'.
842 2289 847 2296 ,
1068 2250 1070 2253 ’

472 2331 554 2394 idem
578 2330 683 2393 Cicero
713 2338 817 2411 postea
841 2331 884 2392 sic
909 2330 992 2406 dicit,
1022 2330 1095 2392 ‘Sed
1124 2337 1195 2393 sunt
1223 2329 1377 2394 ciausuiee
1404 2331 1523 2414 piures,
1552 2350 1705 2412 quaene·

386 2451 506 2498 morose
534 2442 565 2494 et
590 2433 722 2496 iucunde
751 2431 869 2495 cadant.
920 2451 988 2496 nam
1018 2441 1048 2494 et
1071 2435 1217 2502 creticus,
1248 2435 1299 2512 qui
1328 2443 1374 2497 est
1402 2453 1420 2494 e
1448 2432 1536 2515 ionga
1566 2443 1596 2496 et
1620 2433 1742 2496 brevior

321 2539 325 2546 “
387 2549 417 2600 et
440 2535 538 2616 ionga,
563 2545 593 2596 et
616 2536 680 2598 eius
703 2535 837 2616 aequatis
861 2552 966 2614 paean,
991 2538 1042 2616 qui
1066 2538 1163 2616 spatio
1187 2554 1242 2618 par
1265 2543 1319 2606 cst,
1344 2534 1456 2618 syllaba
1474 2535 1485 2619 ΙΙ
1502 2536 1633 2618 longior.
1658 2536 1707 2614 qui

291 2669 294 2676 ·
387 2641 629 2704 commodissime
646 2646 769 2718 putatur
784 2639 815 2700 in
839 2636 967 2701 solutam
984 2640 1155 2701 orationem
1177 2639 1309 2720 inligari.
1335 2642 1458 2702 sumsit
1481 2638 1601 2721 duplex.
1640 2658 1706 2701 nem

387 2754 439 2806 aut
461 2763 477 2806 e
501 2740 590 2820 longa
614 2751 665 2804 est·
683 2750 713 2804 et
736 2741 834 2805 tribus
857 2741 1010 2810 breuibus.
1035 2743 1087 2822 qui
1111 2760 1257 2810 numerus
1279 2746 1311 2805 iu
1336 2745 1435 2825 primp
1457 2745 1547 2820 viget,
1579 2747 1656 2804 iacet
1677 2744 1706 2803 in

387 2855 538 2914 extremo,
567 2854 619 2906 sut
643 2863 661 2904 e
683 2844 808 2908 totidem
831 2843 975 2907 brevibus
998 2853 1029 2907 et
1052 2843 1157 2925 ionga,
1186 2864 1275 2928 quern
1298 2848 1419 2928 ‚optime
1447 2845 1558 2908 cadero
1587 2856 1707 2908 censent

389 2959 522 3018 reteres;
552 2965 608 3026 ego
632 2966 692 3009 non
715 2946 804 3028 piane
827 2949 931 3018 micio,
955 2947 1008 3010 sed
1040 2947 1113 3010 aiios
1137 2958 1297 3030 antepono.
1343 2967 1380 3009 ne
1411 2948 1564 3027 spondeus
1587 2949 1746 3028 quidemse

388 3064 434 3116 est
456 3050 592 3114 funditus
614 3051 829 3130 repudiandus,
854 3051 919 3121 etsi,
943 3051 1023 3130 quod
1049 3060 1094 3111 est
1117 3069 1133 3112 e
1155 3050 1255 3132 longis
1277 3053 1405 3122 duabus,
1429 3051 1571 3114 hebetior
1594 3052 1707 3114 videtur

388 3167 419 3219 et
448 3154 574 3218 tardior.
627 3153 717 3217 babet
747 3164 846 3216 tamen
876 3151 1016 3217 stabilem
1045 3155 1196 3234 quendam
1227 3163 1257 3216 et
1284 3173 1344 3217 nou
1373 3163 1529 3235 expertem
1558 3137 1708 3234 dignitatis

388 3259 526 3340 gradum,
552 3260 581 3322 iu
599 3255 795 3320 incisionibus
819 3274 889 3318 sero
907 3255 1001 3318 mutto
1025 3257 1119 3338 magis
1143 3265 1172 3318 et
1195 3259 1224 3318 in
1242 3256 1402 3325 membris:
1427 3259 1607 3338 paucitatem
1632 3259 1707 3319 enim

381 3361 505 3443 pedum
529 3363 674 3442 pravitate
697 3377 750 3421 sua
774 3369 806 3421 et
828 3358 969 3421 tarditate
988 3364 1193 3450 compensat!

461 3605 473 3652 1
494 3601 609 3654 Creticus
628 3617 654 3667 p.
673 3601 732 3660 565,
751 3601 787 3650 22
857 3601 872 3649 2
891 3597 1009 3664 dactyius
1028 3625 1061 3675 -7
1080 3613 1232 3666 supremum
1250 3616 1277 3666 p.
1298 3604 1357 3660 559,
1377 3605 1411 3652 17
1485 3603 1501 3652 d
1520 3602 1707 3668 temporibusve

264 3759 269 3768 Ι
346 3667 423 3726 ’-
442 3699 540 3739 creseat
556 3705 583 3754 p.
602 3689 661 3747 555,
682 3689 716 3737 td
793 3683 916 3735 BCicero
935 3683 968 3735 de
986 3685 1077 3736 incisis
1097 3684 1169 3756 Orat.
1189 3688 1233 3747 6,.1,
1253 3689 1306 3738 213
1390 3689 1422 3739 lii
1440 3687 1510 3738 Idem
1530 3687 1618 3740 Cicero
1638 3686 1709 3738 Orat.

392 3779 434 3832 dt.
453 3777 505 3826 m

393 3915 401 3922 ,.
411 3906 597 3920 ..--..---·.

463 4001 475 4048 l
497 3996 612 4050 Creticus
630 3995 699 4066 epp]
720 3997 772 4051 Cic.
793 3995 865 4050 Orat.
884 3998 926 4054 54.
946 3997 998 4046 215
1103 4009 1221 4062 peeanne
1239 3999 1265 4050 Α
1284 4013 1386 4066 peonue
1404 3997 1430 4048 B
1534 3994 1708 4064 iirhetoricis]

393 4085 446 4136 Cio.
466 4083 601 4151 Orocoffl
621 4087 673 4135 212
744 4085 759 4135 i
779 4077 918 4151 principie]
939 4081 992 4132 Cir.
1011 4079 1084 4133 Orat.
1105 4086 1150 4151 63,
1171 4086 1223 4135 218
1298 4085 1431 4150 ipstrem
1450 4096 1467 4140 ς
1486 4099 1573 4152 parem
1594 4082 1645 4136 AB

393 4169 477 4235 npeiio
497 4173 520 4222 Α
540 4169 642 4237 sppelie
663 4169 686 4220 B
756 4167 808 4219 duo
828 4168 896 4219 binis
915 4167 1026 4234 pedibus
1045 4185 1081 4221 en
1101 4169 1224 4222 Cicerone
1243 4171 1363 4223 Haterius
1380 4169 1482 4221 duobus
1502 4172 1528 4221 in
1546 4170 1587 4222 bis
1606 4171 1708 4238 pedibus

393 4253 464 4312 ΑΒς
529 4255 642 4306 incisiB
714 4258 746 4308 10
759 4270 817 4306 esse
829 4257 933 4304 seclusit
946 4254 1065 4306 Halmius
1131 4257 1163 4307 12
1176 4257 1243 4306 enim
1258 4273 1305 4308 oar.
1321 4257 1355 4316 Α,
1368 4256 1432 4308 odd.
1446 4254 1489 4312 ne
1560 4255 1709 4322 idpatrise
1758 4249 1761 4256 ’

393 4343 465 4409 peris
486 4339 538 4392 AB
626 4344 658 4393 tt
676 4340 711 4391 flii
730 4356 800 4393 corr.
820 4339 864 4390 iiiii
884 4340 909 4389 B
997 4339 1046 4392 hoc
1065 4340 1202 4392 dichoreus
1221 4341 1248 4391 B
1329 4343 1362 4392 15
1380 4337 1477 4409 nonne]
1500 4357 1560 4392 num
1580 4353 1644 4397 nes

732 4425 837 4466 conexit
851 4423 951 4466 immuto
1286 4443 1288 4448 ·

395 4481 427 4530 ts
446 4480 545 4530 inmuta
562 4477 603 4530 icc
622 4481 656 4530 sit
677 4479 700 4530 B
718 4481 829 4530 immuut
846 4478 887 4529 iac
904 4481 943 4532 sic
962 4481 986 4530 A
1059 4481 1092 4530 20
1111 4478 1241 4536 ceduntc
1312 4489 1336 4530 et
1354 4487 1414 4530 onte
1432 4481 1541 4530 creticus
1560 4494 1609 4533 ose.
1628 4491 1643 4533 ς

394 4567 425 4616 et
446 4579 530 4631 pcenn
548 4567 574 4617 Α
594 4565 706 4641 peonB
804 4580 851 4632 par
870 4575 910 4616 est
927 4563 953 4616 B
971 4572 996 4616 et
1014 4571 1041 4614 ur
1059 4567 1161 4618 uidetur
1179 4566 1204 4630 <¹
1223 4579 1306 4632 pere
1407 4580 1484 4630 quern
1503 4563 1709 4616 commodissime

394 4667 431 4702 em
450 4651 574 4702 Cicerone
595 4651 823 4718 Copperonneriuo
892 4653 925 4702 et
944 4663 983 4700 est
1001 4651 1107 4701 totidem
1121 4667 1191 4704 corr.
1210 4667 1223 4701 e
1242 4650 1348 4701 totidem
1368 4652 1393 4701 A
1465 4650 1600 4717 optimeB
1618 4651 1708 4719 optime

394 4751 464 4788 corr.
483 4747 588 4807 optume
607 4737 632 4788 A
703 4738 737 4788 25
756 4736 845 4786 reticio
864 4738 917 4787 A·
961 4751 1020 4788 nam
1039 4737 1173 4804 spondeus
1193 4749 1232 4788 est
1250 4736 1353 4800 quidem
1372 4735 1524 4791 tundituss
1563 4765 1567 4770 ·
1599 4736 1631 4786 26
1649 4737 1709 4785 dus·

395 4820 444 4870 bus
463 4837 510 4877 om.
530 4819 609 4882 ΑΒς,
629 4839 665 4873 ex
685 4823 808 4874 Cicerone
826 4824 888 4876 odd.
908 4823 1028 4876 Halmius
1098 4823 1224 4885 hebetior]
1244 4822 1370 4873 abiectior
1392 4821 1457 4873 Ven.
1700 4811 1703 4816 ’
