3850 5560
876 395 990 446 stam
1012 396 1199 448 THEODORI

1521 497 1545 536 p.
1556 483 1662 527 ets-tet
1676 481 1705 525 G.

684 689 687 700 ,
792 597 842 690 nn
865 625 999 690 sterno
1021 624 1285 690 anaeansrtco
1387 645 1389 650 ·

466 745 499 810 ln
515 749 708 828 anapaestico
724 757 825 810 autem
849 757 948 810 rnetro
964 745 1080 810 nullum
1104 747 1213 830 pedem
1236 748 1277 810 ita
1297 763 1469 826 congruere
1493 753 1525 810 ut
1541 747 1703 828 spondium

380 850 528 914 videmus.
566 869 636 914 nam
660 851 795 932 quamtis
812 851 902 914 etiam
927 848 1077 932 dactylum
1100 853 1132 914 in
1155 851 1213 913 ltoc
1229 858 1359 914 metron
1382 848 1561 933 quibusdam
1577 850 1702 912 Graecis

381 955 513 1040 positum
538 955 743 1026 inveniamus,
775 973 811 1016 eo
834 965 933 1018 tamen
957 954 1091 1018 adhibite
1114 953 1323 1035 conlragosius
1353 953 1494 1036 quiddam
1523 963 1644 1016 resonat
1672 965 1703 1016 et

308 1109 311 1114 ,
379 1058 494 1120 durius.
540 1059 642 1138 itaque
666 1059 785 1121 tametsi
809 1057 945 1139 dactylus
968 1067 1059 1140 atque
1087 1066 1269 1138 anapaestus
1292 1068 1363 1120 sunt
1389 1055 1576 1137 temporibus
1603 1067 1729 1138 pares,⁵

379 1159 410 1222 id
435 1169 535 1224 tamen
558 1162 677 1223 aurium
700 1177 816 1234 senatis,
842 1163 891 1226 cul
914 1172 959 1226 est
982 1163 1112 1224 maxime
1136 1159 1319 1241 parandum,
1348 1160 1508 1239 efflagitat,
1538 1170 1579 1228 ut,
1613 1177 1701 1240 quem

291 1281 293 1286 ·
380 1264 417 1326 ad
442 1264 563 1328 modum
579 1265 739 1328 intromitti
754 1267 786 1328 in
811 1276 941 1328 metrum
958 1264 1154 1346 ‹tactyticum
1175 1282 1214 1328 ne
1238 1266 1304 1327 cius
1321 1265 1498 1327 suavitatem
1518 1273 1700 1342 corrumpat

380 1375 559 1448 anapaestus
584 1385 643 1430 non
660 1377 768 1448 potest.
793 1372 834 1432 ita
851 1377 981 1431 metrum
1007 1369 1240 1447 anapaesticnm,
1261 1361 1266 1450 Ι
1287 1386 1324 1430 ne
1348 1369 1413 1430 eius
1429 1368 1523 1448 gratia
1541 1367 1701 1440 intonatur,

336 1525 340 1531 .
381 1469 498 1551 dactylo
530 1469 711 1553 inhospitale
739 1475 790 1533 sit.
843 1471 1176 1534 adcomntodatlssinaus
1205 1489 1274 1533 vero
1302 1469 1430 1552 spondio
1459 1473 1494 1532 in.
1521 1470 1578 1532 hoc
1606 1480 1702 1532 metro

383 1571 468 1636 locus
490 1574 607 1655 primus
630 1585 683 1640 est.
721 1577 814 1638 ceteri
839 1577 939 1658 itaque
963 1591 1069 1637 omnes
1085 1573 1178 1656 pedes
1201 1575 1368 1654 anapaesti:
1394 1575 1431 1634 ita
1455 1583 1566 1642 tumen.
1591 1581 1623 1634 ut
1644 1589 1699 1652 pru
1713 1583 1742 1624 ¹0

380 1676 488 1740 ultimo
510 1678 597 1757 pede,
621 1679 700 1740 sicut
730 1680 760 1740 in
790 1678 943 1740 trochaico
973 1687 1087 1748 metro.
1116 1695 1175 1739 una
1204 1685 1320 1740 tantuin
1351 1673 1462 1759 syllaba
1491 1677 1699 1738 constituatur.

381 1781 513 1865 primurn
529 1790 638 1844 autern,
654 1793 784 1844 metrum
802 1781 1037 1862 anapaesticnm‚
1054 1789 1087 1842 ut
1103 1777 1292 1862 dactylicum,
1310 1778 1347 1840 ah
1364 1779 1540 1842 hexametro
1556 1778 1700 1841 ordimur.

382 1881 470 1944 buius
493 1881 665 1964 exemplum
809 1887 813 1893 ’
1013 1959 1016 1964 ,

516 1975 594 2048 'alte
617 1991 822 2066 superemicet
846 1991 939 2050 ll'etna
965 1986 1096 2070 poloque
1120 1989 1313 2069 propinquat.

347 2121 351 2126 -
382 2106 418 2152 ex
442 2087 584 2152 omnibus
607 2097 706 2154 autern
729 2092 900 2175 anapaestis
923 2091 1050 2174 pulcher
1073 2108 1108 2152 ac
1131 2107 1258 2152 sonorus
1281 2089 1332 2152 hic
1356 2107 1460 2152 rersus
1482 2099 1538 2166 est,
1715 2097 1743 2138 ¹⁵

537 2192 657 2256 uiribus
679 2197 883 2274 superemicet
905 2202 1000 2258 tettae
1024 2175 1155 2276 poloque
1178 2194 1372 2292 propinquat
1394 2192 1399 2274 Ι

325 2339 327 2342 -
377 2315 419 2372 ,ιιι
443 2313 479 2358 eo
503 2305 602 2360 autem
626 2315 715 2360 rorsn
731 2295 877 2380 dactylico
900 2297 1094 2368 hexametro·
1112 2315 1200 2377 quem
1217 2299 1355 2378 quinque
1379 2295 1489 2376 dactyli
1507 2306 1536 2358 et
1558 2295 1704 2377 spondius
1797 2291 1801 2298 ’

382 2395 428 2459 rel
454 2397 616 2462 trochaeus
637 2400 779 2482 alliciunt,
803 2401 942 2482 adempta
958 2398 1071 2482 syllaba
1088 2403 1184 2481 prima
1202 2401 1235 2463 nt
1251 2400 1476 2481 anapaesticum
1496 2399 1703 2460 hexametrum

381 2498 523 2563 colobon.
569 2500 658 2564 huius
681 2501 852 2584 exemplum

539 2613 575 2667 at
597 2604 683 2688 tuba
707 2605 921 2670 terribilem
945 2597 1108 2670 sonitum
1133 2604 1268 2689 procul
1291 2623 1379 2670 aere
1401 2623 1548 2668 canoro.
1716 2613 1743 2654 ¹⁰

381 2715 500 2770 remota
523 2707 635 2788 syllaba
659 2711 755 2789 prima
778 2711 810 2773 tit
834 2703 939 2773 versus
961 2710 1051 2774 buius
1074 2707 1184 2788 modi‚'
1243 2693 1249 2698 ¹

539 2810 611 2874 tuba
636 2812 804 2901 terribilem
828 2815 960 2876 sonitum
985 2811 1092 2895 procul
1115 2831 1185 2876 aere
1209 2830 1330 2874 canoro.

470 2913 582 2977 Versus
603 2926 794 2995 pentameter
817 2919 1029 2998 anapaesticus
1050 2915 1174 2979 colobos
1198 2917 1230 2980 lit
1252 2919 1304 3006 ita
1374 2922 1380 2930 '
1406 2941 1408 2946 ·

538 3013 610 3080 tuba
635 3018 777 3082 terribilis
800 3020 906 3102 procul
929 3017 1146 3082 aere'canoro.
1476 2999 1483 3011 ⁹

469 3119 542 3184 ltetn
564 3121 741 3186 tetrameter
754 3124 972 3205 'anapaesticus
995 3121 1117 3186 eolohos
1139 3123 1172 3185 ut
1193 3125 1244 3194 ita,

538 3225 638 3287 sonuit
659 3224 766 3307 pracial
789 3244 860 3290 aere
883 3244 1005 3290 canoro.

469 3323 544 3400 item
569 3329 706 3390 trimeter
728 3331 938 3412 anapaesticus
961 3327 1084 3393 colobos
1108 3329 1139 3392 nt
1162 3331 1212 3401 ita,

538 3429 645 3510 procul
668 3448 738 3494 aere
762 3449 883 3496 canoro.

456 3587 469 3635 t
489 3581 535 3634 nn
555 3582 669 3652 nanno
688 3553 922 3640 anarthsrtco
942 3587 1038 3640 retias.
1056 3591 1091 3639 ss

452 3725 469 3774 1
488 3725 512 3774 ἰιι
532 3731 594 3776 ante
611 3725 779 3790 anapaestico
799 3725 1002 3776 delendemeess
1020 3728 1130 3778 coniecit
1147 3725 1327 3790 Hetuinperrte
1383 3791 1387 3796 Ι
1405 3727 1421 3777 s
1439 3724 1594 3790 dactylicum
1613 3725 1638 3776 P

383 3808 559 3872 lquidamA
623 3809 832 3876 detllegitarA
896 3811 1202 3878 hanepaestnsored?
1246 3809 1432 3878 itiuhospitale
1445 3811 1521 3861 sicli
1538 3810 1701 3879 inhospitalis

384 3894 500 3946 ariera
520 3893 652 3963 hospitale
669 3897 716 3946 erit
733 3899 792 3948 cod.
808 3895 944 3964 Sanperm.
1029 3900 1060 3951 10
1077 3894 1174 3964 itaque]
1195 3897 1333 3962 atquePA
1421 3897 1451 3947 11
1471 3895 1639 3961 syllabamal

385 3983 417 4032 11
431 3981 515 4046 primo
530 3981 579 4034 ΡΑ
649 3977 689 4052 ιιι]
708 3994 753 4034 eut
772 3984 801 4034 P'
864 3982 896 4033 ab
915 3993 1046 4034 exametro
1065 3983 1181 4034 ordimur
1192 3983 1256 4035 'roth
1270 3981 1405 4050 Sanpertrt.
1424 3983 1456 4034 ab
1475 3995 1607 4034 exametro
1619 3989 1700 4033 metro
1814 4007 1820 4013 ·

385 4066 503 4117 cudimus
516 4067 565 4118 ΡΑ
625 4070 656 4118 tt
670 4069 745 4120 ethna
760 4070 818 4122 PA.
842 4069 1026 4136 pentametrum
1039 4069 1097 4120 huic
1109 4071 1195 4121 eertrd
1205 4067 1416 4134 sublectum'leplt
1427 4067 1543 4120 Iulianus
1554 4085 1580 4135 p.
1591 4073 1632 4125 55,
1646 4068 1701 4118 Alte

385 4153 557 4218 superemicet
576 4153 678 4218 aethna
699 4153 815 4223 poloque
834 4155 1001 4222 propinquat.
1039 4151 1106 4214 Quid
1124 4155 1258 4218 sequitur?
1291 4157 1492 4222 atrapaesticum
1515 4164 1700 4221 pentametrum

266 4251 269 4256 ·
385 4235 525 4303 colophon,
545 4237 587 4289 ubl
607 4253 654 4306 pro
667 4243 759 4306 quinto
773 4241 838 4309 pede
853 4255 903 4292 nna
915 4251 1013 4291 tantum
1027 4240 1127 4306 syllaba
1145 4241 1265 4307 ponenda
1278 4255 1327 4293 est
1357 4241 1505 4308 exemplum
1520 4243 1702 4309 ‘superemicet
1814 4295 1816 4298 ,

387 4322 490 4374 aethna
508 4323 622 4390 poloque
640 4329 824 4393 propinquat’.
865 4329 924 4377 item
949 4337 1123 4377 tetrametrum
1146 4325 1277 4392 colophon
1301 4328 1400 4377 ‘uirum
1424 4327 1501 4378 simul
1519 4342 1549 4378 ee
1572 4326 1700 4378 moribun-
1772 4319 1776 4322 ’

385 4408 469 4464 dnm’.
505 4410 566 4461 item
585 4410 722 4462 dimetrum
745 4412 890 4480 colophon,
914 4412 1016 4464 ‘Crucis
1039 4412 1124 4462 almae
1142 4411 1206 4463 Fero
1228 4413 1355 4478 signum‚·
1373 4411 1450 4479 inge*
1465 4414 1595 4465 daemou’.
1630 4411 1699 4471 Quod

386 4497 507 4563 sequitur¹
522 4497 648 4546 metrum?
686 4501 902 4567 Atrapaeeticnm‚
927 4499 970 4550 ubl
989 4511 1079 4549 omines
1102 4511 1166 4548 euos
1188 4497 1268 4563 pedes
1288 4497 1373 4549 habet.
1411 4497 1450 4549 Da
1474 4502 1530 4550 eius
1549 4498 1699 4564 exemplum.

387 4578 508 4631 ‘Nivibns
527 4584 705 4648 superemicet
722 4584 824 4635 hethas
841 4585 955 4652 poloque
974 4586 1152 4652 propinquat’.
1223 4584 1256 4636 ib
1274 4598 1306 4634 ex
1326 4585 1445 4637 omnibus
1458 4599 1544 4636 sutem
1555 4586 1700 4651 anapaestis

386 4665 497 4733 pulcher
514 4683 544 4717 ec
562 4683 675 4722 sonorus
695 4669 724 4720 ht
741 4661 900 4722 versus'hoc
919 4671 1008 4736 modo,
1028 4669 1136 4721 Nivibus
1156 4669 1184 4720 H
1263 4673 1446 4736 anapaesticus
1464 4671 1514 4724 ΡΑ
1591 4683 1700 4720 sonorus

387 4752 444 4804 cod.
463 4751 598 4820 Serapem.
620 4769 764 4808 sonorosus
784 4756 833 4809 ΡΑ
940 4758 971 4808 ld
989 4749 1103 4823 nivibus]
1129 4757 1178 4807 hoc
1203 4757 1314 4808 nauibus
1338 4757 1387 4809 ΡΑ
1491 4755 1568 4806 ethna
1588 4756 1634 4806 ΡΑ

390 4839 422 4888 17
441 4838 554 4901 spondis
574 4841 599 4891 P
667 4843 699 4894 ts
718 4841 797 4894 allicit
815 4844 864 4895 ΡΑ
934 4854 1085 4894 exametron
1105 4845 1129 4894 A
1210 4845 1242 4895 ta
1261 4843 1391 4910 colophon
1410 4843 1456 4894 ΡΑ
1532 4843 1566 4893 alil
1584 4853 1610 4892 at
1628 4835 1698 4909 tuba]

393 4923 473 4988 Verp.
487 4927 554 4977 Aen.
571 4926 666 4980 VIIII
679 4931 732 4981 503
802 4930 836 4982 13
848 4923 969 4996 colohos]
982 4929 1112 4996 colophon
1127 4929 1186 4989 ΡΑ,
1197 4931 1255 4981 hera
1268 4931 1310 4981 11.
1323 4931 1357 4980 17
1413 4931 1447 4981 16
1460 4927 1701 4995 ennitnmplrtlr'enua
