3904 5556
357 357 399 423 20
427 387 430 392 -
854 357 963 410 MARII
984 357 1178 410 vtcrotttnt

383 489 405 532 ρ.
418 479 477 521 ates.
492 479 518 520 oe
533 475 556 520 r.
1501 471 1522 515 p.
1537 455 1569 502 ιι.
1584 461 1610 502 aa
1624 461 1650 503 a.

358 549 446 612 nobis
469 567 571 612 rocem
595 573 612 612 a
635 547 686 611 sed
705 548 846 627 pinguius
869 567 958 630 quam
982 550 1002 620 i,
1027 548 1133 612 exilius
1156 565 1243 629 quam
1270 566 1298 609 u.
1344 547 1396 609 sed
1421 559 1451 610 et
1473 567 1546 632 pace
1570 566 1692 618 eorum.

359 653 503 731 dixerim,
535 671 596 716 aon
624 650 726 713 rident
749 671 767 732 ρ
791 649 920 712 litteram
952 651 1132 717 desiderari:
1163 653 1206 715 sic
1230 653 1326 721 cuim.
1355 651 1453 732 gylam
1477 651 1500 735 †
1523 671 1675 736 myserum
1704 699 1707 706 .

357 755 467 840 Syllam
503 773 695 839 proxymum,
735 753 874 817 dicebant
909 757 1035 836 antiqui.
1087 755 1139 819 sed
1176 775 1256 819 nunc
1291 756 1475 819 consuetudo
1512 775 1675 838 paucorum

359 862 513 925 bominum
546 862 585 922 ita
620 859 805 941 loquentium
836 861 969 932 evanuit,
1006 861 1135 941 ideoque
1165 877 1254 923 voces
1284 861 1356 922 istas
1385 878 1440 940 ριι
1469 880 1488 923 u
1517 865 1564 924 vel
1584 864 1679 940 pert·

356 965 491 1030 scribite.
1689 981 1703 1022 a

445 1069 476 1131 Si
506 1085 657 1131 memores
686 1068 794 1130 essetis
823 1067 933 1130 dixisse
965 1087 1013 1130 me
1043 1066 1128 1130 robis
1162 1072 1194 1130 in
1223 1069 1454 1150 praepositionis
1485 1069 1615 1131 litteram
1647 1087 1675 1139 n,

356 1175 496 1256 quotiens
519 1171 643 1234 verbum
668 1181 847 1252 sequeretur
870 1191 885 1234 a
909 1170 1019 1233 litteris
1042 1171 1104 1245 bs
1120 1190 1149 1233 m
1168 1190 1192 1250 p
1217 1175 1381 1250 incipiens,
1407 1174 1437 1232 ia
1462 1172 1509 1235 bis
1525 1173 1678 1235 dumtaxat

357 1295 433 1359 qnae
462 1296 497 1340 er
533 1275 589 1338 bac
619 1277 844 1357 praepositione
874 1275 963 1337 verba
999 1277 1164 1356 composita
1201 1285 1285 1346 stant,
1317 1278 1427 1338 mutari
1455 1277 1553 1338 solere
1581 1279 1613 1339 ia
1637 1295 1675 1345 m,

358 1398 419 1442 aon
435 1381 634 1462 scripsissetis
650 1377 798 1463 inprolem
820 1397 877 1457 per
901 1399 929 1449 ιι,
954 1377 1032 1460 quod
1058 1397 1113 1460 pcr
1136 1398 1164 1441 ιιι
1182 1377 1329 1441 debuistis
1352 1377 1509 1460 improlem
1527 1378 1675 1443 scribere:

358 1483 502 1566 improles
527 1485 605 1546 enim
630 1495 690 1557 est,
715 1483 922 1564 qainondam
948 1484 991 1542 ιιι
1016 1490 1071 1544 est.
1691 1499 1716 1540 ιο

444 1585 552 1670 [igitur
575 1605 652 1668 quae
676 1605 784 1668 graeco
808 1585 943 1648 scribitis
967 1603 1023 1666 pec
1045 1591 1070 1658 ψ
1094 1583 1239 1658 litteram,
1265 1587 1405 1649 scribetis
1428 1587 1520 1649 latine
1545 1606 1598 1669 pcr
1616 1585 1676 1669 ps].

358 1693 464 1756 Graeci
487 1693 661 1774 priusquam
687 1691 859 1771 reciperent
876 1685 886 1772 ΙΙ
904 1691 935 1750 in
959 1688 1095 1751 ordinem
1127 1689 1296 1752 litterarum
1320 1709 1442 1754 suarum
1467 1687 1483 1766 ξ
1508 1703 1537 1753 ιι
1560 1697 1596 1772 ψ,
1627 1710 1677 1753 eas

357 1795 479 1877 quidem
504 1813 602 1866 vocas,
626 1797 656 1856 in
682 1794 789 1874 quibus
815 1790 818 1874 ξ
843 1791 1009 1874 apparebat
1030 1811 1063 1873 g,
1095 1803 1128 1854 ut
1151 1790 1203 1869 αἲξ
1233 1789 1343 1874 αἰγός,
1374 1787 1460 1874 φλὸξ
1489 1791 1618 1876 φλογός
1648 1804 1677 1856 ιι

359 1899 485 1970 similia,
509 1896 684 1962 scribebant
707 1915 760 1978 per
777 1917 798 1976 γ
813 1904 842 1958 et
858 1909 893 1965 σ;
917 1897 948 1958 in
973 1896 1083 1976 quibus
1099 1915 1170 1959 vero
1186 1897 1338 1960 incidebat
1362 1919 1394 1978 n,
1418 1909 1452 1961 ut
1466 1891 1550 1974 ἄναξ
1574 1891 1675 1960 ἄνακ-

359 2023 426 2084 τος,
451 1997 554 2078 δόναξ
578 1991 723 2074 δόνακος
746 2007 777 2061 ιι
797 2000 919 2076 similia,
944 2018 1000 2081 per
1016 2019 1036 2061 κ
1053 2010 1080 2062 ιι
1097 2013 1132 2062 σε
1158 2003 1332 2082 inquorum
1357 1999 1557 2064 declinatione
1578 2004 1677 2064 inerat
1692 2019 1715 2060 ts

356 2105 389 2189 β,
413 2117 446 2168 ut
457 2099 571 2187 ”Apate
585 2097 745 2184 Ἄραβος,
768 2122 822 2185 per
838 2101 860 2183 β
877 2113 907 2165 ιι
923 2116 958 2174 σ;
983 2112 1013 2165 ιι
1029 2105 1058 2164 in
1076 2103 1184 2184 quibas
1200 2123 1236 2185 a,
1254 2114 1287 2168 at
1303 2103 1458 2182 Κύκλωψ
1475 2101 1676 2183 Κύκλωπος,

358 2229 414 2293 per
437 2227 462 2271 n
485 2217 515 2271 et
538 2221 569 2270 σ.
616 2207 756 2269 similiter
785 2209 880 2268 nostri
910 2224 999 2268 voces
1029 2225 1105 2287 quae
1133 2209 1162 2269 in
1192 2225 1209 2268 ι
1240 2209 1370 2271 litteram
1400 2208 1553 2278 incidant,
1591 2211 1615 2270 si
1645 2211 1675 2271 in

359 2313 559 2376 declinatione
584 2329 688 2373 earum
712 2307 878 2391 apparabat
900 2327 928 2388 g,
953 2321 986 2372 ut
1010 2313 1141 2372 coniunx
1164 2309 1211 2373 lea
1237 2322 1266 2374 et
1288 2310 1407 2386 similia,
1432 2311 1607 2376 scribebant
1623 2330 1677 2394 por

356 2438 374 2499 g
399 2431 476 2480 ets.
503 2441 516 2477 ι
555 2424 585 2478 at
609 2433 686 2494 quae
708 2432 797 2476 roces
821 2411 933 2475 babent
957 2422 982 2488 a
1003 2411 1144 2484 litteram,
1168 2434 1220 2477 eae
1251 2433 1306 2496 per
1335 2416 1401 2479 bet
1424 2414 1675 2487 sscribebantur,

357 2555 563 2567 ..ψ-ι·-

379 2623 546 2692 'agatem
568 2621 660 2673 diaria
680 2622 741 2682 163,
759 2621 794 2668 27
866 2622 897 2672 10
916 2619 1039 2687 improles
1061 2621 1133 2672 Parit.
1154 2637 1212 2674 eac.
1232 2623 1300 2674 Fert.
1317 2626 1366 2675 168
1437 2626 1469 2675 ta
1489 2623 1577 2675 Graeci
1590 2626 1676 2692 prius-

357 2709 436 2760 quam
454 2695 599 2760 reciperent
613 2706 642 2757 p.
663 2693 706 2754 12,
726 2693 760 2740 16
783 2687 841 2741 Ter.
860 2689 953 2740 Scaar.
971 2691 1051 2742 2256.
1071 2693 1140 2741 2261
1160 2692 1277 2744 Cassiod.
1297 2696 1375 2746 2266.
1395 2695 1464 2744 2291

426 2905 440 2954 1
467 2915 543 2951 uoces
568 2897 615 2948 sed
639 2898 764 2964 pinguius
788 2911 865 2959 quam
889 2896 898 2945 i
922 2896 1014 2948 exilias
1038 2895 1153 2962 (exillius
1174 2900 1210 2963 A)
1234 2914 1311 2962 qrrarn
1335 2916 1351 2950 u
1370 2898 1489 2957 anae
1512 2915 1611 2961 vocem,
1630 2901 1678 2952 sed

357 2972 481 3040 pinguius
500 2983 578 3034 quam
598 2971 614 3030 i,
638 2967 731 3017 exilias
750 2979 828 3029 quam
848 2981 864 3014 u
883 2969 1076 3031 pronuntiatum
1102 2967 1129 3018 C.
1148 2969 1180 3018 L.
1202 2967 1375 3020 Schneideras
1391 2987 1496 3036 ρνιιιιιιιι.
1517 2974 1577 3036 liap.
1595 2973 1640 3024 lat.
1660 2969 1680 3020 I

354 3061 382 3109 ρ.
404 3042 438 3091 21
456 3052 556 3102 vocem,
580 3037 627 3086 sed
651 3037 775 3102 pinguius
800 3048 876 3098 quam
900 3035 916 3086 i.
941 3035 1035 3085 exilius
1060 3053 1136 3098 ιμιιιιιι
1157 3053 1173 3086 ιι
1191 3051 1327 3087 sonantem
1347 3038 1451 3102 Scbady
1468 3055 1495 3104 ρ.
1516 3042 1565 3091 37ι
1589 3055 1675 3098 voces,

357 3111 403 3162 sed
428 3124 491 3176 pace
515 3121 604 3158 eorum
627 3104 746 3163 dixerim,
772 3118 822 3153 non
843 3104 929 3152 vident
951 3119 968 3170 ρ
990 3103 1100 3155 litteram
1125 3107 1272 3156 desiderare
1296 3107 1422 3174 pinguius
1446 3122 1523 3172 quant
1542 3111 1559 3170 i,
1583 3109 1676 3158 exilius

357 3193 435 3244 quam
461 3195 477 3228 u
501 3173 654 3228 Ribbeckt'as
679 3172 766 3226 labri.
790 3172 811 3234 s.
837 3171 929 3223 Plrilol.
955 3176 1024 3224 1857
1043 3190 1071 3239 ρ.
1096 3177 1157 3226 319.
1189 3185 1249 3240 post
1276 3190 1365 3226 rocem
1394 3179 1519 3244 quaedam
1546 3179 1676 3228 eccidisse

355 3251 484 3310 uidentur,
507 3248 533 3295 in
552 3245 641 3312 quibua
659 3245 691 3294 de
708 3257 773 3293 eona
791 3244 861 3292 inter
879 3244 887 3290 i
907 3249 931 3292 et
951 3259 966 3291 u
985 3245 1067 3294 medin
1086 3247 1214 3310 appositis
1235 3248 1369 3310 exemptis,
1394 3248 1481 3312 qualia
1499 3249 1599 3312 scripta
1617 3253 1676 3297 auat

355 3333 437 3383 cupra
456 3333 482 3382 p.
498 3319 538 3374 10,
553 3317 588 3363 24
607 3313 699 3364 dictum
712 3319 770 3362 wat
832 3311 878 3362 sed
892 3325 989 3376 paces
1051 3313 1291 3370 idesideraritas
1308 3315 1528 3366 desiderareAB
1590 3331 1677 3382 utrae·

357 3401 414 3437 rum
434 3389 457 3436 Α
471 3397 522 3439 ως
550 3385 673 3432 miserum
692 3380 717 3430 B
743 3393 841 3444 myram
865 3383 903 3430 uei
927 3395 1042 3444 myscam
1066 3387 1105 3432 net
1128 3397 1219 3446 aprum
1243 3385 1351 3436 coniecit
1370 3383 1523 3436 Ribbeckias
1541 3388 1558 3440 l.
1577 3401 1600 3435 c.
1620 3389 1677 3437 cali.

361 3455 515 3519 Vellaonp.
527 3469 555 3518 p.
571 3453 651 3510 2235,
671 3451 763 3500 delenit
782 3448 914 3516 Sebadpl.
929 3466 949 3499 c.
1020 3453 1035 3500 3
1060 3448 1157 3515 Syllam
1183 3451 1216 3503 Ε.
1241 3453 1264 3504 Ι.
1285 3453 1320 3503 Α.
1343 3451 1481 3518 Scysertaa
1501 3471 1608 3520 pramnr.
1630 3457 1674 3504 lat.

356 3525 425 3588 §93
445 3541 471 3589 p.
492 3525 527 3574 63
546 3519 670 3585 syllabam
691 3517 807 3573 ΛΒως
886 3521 966 3584 iper
986 3535 1001 3568 a
1021 3519 1058 3567 rel
1078 3535 1123 3586 per
1142 3515 1162 3586 i]
1188 3537 1233 3586 per
1253 3537 1268 3570 u
1290 3521 1388 3572 arsat
1411 3537 1458 3588 per
1478 3540 1491 3571 ιι
1511 3539 1581 3574 corr.
1604 3525 1676 3589 peri

357 3596 383 3646 Α
411 3608 457 3660 per
475 3593 483 3640 i
502 3603 553 3646 ως
581 3592 653 3656 peri
672 3587 710 3638 rel
730 3603 745 3636 n
770 3589 880 3638 coniecit
905 3586 931 3638 C.
951 3589 983 3638 l..
1004 3588 1178 3640 Schneidernc
1199 3605 1303 3655 proram
1326 3593 1385 3658 lina.
1403 3595 1448 3641 lat.
1467 3591 1486 3641 I
1502 3609 1527 3657 ρ.
1547 3595 1583 3641 21

358 3652 647 3722 balixissemevobis]
668 3674 694 3722 ρ,
710 3659 801 3718 18,2.2
866 3671 907 3706 rue
924 3659 1124 3714 nnr.A,add.a
1141 3659 1200 3712 Vol.
1266 3661 1352 3710 innan.
1368 3659 1488 3715 ΑΒως
1549 3664 1676 3724 ‘lseqne-

284 3779 289 3788 ,
356 3744 426 3782 ιιιιιι·
443 3729 518 3780 aliter
535 3730 559 3778 in
580 3727 620 3777 bis
639 3727 774 3775 dumtaxat
793 3723 913 3781 ΑΒως
1003 3728 1103 3790 8quae
1122 3742 1154 3776 ιιι
1174 3727 1220 3778 bac
1241 3731 1469 3794 praepositiones
1495 3744 1561 3792 ιμιιι
1580 3745 1612 3780 ιιι
1630 3731 1677 3781 lrac

356 3800 395 3866 ¹(iu
415 3799 464 3850 hac
482 3806 507 3850 et
526 3801 552 3847 in
572 3812 652 3858 rtrnrp.
672 3810 705 3846 ert
723 3796 770 3844 bac
790 3793 826 3858 B)
851 3807 923 3861 parte
943 3797 1073 3860 positione
1092 3795 1182 3846 ABtu
1262 3799 1277 3848 9
1298 3795 1427 3864 inprulcm
1447 3814 1460 3846 n
1481 3799 1550 3861 qarod
1569 3813 1621 3854 ως
1639 3801 1678 3849 in·

358 3869 456 3936 prolem
480 3869 506 3917 in
525 3864 607 3932 (corr.
628 3863 654 3928 u)
679 3865 749 3926 quod
769 3863 793 3913 A
812 3863 937 3930 inprolent
961 3865 1059 3928 iaqnod
1083 3865 1141 3914 Vnt.
1169 3866 1293 3931 iuprolem
1318 3869 1423 3929 latonam
1444 3865 1467 3917 B
1540 3871 1569 3917 11
1594 3869 1678 3934 Igitur

358 3953 425 4002 tpuae
448 3951 591 4004 graece-
613 3948 657 3999 per
682 3947 713 3998 ps
736 3935 773 3992 ad
794 3943 967 3998 nrprtrnenturn
990 3951 1076 3986 earam
1100 3951 1165 4000 puae
1188 3944 1310 3986 necantur
1333 3937 1495 3986 indicandum
1519 3939 1545 3986 in
1563 3941 1677 4002 maraine

358 4009 494 4072 adscripta
512 4020 569 4056 esre
588 4004 698 4053 coniecit
721 3999 826 4065 Scltatiy
843 4019 870 4066 ρ.
890 4005 926 4052 36
1015 4005 1045 4054 12
1065 4021 1108 4053 eas
1128 4005 1231 4066 nitidem
1257 4019 1333 4055 uoces
1357 4005 1416 4055 Val.
1435 4019 1486 4061 ως
1511 4019 1554 4056 eas
1573 4007 1677 4070 quidem

360 4092 437 4128 uoces
456 4075 562 4140 quidem
581 4075 665 4123 deleta
681 4073 830 4136 posteriore
849 4075 905 4122 loco
929 4071 1032 4134 quidem
1052 4073 1076 4122 A
1096 4087 1126 4122 aa
1144 4074 1248 4135 atridem
1268 4089 1344 4124 uoces
1364 4073 1389 4124 B
1471 4077 1503 4124 id
1522 4090 1568 4140 per
1590 4073 1621 4127 ,Γ
1627 4071 1673 4128 .(.

360 4169 481 4225 ΑΒως
559 4179 588 4218 ut
606 4147 673 4230 aab}
692 4167 716 4215 A
737 4179 764 4216 ut
782 4179 870 4216 auttax
888 4165 913 4216 B
985 4167 1016 4217 16
1036 4181 1063 4217 ιιι
1078 4175 1140 4233 port
1157 4185 1177 4218 π
1196 4183 1243 4220 orn.
1263 4169 1384 4224 ΑΒως
1465 4171 1495 4218 lt
1515 4169 1536 4218 si
1555 4171 1580 4218 in
1600 4169 1679 4219 decli-

358 4241 462 4289 natione
481 4251 570 4289 earum
587 4235 730 4303 apparebat
752 4251 769 4300 g
794 4235 940 4286 scribebant
958 4253 976 4302 g
995 4249 1019 4288 ιι
1038 4253 1049 4286 s
1070 4248 1097 4285 ut
1115 4239 1230 4287 conittnx
1254 4237 1361 4295 (corilus
1384 4236 1455 4301 Vol.)
1479 4237 1521 4286 lex
1540 4249 1566 4288 et
1583 4239 1678 4288 siuailia

359 4325 404 4375 per
422 4325 439 4376 g
458 4321 483 4358 et
501 4323 513 4358 s
534 4305 558 4356 B
575 4305 635 4356 Vai.
656 4305 679 4354 si
697 4305 723 4353 in
743 4303 914 4355 declinatione
933 4320 1020 4355 earum
1040 4307 1182 4372 apparebat
1200 4307 1356 4369 (scribelnuu
1374 4317 1454 4372 gets
1473 4309 1499 4356 in
1516 4323 1598 4372 ιιιιινρ.
1616 4309 1677 4362 add.

358 4395 381 4436 ιι,
402 4379 444 4428 arbi
461 4394 478 4444 g
497 4389 521 4426 et
539 4393 552 4428 s
571 4374 667 4426 deleuit
684 4369 729 4437 a*)
753 4389 771 4438 g
790 4385 814 4426 ct
833 4390 845 4423 s
864 4386 892 4423 ut
909 4375 1022 4424 coniunx
1040 4373 1083 4424 lex
1102 4387 1126 4424 ιι
1144 4375 1238 4425 similia
1258 4392 1303 4441 per
1321 4391 1338 4441 g
1358 4388 1381 4424 et
1400 4391 1412 4424 s
1433 4377 1457 4426 A
1479 4377 1501 4425 si
1522 4378 1545 4424 in
1566 4375 1678 4425 declina·

358 4449 429 4497 tione
442 4460 529 4496 earum
543 4447 696 4512 apparebat,
716 4442 862 4494 scribebant
879 4459 897 4511 g
916 4457 940 4494 et
957 4459 980 4507 s,
1001 4457 1027 4494 ut
1044 4445 1157 4494 coniunx
1176 4443 1217 4494 lex
1241 4459 1265 4494 et
1288 4443 1380 4494 similia
1400 4459 1445 4510 per
1464 4461 1481 4510 g
1499 4457 1523 4494 ιι
1540 4461 1551 4494 s
1570 4463 1592 4495 ω
1611 4447 1632 4495 si
1651 4447 1676 4494 in

358 4514 530 4566 declinatione
553 4529 644 4568 cartam
667 4512 811 4579 apparebat
829 4527 868 4578 gs,
892 4513 1037 4563 scribebant
1055 4529 1073 4578 g
1092 4523 1116 4563 et
1134 4529 1157 4577 s,
1182 4525 1209 4564 ut
1229 4515 1338 4578 cuttings
1357 4511 1413 4578 legs
1432 4527 1457 4562 ιι
1475 4512 1569 4564 similia
1591 4529 1637 4581 per
1659 4531 1677 4581 g

358 4597 382 4636 et
401 4600 413 4635 a
432 4597 457 4640 ς.
483 4585 600 4636 lacunam
623 4583 748 4644 indicaui,
771 4597 821 4647 qao
839 4583 974 4634 adnotatio
999 4585 1031 4633 cie
1049 4584 1158 4644 aeddan,
1183 4598 1257 4649 picae,
1280 4599 1333 4633 cum
1356 4584 1382 4632 in
1401 4584 1570 4634 declinatione
1594 4599 1679 4650 appa-

357 4661 429 4705 reret
448 4670 470 4715 c,
494 4653 526 4705 ab
544 4654 657 4721 ancipitis
676 4669 724 4719 per
743 4667 756 4700 c
775 4657 800 4700 et
819 4667 831 4700 s
849 4652 1042 4716 scribebantur,
1068 4653 1177 4703 excidit.
1206 4659 1346 4718 praetcrea
1368 4659 1429 4716 post
1453 4651 1535 4718 plebis
1558 4655 1678 4718 exempla

358 4723 534 4775 uocabulorum
550 4739 600 4788 per
618 4740 635 4791 p
655 4731 679 4774 et
698 4739 710 4773 s
729 4722 885 4785 scriptarum
908 4723 948 4772 aei
969 4720 1134 4772 librariorum
1157 4726 1196 4772 oet
1216 4721 1376 4785 pneumatici
1398 4723 1560 4788 ateplepentia
1585 4723 1678 4772 omisca

331 4853 335 4864 Ι
357 4800 418 4844 aunt
489 4796 519 4844 19
538 4803 564 4842 at
577 4809 643 4856 qliae
656 4807 733 4842 uoces
753 4789 860 4852 (babent
877 4793 903 4840 in
921 4791 1120 4856 canapariae)
1140 4792 1287 4854 ablitteram
1301 4806 1348 4840 cue
1366 4791 1445 4850 (carr.
1461 4789 1510 4840 bae
1524 4787 1566 4856 α’)
1581 4793 1604 4842 Α
1624 4803 1676 4856 atq.

359 4877 436 4911 truces
457 4861 551 4912 babent
569 4865 595 4925 ψ
614 4863 722 4913 litteram
743 4873 787 4911 eae
804 4859 863 4914 Val.
883 4871 909 4909 at
928 4875 993 4923 quae
1012 4875 1090 4911 croces
1104 4859 1199 4910 babent
1211 4859 1319 4909 litteram
1338 4879 1352 4908 o
1370 4859 1418 4910 bne
1439 4859 1462 4910 B
1480 4871 1585 4926 atquae
1600 4876 1677 4912 raaces

359 4939 382 5000 ψ
403 4931 511 4981 litteram
531 4931 625 4983 babent
642 4931 690 4982 liae
709 4943 759 4987 ως
