3874 5556
765 1225 772 1232 ’
886 1240 966 1341 DE
998 1237 1229 1340 METRIS

490 1592 541 1635 noo
554 1541 663 1646 Nulla
686 1597 742 1640 vox
766 1577 898 1640 humana
921 1585 1041 1640 constat
1062 1575 1175 1658 absque
1199 1564 1315 1658 septem
1340 1576 1458 1646 litteris,

552 1682 610 1742 rite
633 1679 751 1744 uocales
774 1683 889 1744 vocarit
912 1699 986 1762 quas
1009 1680 1150 1760 magistra
1174 1680 1315 1743 Graecias

552 1785 697 1866 quicquid
721 1785 808 1847 andis
831 1791 953 1865 practer
975 1785 1063 1856 istas,
1087 1801 1158 1865 pars
1180 1785 1257 1854 soni,
1282 1800 1343 1844 non
1367 1801 1423 1845 vox
1447 1783 1513 1844 erit.

554 1888 686 1968 quinque
709 1896 851 1950 contenta
876 1897 922 1950 est
944 1887 1050 1966 liguris
1073 1884 1193 1949 Romuli
1216 1886 1365 1948 latinitas:

552 2011 574 2073 η
598 2000 628 2053 et
650 2011 677 2053 ω
700 1988 804 2072 longas
828 1991 908 2054 enim
932 2010 989 2053 nos
1010 2007 1071 2053 non
1096 1989 1243 2053 habemns
1269 1987 1395 2060 litteras,

491 2109 541 2152 1³⁰⁶
555 2113 611 2157 nec
634 2091 743 2157 breves
766 2083 1052 2176 semper.rocamns
1075 2092 1123 2156 his
1145 2093 1220 2156 duas
1243 2093 1422 2155 contrarias.

556 2207 674 2261 ceteras
697 2206 776 2270 troo,
800 2217 878 2281 quae
901 2208 1080 2279 supersunt,
1105 2197 1266 2259 dichronas
1289 2199 1513 2276 cognominant.

555 2301 669 2380 corripi
692 2300 772 2382 quod
796 2319 886 2382 saepe
910 2300 1050 2373 eaedem,
1074 2319 1165 2382 saepe
1188 2301 1317 2381 produci
1341 2297 1448 2362 valent.

554 2423 647 2487 porro
669 2415 795 2467 cunctas
817 2413 921 2466 noster
944 2421 1016 2466 usus
1040 2405 1175 2485 quinque
1199 2402 1316 2464 vocales
1339 2421 1410 2464 suas

554 2509 680 2588 corripit
701 2507 782 2602 quod
806 2525 885 2569 nune
910 2505 1046 2577 eaetlem,
1071 2525 1153 2569 nuno
1175 2491 1295 2568 easdem
1320 2503 1481 2586 pro'tralrit.
1537 2487 1540 2495 ’

489 2613 648 2674 uroutitur
670 2607 768 2691 longis
792 2621 822 2672 et
845 2610 941 2672 isdem
966 2609 1108 2672 breuibus
1130 2627 1226 2688 aeque
1249 2609 1396 2688 iungitur,

400 2695 403 2702 ‚
554 2733 610 2778 nec
634 2713 755 2777 brevem
779 2732 901 2795 semper
923 2713 1064 2794 requirit,
1089 2729 1210 2793 semper
1233 2719 1282 2774 aul
1305 2731 1384 2794 quae
1406 2711 1496 2792 longa
1519 2714 1567 2781 sit.

554 2818 696 2881 omnibus
718 2816 771 2880 secl
795 2818 930 2897 quinque
953 2833 1074 2897 semper
1097 2817 1192 2879 utitur
1215 2833 1271 2877 ceu
1295 2815 1458 2876 dichronis.

540 2923 585 3008 *in
610 2921 697 2984 brevi
720 2919 773 2983 sed
799 2929 918 3000 tempus
942 2937 1033 2982 unum
1058 2928 1117 2991 est,
1145 2918 1213 2980 bino
1236 2917 1344 2998 longae
1367 2917 1532 3000 possident.

599 3025 663 3088 Vna
688 3022 800 3086 vocalis
823 3025 925 3103 iugata
949 3025 1129 3085 consonanti
1153 3031 1203 3085 aut
1226 3019 1364 3104 pluribus

489 3143 542 3182 1³¹⁵
555 3127 701 3210 syllabam
725 3125 833 3190 reddat
856 3143 980 3189 necesse
1004 3135 1058 3188 est.
1098 3123 1245 3207 syllabam
1268 3127 1375 3189 Graeci
1399 3135 1514 3196 vocent,

489 3259 501 3270 ··
553 3251 607 3293 orc
630 3229 711 3312 qnod
733 3230 823 3292 simul
847 3230 1001 3310 proiectae
1025 3228 1167 3310 copulant
1190 3249 1284 3292 unum
1308 3247 1431 3292 sornun:

556 3332 708 3396 vinculum
732 3351 799 3394 nam
825 3333 922 3413 signat
945 3334 1001 3394 ista
1025 3332 1205 3412 congregale
1228 3333 1330 3395 dictio.

496 3499 500 3504 ,
555 3447 586 3499 et
609 3445 709 3499 tamen
734 3435 845 3499 vocalis
869 3456 927 3498 una
951 3437 1071 3518 quando
1096 3451 1165 3524 pars
1188 3439 1340 3497 sermonis
1363 3445 1417 3505 est.

553 3537 699 3622 syllabam
723 3540 783 3601 dici
807 3557 930 3602 necesse
955 3549 1016 3609 ost.
1041 3540 1172 3600 comsit
1196 3557 1254 3601 una
1278 3539 1387 3602 littera.
1455 3535 1458 3541 ’

490 3660 540 3701 nso
598 3643 671 3706 Cum
697 3642 796 3704 inuris
819 3642 893 3705 duas
918 3639 1042 3704 habebit
1065 3641 1237 3704 adiacentes
1260 3661 1420 3713 consonas,

553 3747 615 3808 sire
638 3763 743 3808 secum
766 3744 811 3807 uel
836 3748 973 3828 sequenti
997 3743 1153 3825 copulatas
1175 3744 1317 3826 syllabae,

554 3847 690 3928 singulae
715 3846 760 3909 vel
784 3847 973 3918 dividentur,
996 3847 1085 3926 longa
1110 3848 1162 3909 liet
1186 3867 1202 3910 e
1226 3849 1321 3920 brevi,

555 3969 616 4013 non
639 3970 729 4014 secus
751 3951 901 4033 producta
925 3968 1013 4030 qnam
1038 3951 1063 4012 si
1087 3953 1233 4033 temporis
1256 3952 1341 4034 dupli
1365 3953 1452 4016 toret

448 4087 450 4091 ,
555 4072 610 4116 uec
634 4056 734 4146 minus
756 4055 878 4134 longam
903 4054 1080 4135 probamus,
1106 4073 1257 4116 unacum
1281 4054 1391 4138 duplex
1415 4060 1484 4127 crit,

400 4189 607 4200 Ἥ

467 4261 639 4312 tuno—13³4
664 4261 735 4311 Mor.
763 4263 863 4313 Victor.
885 4263 930 4326 31,
955 4263 1068 4323 17-32,
1093 4263 1109 4312 o
1184 4263 1356 4315 tuno-1313
1374 4281 1396 4314 u.
1419 4265 1563 4316 est-tot
1644 4265 1716 4316 1300.

400 4346 464 4396 1301
485 4343 560 4412 Serp.
585 4349 691 4412 eoeplan.
715 4349 740 4397 in
760 4347 826 4400 Dora
846 4349 906 4404 510,
925 4351 942 4397 5
1012 4349 1079 4400 1300
1099 4347 1173 4398 Moll.
1196 4348 1292 4400 Theoti.
1315 4365 1343 4416 p.
1362 4351 1415 4400 513
1437 4351 1479 4400 erl·
1500 4349 1583 4412 Gaios.
1655 4349 1717 4400 1311

337 4451 370 4487 ,·
397 4431 513 4497 Pompei.
534 4434 593 4494 111,
612 4434 659 4487 21..
849 4435 853 4441 '

467 4603 512 4654 DE
526 4601 722 4673 nturnlspuu
737 4604 826 4657 VOCE
840 4609 873 4658 M
881 4605 1088 4658 TERENTIAM
1103 4607 1212 4658 ntnvln
1224 4607 1269 4658 DE
1283 4605 1406 4659 ntn‘rnls
1421 4605 1507 4659 OPVS
1521 4606 1628 4660 vulno
1642 4607 1717 4660 CAR·

398 4688 481 4740 nunu
496 4689 715 4743 COllPOSlTVll
729 4692 851 4758 illiryllus
899 4695 963 4746 1301
978 4693 1025 4743 rite
1038 4707 1102 4757 quas
1116 4693 1219 4744 vocales
1232 4706 1307 4744 vocat
1319 4707 1343 4744 ct
1356 4695 1481 4760 magistra
1494 4693 1602 4746 Graecia
1614 4695 1719 4761 Serpiua

398 4779 505 4842 explan.
530 4779 556 4828 in
575 4779 643 4830 Dora.
661 4796 689 4844 p.
709 4781 769 4838 510,
789 4783 804 4828 7
875 4781 941 4831 1310
960 4791 985 4830 et
1003 4779 1100 4830 eisdem
1120 4807 1152 4816 —
1170 4780 1288 4846 iungitur
1305 4795 1387 4846 supra
1405 4797 1428 4835 o.
1449 4783 1510 4843 362,
1529 4781 1575 4831 sed
1595 4783 1717 4832 isdem-

322 4881 329 4888 ·
398 4859 506 4927 lingitur
523 4863 571 4914 hoc
591 4867 647 4915 loco
661 4865 695 4913 M
765 4867 829 4916 tait
848 4863 892 4913 nn
912 4864 1077 4928 stennius
1098 4867 1131 4917 Μ
1202 4869 1267 4918 1³20
1286 4863 1333 4914 DE
1352 4863 1530 4918 Pusluion'u
1549 4865 1671 4918 Lunuts
1690 4866 1720 4918 M
