3904 5556
372 342 415 408 42
876 341 982 393 sntnu
1000 337 1191 396 vrorouuu

402 459 423 501 Ρ·
437 445 536 488 ’18Ηῦ
551 443 575 489 Ρ·
1519 457 1532 498 p
1554 447 1586 486 sa.
1599 446 1625 486 ns
1640 444 1665 485 c.

375 536 485 618 pedum
508 537 546 598 sit
568 533 714 617 quaedam
739 533 931 614 compositio,
962 532 1121 615 rhythmus
1143 543 1244 596 autem
1269 541 1436 612 temporum
1459 533 1539 595 lutor
1562 555 1593 598 se
1617 533 1691 595 ordo

375 639 511 722 quidalm
536 649 567 702 ct
588 637 672 720 qrrod
693 646 824 700 metrum
847 645 931 699 certo
955 655 1083 702 numero
1101 634 1283 720 syllabarum
1308 636 1353 699 vel
1377 637 1487 719 pedum
1503 639 1619 702 lluiturn
1642 640 1690 709 sit,

375 742 535 826 rhythmus
558 751 656 805 cirtem
681 759 844 823 numquam
876 759 1004 803 numero
1027 740 1306 806 circumscribatur.
1353 759 1421 804 nam
1444 751 1477 804 ut
1501 741 1591 811 volet.
1622 761 1690 823 pro·

374 846 466 910 trabit
491 855 640 928 tempora.
670 847 709 906 ita
734 854 767 907 ut
795 841 886 907 breve
911 853 1029 927 tempus
1052 843 1232 928 plerumque
1262 844 1383 925 longum
1412 844 1538 916 elliciat.
1569 845 1690 926 longum

374 950 543 1015 contrahat.
590 947 670 1013 uode
698 956 729 1011 et
756 947 930 1031 rhythmus,
964 949 993 1012 id
1023 959 1069 1014 est
1097 968 1113 1011 a
1141 950 1224 1031 rbysi
1253 957 1284 1013 et
1312 947 1407 1012 duorc
1435 948 1579 1029 quodam,
1615 967 1718 1012 uun-s

374 1063 511 1138 cupatur.

463 1157 682 1240 llbytbmorum
706 1167 806 1221 autem
831 1163 894 1220 tres
916 1176 984 1222 esse
1012 1156 1198 1220 differentias
1220 1155 1324 1220 volunt
1346 1157 1376 1218 in
1400 1155 1517 1238 dactylo
1540 1155 1639 1220 iambo
1663 1165 1693 1220 ει

375 1280 505 1346 paeone,
534 1279 612 1344 qtrae
640 1260 715 1324 liunt
737 1279 793 1344 per
816 1262 897 1324 ursin
921 1271 951 1324 et
979 1260 1089 1325 thesin,
1136 1280 1204 1324 nam
1233 1259 1369 1343 dactylus
1397 1277 1491 1340 acqua
1521 1269 1690 1343 temporum

375 1366 520 1429 divisione
543 1374 677 1436 taxatur,
701 1373 733 1428 ut
755 1373 786 1426 et
807 1375 1003 1445 anapaestus:
1026 1373 1155 1448 uterque
1178 1368 1257 1428 enim
1282 1383 1335 1447 pes
1358 1373 1498 1446 quattuor
1521 1377 1690 1446 temporum

375 1479 430 1534 cst.
476 1487 545 1532 nam
570 1477 604 1531 ut
627 1467 715 1548 longa
739 1470 834 1548 prima
851 1466 960 1549 dactyli
983 1467 1101 1532 duabus
1124 1469 1266 1533 brevibus
1282 1465 1510 1548 insequentibus
1525 1485 1579 1547 par
1602 1466 1689 1550 [sibi]
1707 1489 1731 1529 to

375 1582 404 1637 et
427 1573 562 1654 aequalis
585 1578 648 1642 est,
678 1573 717 1634 ita
749 1581 779 1634 et
799 1573 831 1634 io
855 1579 1018 1652 anapaesto
1041 1572 1088 1640 lit.
1119 1581 1151 1635 ut
1174 1574 1291 1636 initium
1315 1573 1367 1635 llni
1390 1572 1490 1634 simile
1512 1573 1689 1640 inveniatur.

376 1688 406 1740 et
429 1677 534 1740 dicunt
556 1677 671 1744 inarsi
688 1685 717 1738 ει
738 1675 817 1764 tbcsl
833 1672 988 1757 aequalem
1003 1677 1151 1739 rationem
1166 1695 1239 1746 esse,
1263 1679 1297 1740 id
1311 1685 1356 1740 est
1370 1677 1449 1738 ἴσον
1464 1672 1580 1756 λόγον.
1612 1674 1689 1738 idem

375 1783 426 1846 liet
450 1783 479 1842 in
504 1779 625 1864 dipodia
655 1780 732 1842 lacta
756 1780 969 1858 coniugatione
992 1778 1095 1841 binum
1119 1779 1229 1862 pedum
1254 1799 1309 1862 per
1331 1779 1538 1843 choriambum
1562 1789 1592 1842 et
1614 1781 1689 1842 anti·

376 1893 519 1968 spasmo.
542 1886 612 1963 quia
629 1891 773 1963 quantum
789 1883 820 1945 in
835 1880 1005 1944 sublatione
1021 1881 1121 1952 babet,
1145 1884 1319 1947 tantundem
1337 1887 1367 1946 in
1384 1885 1542 1962 positione,
1566 1894 1597 1945 ει
1612 1883 1688 1946 idem

375 1988 453 2071 apud
471 1989 601 2051 Graecos
616 1986 690 2060 Ισος
705 1981 850 2068 ῥυθμός,
865 1985 896 2048 ld
913 1996 958 2050 est
973 1985 1117 2069 aequalis,
1139 1987 1258 2050 dicitur.
1275 1985 1288 2069 l
1305 1987 1455 2050 secundus
1470 1995 1568 2050 autem
1586 1985 1688 2068 rlryth·
1705 2007 1730 2048 rs

375 2093 490 2154 musio
507 2089 608 2154 iambo
625 2088 709 2170 tlupll
732 2091 850 2153 ratione
874 2089 1019 2162 subsistit,
1042 2094 1075 2178 iu
1091 2109 1149 2174 qua
1165 2101 1195 2155 et
1218 2089 1367 2154 trochaica
1389 2098 1419 2152 et
1440 2098 1566 2172 utraque
1581 2091 1689 2152 ionico.

374 2213 567 2260 monosemos
592 2190 709 2279 [unitis]
734 2193 814 2255 enim
839 2191 1016 2278 [temporis]
1040 2197 1118 2258 arsis
1142 2194 1177 2257 ad
1202 2195 1339 2256 disemon
1363 2193 1468 2257 thesin·
1486 2202 1688 2276 comparatur.

373 2299 484 2362 etenim
521 2295 638 2360 iambus
667 2317 682 2360 a
712 2296 796 2360 brevi
824 2295 937 2380 syllaba
959 2299 1078 2380 incipit,
1114 2316 1191 2378 quae
1221 2308 1266 2362 est
1290 2299 1381 2361 unius
1404 2300 1565 2380 temporis.
1600 2305 1630 2359 et
1658 2299 1688 2360 iu

372 2402 491 2484 longam
515 2400 643 2472 desinit,
666 2408 804 2484 quaeest
826 2407 997 2482 temporum
1014 2401 1121 2470 duum:
1145 2401 1307 2466 trocbaeus
1322 2383 1422 2464 autem
1440 2410 1553 2464 contra.
1585 2400 1689 2462 eudem

372 2515 402 2568 ct
424 2509 456 2569 in
479 2505 588 2567 ionicis
611 2505 716 2567 metris
739 2500 821 2586 dupli
844 2504 921 2566 ratio
943 2513 1094 2568 versatur:
1119 2525 1186 2568 nam
1209 2503 1336 2586 ionilous
1358 2497 1425 2567 citui
1446 2503 1600 2587 μείζονος
1614 2505 1689 2566 inci·
1704 2529 1731 2569 ao

371 2605 415 2693 pit
431 2629 446 2672 a
464 2606 579 2671 duobus
595 2605 693 2688 longis
709 2609 785 2671 etin
803 2607 876 2669 duas
892 2607 1003 2672 desinit
1019 2608 1140 2681 breves;
1165 2611 1280 2671 ionicus
1296 2613 1395 2671 tutcur
1411 2601 1479 2670 riuti
1503 2601 1691 2682 ἐλάσσονος

371 2712 555 2777 abreulbus
584 2713 731 2793 iucipiens
758 2711 789 2772 iu
817 2709 923 2790 longas
952 2711 1073 2776 desinit.
1118 2713 1175 2775 erit
1202 2714 1302 2794 itaque
1325 2713 1355 2774 iu
1379 2710 1425 2773 bis
1454 2710 1585 2774 disemos
1613 2713 1690 2774 arsis

371 2817 408 2880 ad
433 2825 614 2879 tetrasemos
646 2813 759 2884 thesin,
789 2815 857 2897 quia
886 2833 978 2878 unam
1007 2824 1124 2898 partem
1152 2817 1184 2877 in
1207 2814 1378 2878 sublatione
1400 2814 1526 2885 babent,
1557 2815 1630 2877 rlrtas
1659 2817 1690 2876 iu

303 2947 307 2958 ¹
371 2922 539 3004 positione,
569 2937 622 2982 seu
647 2925 761 2981 contra.
808 2936 881 2998 crgo
910 2918 1039 2984 iambica
1062 2925 1091 2980 et
1115 2917 1268 2982 trocbclca
1297 2927 1408 2990 metra,
1438 2937 1515 3000 quse
1544 2921 1576 2981 in
1605 2917 1689 3000 dupli

371 3025 487 3088 ratione
510 3031 581 3086 suut
604 3023 716 3104 posita,
747 3021 823 3084 lacta
847 3024 1059 3104 coniugatione
1083 3021 1186 3085 binum
1211 3021 1321 3102 pedum
1345 3019 1381 3084 ad
1406 3021 1503 3102 legem
1528 3021 1687 3103 rpradrupli
1704 3050 1730 3089 ει,

372 3125 568 3190 vocabuntur.
614 3127 719 3190 tertius
752 3133 853 3188 autem
884 3125 1056 3207 rbytbmus,
1092 3129 1143 3206 qrti
1176 3127 1376 3208 paeonicusa
1410 3127 1533 3190 musicis
1568 3125 1688 3194 dicitur,

370 3229 512 3296 hemiolia
535 3233 658 3294 ratione
681 3228 830 3300 subsistit,
855 3247 932 3310 quae
956 3240 1001 3292 est
1016 3230 1147 3310 sescupli
1165 3231 1251 3292 ratio.
1297 3228 1472 3291 hemiolium
1490 3231 1569 3292 enim
1586 3229 1690 3290 dicunt

370 3351 550 3405 numerum,
579 3335 630 3416 qui
654 3331 829 3395 tantundem
853 3331 962 3395 babeat
984 3341 1128 3414 quantum
1152 3332 1228 3397 alius
1251 3325 1284 3395 et'
1302 3331 1460 3395 dimidium
1485 3333 1626 3414 amplius,
1657 3340 1688 3393 ut

370 3441 395 3502 si
418 3456 577 3519 compares
599 3446 662 3499 tres
685 3447 714 3498 ει
737 3435 812 3498 duo:
844 3455 911 3499 uam
936 3438 966 3498 ln
989 3435 1088 3500 tribus
1111 3449 1140 3499 et
1164 3436 1223 3499 duo
1248 3445 1278 3498 et
1300 3454 1409 3520 eorum
1429 3436 1584 3498 dimidium
1615 3453 1686 3496 cou-

371 3544 491 3606 tioetur.
536 3539 617 3623 quod
641 3559 709 3602 cum
734 3542 846 3609 euenit.
871 3543 1011 3604 trisemos
1034 3543 1110 3602 arsis
1130 3539 1167 3604 ad
1190 3539 1326 3602 disemon
1350 3537 1450 3602 thesio
1474 3541 1632 3621 accipitur,
1657 3539 1686 3600 id
1702 3568 1729 3607 ιο

371 3657 417 3710 εει
439 3654 501 3708 tres
525 3653 626 3726 partes
650 3645 679 3706 iu
703 3641 871 3706 sublatione
888 3641 1018 3713 babens,
1043 3643 1116 3706 duas
1139 3645 1169 3704 in
1192 3645 1356 3724 positione,
1380 3663 1434 3706 sen
1451 3653 1565 3706 contra.
1597 3661 1686 3726 quam

369 3767 576 3778 ---ι-

438 3817 500 3870 otu
518 3827 558 3868 est
576 3815 666 3880 ucbysi
685 3817 710 3866 A
726 3813 751 3865 Β
770 3815 795 3864 id
815 3828 854 3865 est
872 3830 887 3864 u
906 3807 1022 3881 zelotis
1049 3805 1158 3880 utico
1176 3816 1342 3869 Carneum-ius
1414 3818 1445 3866 10
1464 3831 1510 3882 por
1528 3829 1553 3866 et
1571 3816 1687 3879 oequnlis

370 3889 469 3940 Caesar
487 3902 549 3938 ntus.
563 3886 670 3937 rbeuou.
683 3901 706 3939 o.
724 3883 765 3934 Vl
783 3900 808 3934 a.
828 3887 896 3936 1845*
913 3901 942 3949 p.
961 3887 1011 3935 158
1031 3885 1119 3951 parilis
1139 3897 1163 3934 et
1181 3884 1296 3948 aequalis
1315 3885 1467 3937 llt'ttcbeiius
1481 3883 1515 3936 ib.
1589 3888 1618 3962 ll
1638 3881 1686 3950 itu]

368 3959 436 4008 idem
456 3954 546 4012 ΑΒς
616 3965 641 4004 et
653 3969 686 4003 un
698 3965 840 4020 uuupuesto
858 3969 929 4006 corr.
948 3965 973 4004 et
991 3955 1015 4003 iu
1035 3967 1178 4075 onoguesm
1197 3955 1222 4004 Α
1295 3955 1326 4005 lll
1344 3956 1468 4004 tutionem
1488 3951 1687 4020 l'oovloyovs

370 4027 495 4077 rationem
519 4019 710 4076 (ΟΝΛΟΓΟΝ
736 4022 761 4072 Β
789 4025 914 4074 rationem
938 4018 1083 4075 (ΟΝΛΟΤ
1112 4021 1133 4074 Ν
1160 4023 1184 4073 Α
1272 4023 1340 4074 idern
1359 4027 1436 4074 etiam
1455 4025 1480 4073 iu
1500 4021 1591 4078 ΑΒς
1618 4022 1686 4072 idem

271 4093 274 4098 ’
369 4097 445 4147 etium
465 4095 491 4144 ln
509 4093 617 4160 dipodin
636 4091 665 4141 lit
682 4091 749 4141 luctu
763 4093 947 4159 coniugatione
967 4117 1000 4127 -
1017 4093 1186 4158 inpositione
1206 4087 1285 4159 [idem
1298 4092 1369 4160 apud
1382 4093 1495 4144 Gruecos
1508 4081 1688 4157 icdppudpop

368 4164 395 4216 id
414 4175 454 4214 est
472 4163 587 4225 aeqrrebs
606 4155 712 4227 dicitur]
736 4160 868 4227 Berplcius
889 4165 915 4212 iu
938 4165 1146 4212 commentatione
1166 4163 1314 4214 academico
1336 4161 1452 4225 beneficit·
1472 4159 1689 4226 Mcrperperinut'

368 4237 424 4298 iope
442 4233 513 4284 edita
533 4231 595 4282 Hal.
614 4245 640 4280 a.
661 4232 730 4280 1863
748 4233 812 4296 yut
895 4233 926 4282 13
945 4231 1103 4297 antispastum
1122 4229 1184 4280 AB
1267 4234 1299 4282 15
1321 4231 1392 4296 apud
1411 4242 1519 4294 graecos
1537 4228 1655 4294 ueqtralis
1675 4235 1688 4280 't

370 4297 567 4356 (OPYOMOC
591 4299 600 4362 l
607 4299 723 4361 aequalis
748 4294 945 4353 (ΟΡΥΘΜΟΕ
964 4297 1002 4364 Β)
1030 4299 1124 4350 dicitur
1146 4299 1208 4350 ΑΒ
1230 4301 1301 4366 opud
1323 4299 1435 4350 Graecos
1459 4297 1576 4362 aequalis
1599 4297 1626 4347 id
1647 4309 1687 4348 est

370 4361 530 4437 ioo'podpoc
548 4370 677 4422 dicitius
749 4370 781 4419 to
799 4367 914 4420 substitit
931 4385 983 4432 nuu
1001 4369 1131 4420 trochaice
1149 4379 1174 4418 ει
1193 4379 1301 4432 utreque
1319 4369 1404 4420 ionico
1421 4379 1590 4417 monosemos
1609 4367 1686 4416 nnius

369 4441 437 4490 enlm
456 4441 581 4522 temporis
599 4437 687 4556 εεείεΒ
688 4438 713 4488 Α
724 4435 749 4486 B
761 4449 779 4493 ς
796 4438 924 4520 subsistit,
946 4451 999 4502 quo
1016 4450 1042 4520 ει
1059 4437 1191 4488 trocltuicu
1209 4449 1235 4488 ει
1253 4447 1361 4500 utraque
1379 4437 1464 4486 ionice
1482 4447 1577 4486 metro:
1596 4449 1687 4518 morto-

369 4505 1064 4642 stituit?itctttbltbuttitt
1079 4505 1687 4640 ”'⁰dliiil'i‘idbddwlo‘ild‘l‘dif

368 4648 425 4698 lrt'ut
442 4648 543 4698 tutione
561 4649 587 4698 A
597 4643 652 4700 Bc
721 4646 753 4696 tt
773 4656 798 4695 et
816 4645 841 4694 iu
859 4645 925 4695 ditus
943 4646 1039 4697 desiuit
1056 4647 1149 4696 breues
1168 4645 1190 4695 Β
1207 4646 1296 4701 Vols
1314 4655 1339 4694 et
1357 4645 1383 4694 in
1402 4643 1467 4693 duas
1482 4641 1576 4710 lppgus
1590 4641 1687 4694 desinit

370 4719 459 4766 tueues
479 4718 504 4768 Α
575 4716 608 4766 22
627 4714 674 4764 erit
691 4713 778 4776 ituquc
791 4715 855 4764 iuter
869 4715 917 4765 ltus
934 4717 1049 4766 disemos
1063 4717 1096 4766 ud
1113 4725 1267 4766 teunsom0u
1286 4714 1353 4764 orsis
1371 4711 1405 4763 ad
1425 4711 1509 4762 thesin
1528 4713 1589 4774 iyrtiu
1608 4727 1685 4763 unam

369 4799 466 4852 purtem
486 4786 512 4834 iu
531 4783 676 4836 sublatione
695 4782 771 4834 babet
789 4781 878 4840 ΑΒς
898 4785 947 4834 erit
964 4785 1052 4847 itaque
1069 4786 1139 4835 iuter
1157 4783 1204 4836 bos
1223 4781 1295 4850 dupli
1314 4784 1390 4843 ratio,
1409 4781 1470 4844 quin
1489 4795 1565 4832 tinum
1586 4794 1685 4847 portam

369 4857 394 4904 iu
408 4852 554 4904 sublatione
567 4853 661 4903 bubeut
673 4851 803 4917 Berplrt'ur
873 4853 906 4904 tt
924 4855 950 4902 in
969 4853 1065 4919 duplici
1083 4855 1183 4904 ratione
1202 4855 1227 4905 A
1239 4853 1281 4908 Βς
1351 4853 1383 4902 ‘tt
1401 4849 1524 4901 ltemioliu
1537 4851 1687 4916 subsistite

369 4922 488 4973 bemioliu
507 4923 622 4972 substitit
641 4919 702 4975 AB
771 4921 897 4988 sesquipli
916 4924 941 4973 Α
1012 4925 1046 4973 30
1063 4917 1146 4990 quod]
1166 4923 1209 4986 qui
1228 4921 1254 4974 Β
