3904 5556
632 351 711 408 aab.
733 351 844 408 GRAM.
871 352 943 406 uls.
961 353 976 404 1
1000 355 1041 418 to,
1060 357 1076 405 3
1095 379 1128 390 -
1149 355 1188 416 11,
1208 356 1224 404 0
1549 353 1591 418 43

296 465 318 506 p.
335 453 394 496 atas.
409 453 436 494 es
452 451 475 494 n.
1411 467 1433 509 p.
1447 457 1526 498 st-ss
1539 455 1564 498 o.

270 543 416 604 rationem
446 543 574 607 maxime
603 545 763 606 insumunt
791 543 928 626 paeonici
957 561 1062 608 versus
1090 551 1120 608 ot
1144 542 1277 616 bacchii,
1311 546 1350 607 ita
1380 543 1509 624 pedibus
1533 565 1592 625 per

272 654 364 710 metra
388 645 612 728 gradientibus.
645 657 678 710 ut
701 649 863 731 paeonicus
885 655 1023 710 servetur
1052 645 1218 730 rhythmus.
1264 647 1321 712 hae
1344 657 1414 711 sunt
1437 657 1500 712 tres
1521 670 1590 732 par·

273 751 407 821 titiones,
439 768 516 832 quae
539 753 712 815 continuam
736 749 996 832 rhythmopoelam
1020 752 1147 815 iaciunt.
1193 753 1390 816 Aristoxenus
1418 761 1520 816 autem
1551 756 1592 817 ait

272 873 330 916 nou
353 853 437 916 omui
460 853 549 917 modo
565 855 645 919 inter
667 875 700 918 se
723 856 887 936 composita
912 862 1049 936 tempora
1072 853 1245 936 rhythmum
1269 857 1378 920 lacera.
1411 873 1479 920 uam
1496 857 1591 922 coitus

246 966 441 1039 stamparum
465 961 635 1022 eommunis
658 965 705 1022 est
727 957 868 1042 rhythmo
892 969 922 1022 et
944 957 1142 1040 arhythmiae.
1189 958 1268 1023 rande
1290 961 1316 1022 si
1339 969 1407 1043 apte
1424 973 1592 1041 congruant

269 1061 377 1143 spatia,
401 1059 576 1143 rhythmum
599 1037 731 1134 iaciunt:
759 1063 784 1124 si
808 1071 922 1134 onuba,
946 1059 958 1146 ΙΙ
980 1060 1190 1144 arhytbmiam.
1220 1071 1253 1126 ut
1275 1062 1485 1146 intellegamus
1508 1073 1538 1128 et
1560 1067 1590 1128 ln

270 1163 332 1246 ipsa
356 1166 557 1230 concursione
579 1175 752 1250 temporum
775 1185 835 1229 non
860 1167 1029 1237 lortuitam,
1054 1165 1106 1232 sod
1131 1176 1246 1230 certam
1270 1186 1337 1232 essa
1361 1167 1559 1252 disciplinam.

814 1355 863 1420 bb
887 1357 1046 1421 PEDIBVS

355 1477 411 1542 Pes
425 1487 471 1540 εει
481 1485 584 1541 certus
596 1477 702 1540 modus
714 1477 907 1562 syllabarum,
932 1499 991 1562 qno
1007 1481 1219 1562 cognoscimus
1235 1482 1328 1542 totius
1345 1484 1432 1544 metri
1446 1485 1589 1564 speciem,

236 1581 457 1662 1⁰compositus
481 1601 517 1644 es
533 1580 704 1666 sublatione
729 1591 759 1644 et
781 1584 941 1664 positione.
974 1585 1050 1648 iluut
1073 1583 1151 1646 enim
1176 1601 1213 1646 ex
1229 1581 1352 1665 syllabis
1375 1584 1468 1666 pedes
1484 1586 1590 1650 ordlne

270 1687 546 1756 incrementorum,
570 1703 658 1765 quem
676 1686 783 1749 Graeci
799 1685 961 1768 syllabicen
979 1689 1159 1772 parauxesin
1177 1696 1298 1757 vocant;
1321 1689 1394 1751 item
1410 1697 1590 1772 temporum.

269 1807 357 1872 quem
374 1788 481 1852 Graeci
505 1788 669 1854 chronicon
686 1791 867 1871 paraenesin
892 1793 1056 1854 nominant.
1088 1789 1270 1872 syllabarum
1288 1799 1387 1854 autem
1403 1793 1589 1856 incrementa

269 1893 342 1955 liunt
365 1895 514 1976 quinque.
543 1894 719 1976 incipientia
742 1911 757 1956 a
782 1893 929 1976 disyllabo
958 1893 1114 1978 usquead
1138 1893 1372 1976 hexasyllabum.
1418 1905 1590 1980 temporum

270 2015 340 2059 vero
362 1997 549 2061 incrementa
580 2015 596 2058 a
620 1996 739 2061 duobus
767 1997 804 2060 ad
834 1997 995 2062 duodecim
1020 1997 1203 2080 procedunt.
1234 1997 1263 2060 ld
1294 2009 1340 2062 est
1368 2017 1384 2062 a
1409 1998 1524 2064 disemo
1552 2001 1589 2065 ad

234 2099 531 2172 rsduodacasemum.
577 2104 689 2164 etenim
721 2103 909 2184 cognationis
937 2087 1149 2164 et'cuiusdam
1183 2099 1218 2164 ad
1253 2111 1446 2184 augmentum
1482 2121 1590 2185 propa·

269 2200 419 2288 galdonis.
444 2221 502 2286 qua
527 2205 619 2285 pedes
641 2204 832 2289 multiplicati
855 2215 1020 2270 noscuntur
1043 2207 1103 2270 orti
1126 2225 1141 2268 a
1165 2203 1317 2285 disyllabis
1340 2215 1490 2285 qrrattuor,
1514 2210 1591 2270 ratio

269 2305 337 2372 talis
360 2317 415 2371 εει.
465 2306 580 2389 syllaba
604 2327 680 2391 quae
703 2308 739 2371 ad
764 2310 987 2372 lucrementum
1004 2309 1114 2391 pedum
1138 2309 1267 2372 adicitur
1289 2319 1340 2372 aut
1362 2308 1449 2390 longa
1474 2317 1520 2372 ost
1541 2319 1591 2372 aut

270 2409 384 2475 brevis:
409 2410 500 2476 huius
516 2411 685 2505 adiectione
706 2414 746 2474 ita
771 2431 914 2475 uumerus
930 2412 1155 2496 propagabitur.
1179 2416 1217 2476 sit
1240 2393 1412 2498 pyrrichius
1435 2433 1451 2476 ε
1475 2413 1591 2477 duabus

270 2513 425 2580 brevibus:
455 2514 538 2578 hunc
565 2515 666 2579 brevis
689 2513 878 2597 tribrachyn.
909 2513 998 2598 longa
1027 2515 1176 2599 dactylum
1205 2526 1256 2580 aut
1285 2527 1478 2599 anapaestum
1509 2517 1589 2580 iacit.

234 2619 306 2681 ttsit
328 2617 480 2702 spondeus
503 2638 520 2681 e
543 2617 661 2683 duabus
676 2619 789 2700 longis:
813 2618 893 2683 hunc
915 2618 1016 2684 brevis
1038 2618 1290 2700 palimbacchium
1315 2640 1368 2686 seu
1385 2619 1544 2684 bacchium
1560 2623 1590 2684 ln

269 2724 365 2805 prima
388 2721 461 2785 sede
485 2724 597 2802 posita,
622 2721 711 2803 ionga
734 2722 900 2787 molossum
924 2723 1033 2787 reddit
1065 2741 1125 2803 ‹yuo
1148 2741 1262 2806 genere
1285 2721 1433 2808 trisyllabi
1456 2733 1485 2788 et
1500 2733 1590 2788 tetra·

268 2823 372 2908 syllabi
395 2825 550 2906 usquead
574 2826 784 2908 hexasyllabos
806 2828 996 2892 adcrescunt.
1043 2825 1248 2892 additamento
1271 2838 1442 2911 temporum
1464 2847 1589 2912 prooes-

269 2937 385 3004 serunt,
416 2938 449 2991 ut
477 2928 591 2994 dictum
619 2939 679 3001 est,
710 2931 864 2994 adiscmo
888 2930 924 2993 ad
944 2929 1210 2995 'duodecasamum
1238 2949 1293 2994 seu
1322 2951 1339 2994 a
1371 2930 1520 2995 dichrono
1550 2931 1586 2994 ad

270 3031 561 3096 duodecacbrunum.

234 3149 258 3193 tt
326 3185 328 3192 ,
355 3137 506 3219 Σημειον
521 3149 621 3203 autem
637 3147 755 3202 veteres
770 3136 910 3222 χρόνον,
926 3138 956 3200 id
973 3147 1018 3201 est
1029 3148 1156 3220 tempus,
1172 3158 1233 3202 non
1248 3139 1379 3202 absurde
1395 3139 1538 3203 dixerunt
1554 3159 1590 3203 ex

272 3259 316 3312 εο,
331 3241 411 3320 quod
424 3243 508 3322 signa
522 3243 670 3323 quaedam
687 3253 881 3313 accentuum,
906 3261 983 3324 quac
995 3243 1102 3306 Graeci
1115 3241 1312 3330 προσῳδίας
1322 3250 1444 3316 vocant,
1467 3242 1590 3327 syllabis

272 3343 306 3405 ad
317 3343 496 3408 declaranda
519 3356 689 3429 temporum
713 3347 808 3428 spatia
824 3355 1084 3429 superponuntur,
1110 3347 1189 3410 unde
1210 3356 1346 3429 tempora
1368 3348 1454 3427 signa
1483 3347 1590 3411 Graeci

274 3446 424 3510 dixerunt.
447 3449 501 3511 sed
515 3458 545 3512 ει
556 3448 614 3514 hoc
629 3447 642 3536 ll
658 3448 725 3514 loco
736 3459 986 3532 suggerenteuou
1002 3451 1269 3532 praetermiserim,
1283 3449 1404 3514 eosdem
1418 3453 1589 3534 ligur-aspc-

273 3550 338 3615 dum
355 3551 522 3617 secundum
538 3555 630 3635 spatia
646 3561 817 3636 temporum
832 3571 885 3634 per
903 3553 1017 3616 litteras
1029 3555 1069 3617 lta
1082 3553 1269 3635 designasse,
1293 3565 1325 3618 ut
1344 3554 1443 3619 brevis
1456 3555 1588 3638 syllabae

274 3691 475 3703 -—-—--—

337 3771 353 3819 2
377 3767 425 3819 Pes
448 3781 543 3820 est·
568 3771 600 3822 10
623 3771 755 3838 positione
778 3772 857 3824 schol.
878 3771 1022 3852 Hephaest.
1048 3773 1108 3828 121
1127 3773 1152 3822 2.
1174 3771 1326 3832 tenter.
1352 3772 1470 3839 Westpd.
1492 3774 1589 3839 frupm.

274 3836 387 3891 Andros.
407 3841 465 3894 276.
479 3842 513 3890 21
531 3840 574 3891 ed.
588 3841 680 3892 Nauck
750 3843 782 3892 10
801 3839 865 3891 llunt
884 3841 951 3891 enim
971 3855 1004 3890 ex
1023 3839 1181 3907 syllabis-
1149 3843 1234 3892 -23
1252 3841 1590 3897 ‹luodecncbrouumrrhet

274 3907 412 3970 Hminem.
432 3910 491 3972 127,
510 3913 603 3976 δεᾳᾳ.
621 3911 665 3962 ed.
689 3909 809 3976 Westph.

338 4098 471 4152 lbscchii
489 4112 506 4156 5
524 4047 638 4152 bracchii
657 4099 681 4150 A
700 4099 830 4152 bsmcohii
848 4100 874 4151 B
960 4102 995 4151 ita
1014 4099 1089 4151 uobis
1109 4110 1191 4150 metra
1210 4097 1301 4155 AB5
1388 4101 1404 4152 2
1427 4099 1476 4152 has
1494 4115 1590 4160 sunt5

274 4166 331 4220 haec
349 4179 411 4220 sunt
428 4167 490 4221 AB
559 4173 576 4223 0
599 4165 785 4238 Aristoxenus]
805 4173 876 4224 εἱεοι.
897 4171 979 4222 horae
998 4168 1018 4220 Ι
1032 4185 1060 4235 p.
1079 4172 1113 4220 18
1131 4170 1171 4222 ed.
1191 4168 1271 4220 Meid.
1296 4167 1432 4220 Censorini
1449 4173 1520 4238 qued
1534 4173 1589 4236 fer·

274 4237 743 4320 wsrapm.11.2p.89ed1uha
812 4239 932 4291 dcoitns
951 4249 1074 4295 5coetus
1094 4236 1159 4290 AB
1229 4239 1326 4290 datin
1346 4240 1373 4288 1ο
1390 4255 1471 4306 murp.
1485 4241 1549 4296 add.
1564 4240 1589 4293 B

336 4309 369 4360 10
387 4307 549 4374 compositus
562 4309 589 4358 in
601 4305 747 4361 sublatione
766 4309 791 4360 A
802 4307 857 4365 B5
928 4311 959 4360 11
979 4319 1123 4374 temporum
1138 4321 1215 4371 quem
1234 4306 1261 4358 B
1278 4317 1424 4388 temporum
1438 4323 1518 4374 quam
1536 4311 1561 4362 A
1572 4323 1590 4367 5

337 4379 369 4429 1³
386 4375 599 4460 udisyliaborA
618 4377 788 4456 adisyilabos
806 4377 833 4428 B
851 4377 1028 4456 adissyilubls
1046 4375 1183 4459 5Vu1.(?)
1250 4377 1281 4429 ts
1299 4376 1338 4425 sic
1356 4375 1509 4442 pyrricbeus
1529 4379 1590 4430 AB

272 4444 528 4594 :battalia
541 4429 1590 4600 1111111111111111111111111111111111111111

274 4577 320 4648 τῆς
337 4581 450 4648 μακρᾶς
468 4598 500 4636 rs
519 4581 619 4636 aot·
587 4601 639 4652 της
661 4575 844 4650 flyuystssotc‘
829 4579 940 4655 εκοὶοτῳ
958 4581 1119 4650 προσιοῦσα
1138 4575 1193 4636 δύο
1210 4575 1306 4643 πόδας
1323 4587 1404 4636 ποιεῖ
1425 4585 1505 4638 schol.
1535 4585 1591 4638 He·

273 4651 369 4716 pbrert
386 4669 414 4720 p.
436 4655 497 4715 127,
510 4655 545 4705 22
564 4657 606 4708 ed.
631 4654 750 4722 Westph.
831 4655 865 4705 20
883 4656 920 4704 sic
938 4669 996 4722 spo
992 4654 1072 4706 »deus
1092 4657 1117 4706 A
1127 4653 1184 4710 Βς
1263 4653 1288 4704 iu
1309 4654 1392 4718 primu
1411 4654 1474 4705 sede
1492 4657 1589 4722 posita

275 4737 335 4786 quae
352 4721 389 4774 ud
404 4722 485 4772 mma
502 4721 639 4784 bacchium,
658 4739 709 4777 aon
720 4723 759 4774 od
767 4721 977 4787 palimbacchium
990 4725 1129 4788 pertineat,
1147 4728 1240 4787 postea
1253 4723 1389 4788 adscripta
1401 4738 1458 4774 erse
1470 4727 1590 4777 ridentur

336 4793 369 4842 21
388 4790 532 4842 molussum
553 4794 578 4845 A
648 4795 681 4844 22
700 4792 853 4842 stioresctmt
871 4809 919 4849 om.
935 4795 959 4844 A
974 4792 1036 4847 Bs.
1066 4801 1094 4842 et
1109 4793 1176 4856 sort
1175 4807 1226 4842 reae
1241 4793 1320 4854 plum
1338 4794 1414 4842 etium
1432 4795 1589 4846 exciderunt

337 4859 512 4910 additamento
537 4861 563 4913 B
575 4879 592 4913 ο
608 4861 699 4918 Vnd5
721 4861 870 4914 addimento
888 4863 914 4913 A
1002 4863 1036 4913 25
1060 4857 1198 4916 (ΗΜΙΟΝ
1214 4860 1276 4913 AB
1364 4863 1397 4912 25
1421 4857 1587 4916 ΕΧΡΟΝΟΝ

274 4941 338 4980 corr.
360 4925 507 4982 ΧΡΟΝΟΝ
527 4933 553 4981 A
