3858 5560
378 339 442 407 252
775 337 897 392 111111
915 335 1018 390 esset
1035 333 1293 390 1111111111

377 534 489 615 legitur
511 553 541 614 p.
565 528 639 598 258.
673 538 907 594 anacreonteum
928 539 1057 592 metrum
1081 546 1116 590 ex
1140 529 1240 590 ionico
1264 547 1279 590 a
1303 527 1417 590 maiore
1433 527 1598 592 derivatum
1616 549 1690 600 esse,

378 639 458 722 quud
483 638 603 701 Caesius
625 655 655 718 p.
679 631 741 698 261
771 653 831 696 111
855 633 1110 702 commemorarit,
1141 632 1255 694 dictum
1284 639 1329 694 est
1353 650 1377 692 1.
1401 627 1496 705 2866,
1519 633 1572 719 sed
1596 636 1635 696 ita
1661 645 1692 698 ut

378 741 415 803 ab
439 740 498 803 alio
522 748 645 802 auctore
669 748 825 821 receptum
841 757 907 800 esse
924 737 1068 806 videatur,
1092 737 1160 800 Non
1184 739 1263 800 nulli
1282 743 1397 798 metron
1411 736 1470 798 boc
1483 740 1691 818 1111111111-

377 853 450 908 runt
474 845 561 920 Orod
580 847 619 908 sit
633 853 761 924 postero
778 861 859 923 pore
882 845 1061 919 ionicorum,
1089 841 1167 914 Quos
1189 842 1295 904 dicunt
1316 832 1383 902 alred
1406 837 1559 920 μειζονος
1580 860 1691 906 vocon-

376 950 431 1010 dos
453 967 518 1029 sqq.
564 947 622 1010 alia
653 965 724 1009 vero
752 949 816 1029 ipse
839 945 1043 1008 Terentianus
1071 964 1103 1008 se
1133 945 1168 1007 iis
1196 962 1271 1027 quae
1301 941 1338 1004 ab
1368 944 1540 1024 antiquiore
1569 956 1691 1010 auctore

376 1051 542 1133 accepisset
564 1051 712 1114 addidisse
728 1050 887 1114 manifesto
909 1049 1032 1120 indicat,
1057 1067 1093 1112 ex
1116 1047 1224 1132 quibus
1246 1056 1368 1129 praeter
1390 1065 1458 1110 eum
1481 1047 1579 1112 locum
1602 1067 1690 1128 quem

376 1174 466 1236 supra
494 1157 581 1238 posui
611 1176 636 1217 11.
669 1151 751 1220 1889
778 1171 843 1237 sqq.
873 1156 905 1216 in
934 1154 1041 1236 primis
1069 1150 1265 1216 memorabile
1296 1159 1342 1213 est
1370 1149 1437 1219 hoc.
1469 1170 1494 1215 1.
1519 1149 1691 1216 teatrum

375 1258 516 1338 equidem
539 1275 666 1338 possum
694 1267 739 1321 tot
760 1262 883 1338 priscos
904 1276 991 1322 nosse
1014 1267 1132 1338 poetes,
1168 1259 1207 1320 Vt
1234 1265 1369 1320 veterum
1396 1259 1545 1335 exemptis
1572 1261 1691 1320 ooleom

376 1381 457 1442 quoe
485 1372 587 1426 trocto
610 1364 757 1441 probare.
809 1364 942 1424 Moerus
974 1364 1044 1424 item
1072 1369 1201 1440 quantos
1226 1367 1317 1440 potui
1347 1377 1530 1438 cornescere
1561 1358 1691 1424 Graios?

377 1466 510 1547 tinorum
536 1469 708 1546 praecipue
734 1464 846 1529 studiis
874 1483 928 1528 ors
954 1465 1072 1528 musico
1099 1473 1228 1528 coastat.
1276 1465 1372 1528 Neruo
1399 1473 1500 1526 tomen
1528 1467 1693 1542 recipetsi

359 1587 460 1633 ¹sunto
488 1573 630 1648 exemplo
658 1574 792 1633 novello:
820 1569 900 1632 tium
928 1579 957 1632 et
985 1573 1091 1632 mettere
1118 1574 1216 1632 nostri
1240 1577 1403 1634 servorum
1430 1578 1528 1632 metro
1550 1572 1690 1632 minores.

376 1693 446 1736 nam
475 1675 609 1754 respexit
635 1673 714 1736 baud
745 1673 836 1736 dubie
860 1693 892 1738 ea
916 1675 1046 1753 quaein
1074 1675 1134 1736 stne
1162 1673 1251 1738 huius
1274 1672 1376 1744 libelli,
1405 1670 1442 1734 de
1470 1692 1530 1756 quo
1553 1673 1690 1751 dicimus,

376 1775 516 1858 leguntur
538 1797 569 1859 p.
592 1774 666 1840 212.
1435 1787 1438 1792 ’

462 1882 578 1945 Deinde
601 1901 672 1944 vero
703 1901 737 1945 ea
760 1882 917 1965 disciplina
946 1887 1019 1947 artis
1046 1884 1076 1946 11
1100 1884 1157 1946 boc
1184 1873 1353 1962 irogureu'tu
1372 1885 1532 1957 iuvenitur,
1561 1903 1638 1967 quae
1661 1896 1691 1949 et

377 1985 413 2046 ab
437 2004 493 2049 usu
516 1985 637 2049 illorum
663 1989 939 2068 grammaticorum,
968 1990 1020 2068 qui
1049 1996 1153 2070 postea
1177 1986 1281 2050 iubam
1317 1998 1347 2050 et
1369 1987 1564 2051 Heliodorum
1594 1993 1690 2052 secuti

377 2089 413 2150 de
438 2092 541 2152 metris
563 2091 762 2172 scripserunt,
792 2089 881 2172 louge
910 2091 1028 2153 diversa
1058 2101 1088 2154 et
1115 2091 1151 2152 111
1176 2093 1274 2156 Caesii
1296 2075 1381 2155 Bassi
1410 2094 1540 2156 rationes
1568 2096 1690 2158 omnino

376 2194 599 2256 accommodata
622 2196 670 2257 sit.
701 2196 787 2258 cuius
811 2197 855 2258 rei
878 2197 1049 2277 granissiura
1066 2205 1241 2275 argumenta
1261 2205 1331 2259 sunt
1353 2215 1397 2269 ea,
1421 2216 1497 2280 quae
1513 2199 1690 2280 antiquioris

376 2297 530 2360 doetrinae
553 2300 674 2380 propria
699 2289 766 2362 es'se
788 2298 891 2362 subtili
915 2300 1116 2384 disputatione
1139 2302 1354 2364 demonstrarit
1377 2300 1580 2384 Westpbalius
1602 2303 1687 2366 llletr.

377 2419 401 2462 1.
419 2399 476 2483 lp.
494 2400 553 2463 111
571 2419 648 2484 sqq,
673 2403 752 2483 quod
776 2405 961 2484 antispastiei
985 2407 1075 2468 metri
1098 2403 1178 2468 nulla
1201 2405 1314 2468 mentio
1329 2407 1405 2468 lecta
1423 2413 1469 2468 est
1484 2406 1593 2488 (neque
1608 2409 1688 2469 enirn

376 2505 470 2566 omitti
487 2504 559 2567 illud
577 2515 706 2570 metrum
723 2511 753 2569 in
770 2508 869 2588 primo
886 2509 1018 2570 carmine
1042 2509 1156 2572 Horatii
1181 2510 1277 2592 potuit
1297 2529 1325 2591 p.
1341 2504 1414 2580 259,
1434 2504 1473 2572 15
1496 2521 1526 2572 et
1547 2507 1621 2583 268,
1639 2509 1688 2580 16,

375 2611 401 2669 si
417 2618 479 2671 tum
495 2610 650 2671 inventum
667 2611 793 2689 luisset),
819 2619 849 2674 et
872 2611 951 2693 quod
976 2612 1184 2676 antibacchius
1212 2611 1257 2690 vel
1281 2611 1495 2676 antibaccbeus
1511 2613 1621 2675 dicitur
1636 2631 1689 2694 pes

375 2712 426 2792 qui
455 2731 490 2774 ex
515 2731 573 2774 una
603 2712 685 2776 brevi
714 2712 827 2796 syllaba
856 2715 1052 2798 sequentibus
1080 2715 1177 2797 iungis
1207 2716 1324 2779 duabus
1352 2725 1469 2780 constat
1491 2737 1520 2798 p.
1541 2713 1615 2787 256,
1635 2713 1687 2779 24.
1785 2785 1788 2792 ,

374 2809 449 2886 264,
465 2811 495 2877 3.
517 2811 589 2888 211),
609 2813 662 2878 121
689 2836 755 2880 nam
773 2819 830 2881 hoc
845 2819 942 2882 sulum
958 2837 1068 2882 nomen
1085 2823 1243 2892 inuenitur,
1263 2839 1322 2882 nun
1339 2819 1575 2902 palimbacchius
1590 2841 1688 2904 neque

376 2918 526 2981 bacchius.
565 2919 670 2981 eodem
688 2922 882 2986 referendum
905 2935 959 2995 est,
983 2924 1062 3007 quud
1088 2925 1124 2987 de
1148 2928 1292 3006 paeonico
1317 2944 1404 2988 versu
1428 2925 1583 3007 quadrato,
1608 2927 1688 3007 quod

374 3041 468 3102 genus
491 3021 669 3086 Heliodorus
700 3035 728 3087 et
752 3025 833 3097 lube,
864 3047 938 3110 quos
960 3029 1071 3091 ilarius
1095 3029 1264 3090 Victorinus
1291 3047 1319 3108 p.
1345 3025 1455 3099 96,10
1483 3039 1603 3092 secutus
1632 3039 1686 3099 eat,
1731 3055 1734 3062 ·

375 3146 391 3187 e
408 3127 512 3189 metris
528 3138 700 3209 exemptum
716 3149 772 3212 pro
788 3131 928 3213 rbytltmo
945 3131 1050 3194 baberi
1066 3131 1232 3202 1111111111,
1257 3133 1379 3195 Caesius
1399 3152 1429 3214 p.
1445 3129 1519 3202 264,
1535 3128 1575 3194 21
1601 3152 1686 3214 prae·

374 3233 455 3312 cepit
484 3231 650 3294 carendum
679 3250 745 3296 esse
774 3252 811 3296 ne
840 3233 998 3316 rhythmus
1027 3237 1121 3299 fieret.
1173 3234 1368 3298 memorabile
1397 3235 1433 3298 de
1463 3237 1567 3298 Caesio
1595 3237 1688 3300 basso

374 3335 576 3395 testimonium
601 3344 647 3397 est
669 3336 746 3416 apud
764 3338 947 3402 Victorinum
972 3340 1009 3402 de
1032 3339 1149 3402 hexam.
1174 3359 1202 3420 p.
1226 3337 1298 3412 209,
1323 3337 1342 3401 6
1365 3341 1554 3402 chumeter
1570 3341 1688 3405 'dicitur

374 3456 415 3498 on
438 3438 655 3502 hexametrus?
686 3441 857 3520 Vtrumque,
884 3453 917 3506 ut
934 3445 1083 3506 Errorrtter
1103 3456 1133 3505 et
1150 3445 1325 3515 Erroudrus,
1350 3462 1478 3522 quomens
1495 3464 1586 3508 entem
1609 3450 1688 3509 uenit

373 3559 414 3602 ex
432 3559 550 3617 praeco
571 3547 787 3626 enuntiatione,
812 3549 942 3608 atterum
965 3567 1006 3610 ex
1027 3551 1134 3610 totino.
1173 3553 1285 3627 quippe
1302 3550 1459 3611 Cornelios
1476 3550 1633 3627 Epicadus
1655 3553 1687 3612 in

373 3661 408 3705 eo
435 3646 523 3718 libro,
553 3665 639 3724 qoem
668 3649 705 3709 de
732 3654 836 3712 metris
860 3655 984 3730 scripsit
1014 3653 1224 3714 ‘hexameter'
1254 3655 1352 3730 irrqrrr't
1379 3653 1529 3715 ‘uorsus'.
1575 3663 1686 3717 contro

373 3766 459 3824 quem
483 3753 552 3811 item
576 3751 697 3814 Ceresius
721 3752 845 3824 nosses,
875 3759 922 3817 111
944 3759 1048 3819 doetus
1071 3767 1161 3833 otpue
1183 3759 1330 3833 erudies,
1355 3759 1391 3818 in
1414 3757 1492 3818 libro
1520 3759 1559 3818 de
1585 3761 1688 3820 metris

373 3854 538 3916 ‘iambicus
553 3857 724 3917 trimetrtts’
748 3859 801 3917 ott,
842 3858 970 3922 eundem
995 3878 1081 3920 usu1n
1098 3870 1196 3921 atttem
1214 3859 1262 3922 tue
1279 3861 1410 3940 scriptor
1431 3867 1604 3923 constanter
1622 3879 1685 3924 ser·

373 3955 459 4026 11111,
485 3959 535 4036 qui
553 3960 736 4020 nominativo
752 3979 824 4022 uasu
841 3962 913 4025 dixit
935 3982 962 4043 p.
979 3958 1052 4030 256.
1072 3960 1111 4024 12
1126 3965 1237 4025 berous
1251 3965 1447 4026 hexametrus
1463 3973 1492 4025 et
1507 3981 1536 4042 p.
1555 3961 1627 4034 269,
1646 3963 1685 4028 18

372 4061 864 4149 11111111111111111,1125623
876 4076 1097 4144 pentametros,
1116 4087 1144 4148 p.
1161 4063 1233 4133 269.
1250 4064 1286 4136 3;
1303 4062 1323 4130 9
1338 4071 1502 4129 1111111111.
1527 4077 1684 4147 praeterea

372 4162 440 4225 addi
463 4174 603 4246 poterant
626 4167 680 4229 alia
705 4169 867 4252 complura,
896 4189 973 4251 quae
996 4173 1132 4251 quamtis
1155 4189 1214 4233 nou
1238 4172 1328 4233 certis
1350 4171 1478 4241 indiciis,
1502 4171 1578 4233 sicut
1601 4166 1684 4244 lraee,

372 4267 408 4328 ad
433 4268 569 4331 Caesium
594 4270 774 4346 referantur,
805 4283 904 4336 tamen
935 4272 1133 4354 probabiliter
1157 4275 1252 4337 eidem
1275 4271 1458 4345 tribuuntur,
1488 4275 1577 4337 veluti
1605 4276 1685 4356 quod

373 4370 558 4452 pyrrichium
576 4372 682 4454 pedem
701 4379 751 4455 qui
762 4377 848 4457 vulgo
865 4376 976 4440 dicitur
992 4380 1141 4441 constanti
1157 4397 1211 4441 usu
1225 4379 1419 4457 pertransirem
1436 4377 1510 4438 dixit
1524 4397 1552 4458 p.
1566 4374 1638 4448 255,
1651 4375 1682 4440 2.

371 4471 444 4546 262,
461 4472 513 4538 24.
529 4473 603 4548 264,
619 4475 671 4540 21.
689 4477 762 4551 265,
779 4479 800 4541 4
816 4491 846 4543 et
862 4490 1081 4561 pentametrum
1099 4482 1274 4562 elegiacum,
1297 4481 1437 4543 nimirum
1455 4483 1523 4562 quia
1541 4501 1577 4543 ex
1594 4481 1684 4544 hesa-

374 4588 471 4642 metro
494 4579 587 4642 heroo
611 4601 730 4646 versum
755 4583 883 4647 deriuari
908 4583 1033 4655 volebat.
1058 4589 1183 4648 bornum
1202 4593 1426 4666 pentametram
1450 4605 1478 4664 p.
1501 4580 1573 4655 264,
1591 4581 1625 4654 8;
1645 4585 1679 4648 11

373 4691 402 4743 et
420 4678 492 4752 268,
513 4681 562 4746 14.
598 4686 649 4748 sed
668 4689 702 4749 iis
722 4705 797 4767 quae
820 4689 881 4752 dixi
897 4692 969 4752 satis
984 4689 1165 4772 explicatum
1182 4710 1248 4752 esse
1265 4689 1367 4759 credo,
1392 4707 1445 4750 cur
1461 4687 1517 4748 boo
1534 4689 1684 4768 fragmen·

319 4807 326 4824 ·
373 4793 445 4856 tum,
462 4806 522 4868 quo
538 4789 629 4852 uudta
647 4811 681 4852 ex
699 4793 906 4872 antiquissima
931 4804 958 4855 et
982 4797 1239 4875 praestantissima
1262 4793 1397 4855 doctrina
1421 4793 1512 4870 petita
1536 4794 1685 4856 contineri

301 4963 303 4968 Ι
373 4888 442 4952 utin
468 4890 649 4955 intellectum
674 4905 745 4966 erat,
771 4898 974 4977 antiquissimo
998 4899 1137 4978 scriptori
1161 4895 1353 4958 tribuendum
1378 4899 1557 4976 putaverim.
