3888 5550
850 423 898 473 DE
921 424 1053 474 METRIS

289 525 311 563 p.
324 513 383 554 aaut.
397 510 424 552 ab
438 509 462 552 P.

545 609 574 662 et
598 600 699 681 pierres
722 599 836 664 similes
859 603 901 664 sio
925 602 1143 682 conscripsisse
1166 599 1316 664 Catullum

479 707 667 768 eroosoimus.
714 703 911 787 usqueadeo
935 705 992 768 hoe
1016 725 1112 786 genus
1135 704 1182 767 tex
1207 705 1329 768 beroien
1355 704 1450 786 pellit,

544 818 577 870 ut
599 809 637 871 sit
660 819 788 886 utraque
811 809 910 888 portio
934 818 1038 891 coepta
1063 829 1154 892 saepe
1179 810 1348 872 trochaeis:

545 930 613 974 nam
637 911 810 975 discrimine
834 911 917 974 nulio
941 915 1026 993 ponit
1049 913 1129 975 hune
1153 913 1199 976 vei
1223 910 1368 976 iambum.

545 1035 601 1078 neo
625 1014 777 1079 mirabere
799 1013 931 1098 syilabae
955 1017 1043 1078 tinem
1068 1025 1217 1079 commate
1240 1019 1348 1097 primo.

520 1130 698 1202 ·tamquam
723 1119 760 1181 de
783 1117 860 1201 pede
884 1117 1001 1198 dactylo
1025 1121 1076 1181 dat
1099 1122 1184 1182 tertia
1210 1117 1308 1200 ionga,

480 1237 625 1286 maenam
651 1232 684 1285 te
707 1225 920 1304 praecipue
943 1223 980 1284 in
1004 1223 1092 1285 suis.
1139 1221 1207 1284 tatis
1230 1241 1334 1284 versus
1357 1233 1387 1286 et
1410 1223 1494 1294 aiter,

546 1325 811 1407 Hellespontia
836 1327 997 1388 ueteris:
1023 1344 1119 1408 aeque
1143 1335 1189 1388 est
1213 1325 1315 1389 ultima
1338 1326 1437 1408 longa.

546 1449 615 1507 nam
640 1431 709 1513 quia
732 1411 881 1493 commata
906 1429 975 1491 bina
998 1438 1085 1501 suut,
1109 1439 1234 1492 sumunt
1257 1431 1346 1494 ambo
1370 1449 1539 1510 srrpremas.

546 1552 651 1598 versus
674 1551 747 1614 ergo
771 1535 907 1615 magistri
930 1541 1037 1595 rorant
1060 1533 1115 1596 hos
1138 1535 1289 1616 priapeos.
1345 1535 1347 1538 ’

547 1648 578 1701 et
600 1637 682 1702 Maro
705 1638 756 1701 dat
779 1638 868 1708 taies;
894 1639 946 1700 sed
971 1640 1039 1719 quia
1063 1637 1214 1701 distinctio
1237 1636 1327 1701 rerba

481 1757 534 1799 arro
547 1743 690 1806 dissociat
712 1745 842 1806 necuere
865 1741 953 1805 aliter
976 1759 1030 1803 neo
1055 1742 1192 1823 partibus
1216 1744 1320 1825 aequis

547 1846 690 1928 distingui
713 1849 826 1928 patitur
850 1845 959 1927 pedes,
985 1845 1088 1926 elingit
1110 1864 1203 1908 sonus
1225 1863 1340 1913 aurem.

547 1949 700 2013 ‘fronde
724 1969 840 2032 super
863 1949 982 2011 viridi
1007 1959 1093 2012 sunt
1116 1948 1227 2012 nobis
1250 1949 1355 2012 mitia
1380 1969 1501 2032 poma,

548 2065 749 2118 castaneae
773 2050 906 2116 molles
930 2064 967 2115 et
988 2054 1112 2132 pressi
1136 2055 1245 2132 eopia
1270 2052 1420 2116 iaetis’:

548 2158 748 2223 ‘turbabat
771 2155 892 2229 eaelo,
917 2175 1015 2220 nnnc
1039 2166 1166 2219 terras
1189 2155 1323 2218 ordine
1347 2157 1458 2238 longo

482 2273 612 2326 manant
635 2280 773 2345 capere
797 2269 859 2323 aut
882 2268 1011 2342 captas
1034 2261 1105 2322 iam
1129 2261 1353 2341 despectare
1377 2259 1583 2324 ridentur’.

547 2369 572 2430 si
596 2367 748 2430 distinctio
772 2374 893 2448 separet
915 2364 1029 2428 nobis
1054 2366 1157 2428 mitia
1182 2381 1308 2445 poma,

548 2471 678 2554 pressi
700 2471 814 2551 eopia
838 2469 969 2540 laetis,
993 2477 1122 2530 terras
1144 2467 1278 2530 ordine
1302 2467 1430 2549 longo,

549 2575 773 2654 despectare
796 2573 988 2644 videntur,
1014 2573 1087 2635 fient
1110 2573 1152 2634 sio
1176 2581 1362 2645 resonantes,

548 2688 581 2740 nt
603 2697 708 2741 versus
731 2687 818 2740 sonat
841 2678 931 2746 alter,
955 2695 1044 2758 quem
1068 2677 1220 2739 distinctio
1245 2677 1346 2747 nudat,

483 2785 627 2846 uso‘oui
651 2801 724 2845 non
747 2783 875 2844 dietus
899 2779 1010 2862 Hylas
1032 2799 1126 2861 puer
1150 2788 1185 2842 et
1207 2779 1367 2842 Latonia
1391 2777 1530 2842 Delos’.

547 2887 641 2970 siquis
664 2887 714 2948 hio
737 2903 858 2968 quoque
881 2882 973 2947 findat
996 2885 1092 2964 prima
1115 2886 1272 2946 commatis
1295 2888 1398 2954 instar,

549 3010 585 3053 ex
609 3009 670 3053 uno
694 2989 911 3060 choriambico,

547 3095 584 3159 de
608 3113 668 3177 quo
691 3093 820 3156 disserui
843 3092 941 3164 modo,

547 3217 653 3262 versus
675 3206 755 3260 stare
778 3196 936 3266 videbitur,

483 3303 607 3364 nasoni
631 3320 701 3365 non
725 3301 852 3364 dietus
875 3301 988 3382 Hylas
1012 3319 1122 3381 puer,

548 3405 686 3468 Thebis
710 3405 804 3469 laeta
829 3405 909 3468 dies
931 3406 1050 3474 adest,

548 3529 697 3573 carmen
722 3505 903 3572 Pierides
926 3507 1078 3570 dabunt.

549 3634 642 3695 usque
666 3625 764 3677 autem
788 3613 848 3675 dno
872 3623 1019 3674 commata

547 3721 647 3800 possis
669 3718 795 3780 credere
819 3719 942 3786 rectius,

483 3837 535 3878 ereo
549 3821 623 3884 haee
647 3823 710 3904 ipsa
734 3832 767 3884 ut
790 3821 891 3882 videas
914 3822 978 3882 dari

549 3944 608 3988 non
634 3925 691 3988 boo
714 3944 774 4007 quo
798 3925 887 3988 modo
910 3933 979 3986 sunt
1002 3927 1072 3994 situ,

549 4047 633 4092 versa
656 4028 708 4090 sed
733 4032 797 4091 rice
820 4029 955 4108 pristina.

548 4153 677 4216 natuque
700 4133 747 4194 bis
770 4133 968 4195 commatibus
992 4131 1114 4194 Flaccus
1138 4130 1279 4194 Horatius

549 4247 677 4300 metrum
702 4237 885 4319 oourposnit;
909 4235 963 4298 sod
987 4235 1210 4298 choriambieos

357 4467 529 4519 stes-2818
549 4465 622 4517 Cerea.
643 4463 722 4515 Bura.
743 4463 802 4524 267,
822 4465 953 4524 24-268,
972 4463 988 4512 d
1008 4459 1078 4513 dier.
1102 4461 1202 4514 Victor.
1223 4464 1280 4520 idi,
1302 4463 1431 4526 28-165,
1453 4462 1486 4512 16

357 4641 425 4694 etus
444 4653 468 4691 et
486 4637 573 4707 plures
593 4638 691 4689 sirniies
706 4637 808 4688 lieizina
828 4636 856 4686 iit
876 4637 973 4687 similes
993 4636 1081 4703 piures
1097 4635 1126 4685 M
1196 4636 1262 4684 ‘aidi
1282 4644 1374 4701 caeptn
1391 4635 1422 4685 M
1490 4635 1557 4685 tart
1571 4635 1610 4686 ei·

288 4727 356 4794 fugit
373 4725 646 4778 sonnsLnelnnnnnur
659 4739 740 4776 sonus
760 4721 850 4788 effregit
865 4722 893 4771 M
964 4724 1031 4772 ‘etta
1054 4723 1133 4787 Vere.
1146 4720 1226 4772 bucol.
1248 4722 1272 4782 1,
1285 4723 1318 4770 51
1331 4738 1370 4786 arr.
1441 4723 1509 4772 ‘diii
1526 4721 1606 4786 Varo.

289 4815 356 4864 Aen.
380 4813 396 4864 1
420 4817 473 4865 395
494 4828 534 4881 aq.
604 4813 673 4864 2780
701 4809 778 4876 Vere.
806 4825 896 4875 yeorq.
924 4807 975 4858 III
997 4813 1013 4858 d
1082 4809 1148 4858 ‘rtet
1173 4807 1213 4856 irio
1238 4823 1341 4871 quoqne
1366 4807 1546 4858 Larlnnunrrna
1570 4809 1609 4856 sic

288 4913 392 4964 qnoque
411 4901 444 4951 M
470 4895 475 4904 ’
511 4901 620 4966 prirnnrn
647 4899 804 4948 Briarneus:
828 4897 863 4958 rs.
890 4896 960 4946 Mur.
990 4895 1089 4972 i'irtor.
1112 4913 1139 4960 ρ.
1161 4897 1218 4956 ror,
1237 4896 1270 4944 29
1341 4893 1409 4943 urs-2
1427 4901 1452 4942 rt
1471 4894 1539 4945 ‘2783
1557 4911 1607 4946 unu

289 5001 362 5050 aaran
382 4987 532 5038 coniunctos
549 4986 625 5037 debet
645 4986 681 5042 M.
701 4987 832 5038 divisore
902 4985 967 5034 ‘2791
989 4997 1040 5044 qno
1062 4981 1138 5031 rrrodo
1158 4995 1174 5036 ς
1193 4980 1324 5044 quomodo
1347 4980 1375 5030 M
