3906 5564
366 362 407 429 98
866 365 974 418 blARII
990 363 1181 418 VICTORINI

392 478 414 520 p.
427 467 486 511 asae.
500 469 526 509 aa
541 466 563 511 ε.
1494 481 1515 523 μ.
1530 471 1619 512 tas-sa
1632 469 1658 512 ε.

367 557 514 628 atrides,
539 577 574 618 ex
598 575 712 637 paeone
732 559 847 636 primo,
873 555 979 620 ultimo
1002 557 1222 637 amphimacro.
1252 557 1376 640 syllabis
1405 558 1526 640 quidem
1557 561 1683 628 minore.

366 669 536 742 temporum
562 671 659 722 tannen
685 661 820 725 totidem.
845 659 924 722 irride
949 669 978 722 et
1001 659 1194 724 catalecticus
1218 660 1351 730 ridetur,
1376 662 1464 723 veluti

657 763 707 824 sic·
723 762 842 826 Tiberis
865 762 1045 844 implacidus
1069 767 1099 826 iu
1124 766 1217 824 maria
1242 761 1365 832 labitur.
1389 762 1400 848 fl

364 868 437 930 item

737 971 858 1050 egregia
882 971 1030 1052 percoluit
1052 973 1171 1052 ingenia
1196 974 1317 1034 musice.
1699 987 1713 1028 ε

366 1078 476 1152 recipit
496 1075 585 1136 etiam
615 1092 683 1136 cum
708 1073 866 1155 pariambo
890 1074 1062 1152 tribrachyn
1080 1091 1243 1148 conexam,
1266 1077 1363 1137 idest
1384 1076 1514 1138 solutum
1529 1078 1558 1138 in
1577 1077 1684 1137 breves

367 1177 615 1259 amphimacrum,
640 1185 790 1259 tamquam
815 1179 922 1238 ‘modo
947 1179 1074 1248 retulit’.
1099 1168 1369 1260 εΡΙιίΙεμοΙειεεεὶ
1403 1179 1481 1258 quod
1498 1189 1598 1240 autem
1617 1189 1683 1260 prust

366 1293 428 1343 tres
452 1280 593 1342 bacchios
616 1291 769 1361 postremo
793 1298 907 1361 paenae
926 1282 1129 1352 concluditur,
1155 1293 1284 1344 metrum
1303 1282 1487 1344 bassaricum
1504 1281 1685 1363 appellatur,

367 1394 399 1446 ut
422 1394 467 1446 est

659 1487 696 1550 ab
720 1507 793 1550 euro
816 1485 958 1551 sonorum
983 1492 1051 1569 quis
1073 1491 1185 1552 Aetnae
1207 1509 1263 1571 per
1291 1492 1393 1553 maria.
1701 1503 1727 1544 1⁰

367 1590 396 1653 id
422 1609 502 1661 cero,
526 1592 605 1674 quod
631 1591 728 1655 tribus
744 1591 996 1670 praecedentibus
1019 1595 1139 1655 creticis
1162 1591 1294 1656 diiambo
1318 1592 1483 1663 clauditur,
1508 1593 1558 1654 liet
1582 1589 1686 1672 ruptii-

368 1713 434 1755 mus
457 1713 645 1760 concurrens
667 1715 703 1758 ex
726 1694 845 1758 ‹lttobus
867 1695 1080 1778 amphimacris
1109 1706 1139 1758 et
1167 1696 1320 1759 trochaico
1350 1696 1479 1760 dimetro
1501 1693 1686 1766 catalectico,

367 1798 446 1878 quod
470 1799 642 1880 euripidion
667 1799 854 1870 nominatur,
878 1807 1031 1878 tamquam

710 1921 802 1964 attreo
827 1901 884 1964 sub
908 1910 974 1964 toro
998 1901 1076 1964 tollit
1098 1903 1231 1966 aemulas
1254 1904 1344 1970 laces.

367 2023 437 2068 nam
460 2006 555 2068 lernae
579 2006 700 2086 tragicis
722 2005 907 2069 carminibus
931 2005 1089 2067 bacchiaca
1113 2007 1290 2088 compositio
1313 2006 1466 2070 familiaris
1489 2018 1545 2068 est.
1703 2021 1728 2060 1⁵

684 2271 687 2280 '
740 2264 789 2326 DE
812 2263 945 2328 metuo
968 2213 1310 2328 Puucuaevtmttuo

455 2417 633 2500 Ambigitur
656 2439 748 2501 super
771 2421 950 2482 auctoritate
973 2419 1234 2501 proceleumatici,
1265 2421 1345 2499 quod
1369 2429 1544 2482 constater
1569 2419 1687 2482 duobus

369 2523 540 2605 pyrrichiis,
564 2523 593 2584 id
616 2533 662 2585 εει
684 2533 827 2604 quattuor
850 2521 1007 2593 breuibus,
1032 2542 1068 2584 an
1092 2525 1171 2584 inter
1193 2533 1350 2607 prototypa
1368 2534 1463 2586 metm
1487 2524 1544 2586 boc
1566 2541 1686 2605 quoque

368 2626 576 2708 recipiendum
594 2612 825 2708 habendumque
848 2629 895 2698 sit,
919 2627 986 2708 quia
1011 2645 1066 2689 nec
1089 2625 1296 2698 molossicum,
1320 2629 1400 2709 quod
1417 2635 1534 2690 constat
1557 2625 1686 2688 etribus
1744 2629 1747 2636 ⁴

369 2731 480 2810 leugis,
509 2739 635 2813 propter
664 2731 784 2792 nimiam
815 2730 1044 2792 similitudinem
1074 2731 1176 2792 inulctci
1212 2738 1263 2793 aut
1286 2731 1381 2792 videri
1415 2743 1545 2793 metatam
1581 2730 1728 2811 potuita

369 2833 491 2912 quidam
508 2840 607 2896 tamen
625 2834 775 2896 decimam
800 2832 803 2916 l
830 2832 900 2896 huic
923 2835 1054 2914 speciem
1071 2843 1138 2914 post
1154 2853 1261 2896 novem
1279 2842 1436 2915 prototypa
1455 2831 1685 2915 impertiendam

370 2956 449 3006 esse,
475 2957 490 2998 e
513 2936 625 3019 quibus
647 2947 692 3000 εει
716 2948 745 2999 ει
761 2937 960 3008 Philoxenus,
985 2955 1020 2998 ex
1038 2958 1073 2999 eo
1090 2947 1283 3017 putaverunt,
1308 2937 1387 3018 quod
1404 2936 1571 2999 laconicum
1589 2936 1688 3015 longis

349 3049 554 3104 ·constantem
580 3040 752 3120 qtiirulecim
769 3038 780 3124 ΙΙ
798 3039 867 3103 lruic
883 3051 1009 3122 propter
1033 3041 1222 3102 corrtrarium
1247 3039 1433 3122 respondere
1455 3058 1544 3121 posse
1568 3041 1687 3120 corispi-

369 3153 478 3214 cereut
497 3143 559 3226 (qui
582 3153 681 3206 tamen
707 3162 765 3205 uon
789 3163 823 3205 ex
849 3143 989 3206 omnibus
1006 3142 1145 3204 molossis
1169 3146 1351 3212 conectitur:
1375 3161 1444 3206 nam
1468 3140 1618 3224 spondeos
1640 3144 1686 3204 in-

371 3249 464 3310 vicem
488 3248 618 3329 miscet),
643 3257 676 3310 ut
699 3256 744 3310 εει
1700 3271 1728 3310 ss

525 3353 576 3422 ite,
601 3371 618 3412 o
642 3351 767 3430 Spartae
791 3351 947 3431 primores,
972 3349 1071 3414 iauste
1095 3369 1174 3412 nunc
1196 3350 1220 3434 †
1243 3369 1348 3432 parcas
1372 3350 1525 3412 ducentes.

369 3457 462 3517 satius
486 3463 585 3516 tannen
609 3464 655 3515 εει
677 3454 794 3516 adnecti
818 3472 885 3514 eum
910 3453 1104 3534 copularique
1128 3456 1244 3515 comico
1267 3455 1472 3534 anapaestico,
1507 3455 1594 3514 cuius
1616 3470 1687 3531 cug-

371 3560 521 3620 natiouem
545 3561 624 3621 iutet·
647 3577 679 3618 se
703 3557 869 3619 coniunctis
885 3557 947 3618 suis
967 3556 1085 3618 ‹litabus
1101 3555 1211 3618 ultimis
1227 3555 1370 3619 bretibus
1385 3557 1582 3618 demonstrat.
1617 3573 1686 3618 naua

438 3751 454 3800 3
471 3751 510 3798 sic
527 3747 627 3798 Tiberis
644 3763 671 3813 p.
691 3749 737 3811 53,
750 3750 775 3796 9.
796 3749 903 3806 129,13
972 3746 1006 3796 22
1024 3744 1165 3796 laconicum
1184 3761 1211 3811 p.
1233 3749 1292 3810 112,
1307 3749 1339 3796 id

440 3897 680 3970 tuides]diuesB
731 3899 907 3956 minor-Abte
960 3899 1342 3966 dtametapqtipuecotitlenaA
1399 3899 1630 3956 catalectusAlis

370 3979 385 4025 3
400 3967 567 4039 implacidus]
582 3972 631 4020 lacu
648 3969 763 4036 placidus
779 3971 802 4020 A
812 3969 856 4024 Βς
909 3971 925 4020 5
944 3970 1048 4034 ingemo
1067 3985 1242 4024 mus............
1263 3971 1282 4020 it
1300 3972 1372 4022 ῦι.....
1393 3971 1526 4035 partemue
1540 3971 1616 4020 cribra
1621 4005 1687 4022 .......

369 4045 402 4092 die
415 4041 529 4093 solutum
542 4041 641 4092 lucanis
652 4041 708 4090 sine
720 4041 799 4089 litura
811 4040 909 4089 relictis
923 4039 947 4090 A
966 4039 1070 4104 iugentia
1083 4055 1215 4090 musarum
1230 4041 1288 4090 item
1303 4041 1378 4090 etiam
1391 4039 1522 4104 pariambo
1536 4040 1614 4090 tribea
1627 4039 1686 4088 dem

370 4111 483 4162 solutum
506 4114 599 4160 laeuae
621 4117 681 4174 past
703 4109 782 4158 tribea
804 4110 897 4159 relicte
915 4105 940 4156 B
967 4109 1071 4174 ingenia
1090 4109 1167 4159 ‚illisa
1185 4108 1213 4158 tit
1235 4110 1311 4158 eninm
1334 4107 1469 4157 l'aciambo
1488 4107 1578 4158 Tribra
1596 4120 1610 4155 a
1627 4107 1685 4158 deut

370 4181 519 4236 solutum5
606 4178 621 4229 ‘i
642 4177 737 4228 rettulit
755 4179 779 4229 A
796 4176 847 4232 Βς
934 4177 950 4228 8
974 4177 1133 4228 bassaricum
1153 4178 1317 4228 Comercium
1336 4177 1488 4226 bassiricum
1509 4175 1600 4232 Aea

372 4253 401 4300 ll
422 4249 527 4299 diambo
546 4245 611 4298 AB
674 4249 705 4296 12
724 4245 846 4296 catalecto
867 4243 928 4295 AB
992 4249 1022 4298 13
1040 4247 1187 4314 enaripidion
1206 4260 1223 4303 ς
1241 4247 1386 4312 scu-ipidinu
1408 4245 1468 4295 AB
1531 4247 1562 4296 17
1581 4245 1688 4307 qnodB

370 4321 414 4383 qui
435 4319 487 4374 Ας
559 4319 590 4368 19
608 4315 807 4378 habendumque
819 4316 865 4365 sit:
886 4313 991 4377 quidam
1010 4329 1102 4366 nocem
1121 4317 1268 4383 prototypis
1287 4315 1474 4365 adsociaudum
1493 4327 1589 4380 negant
1608 4329 1687 4380 prop-

372 4399 448 4450 terea,
472 4386 542 4451 quod
567 4399 708 4450 numquam
732 4401 763 4435 ex
784 4383 942 4450 pyrrhichio,
965 4385 1007 4446 qui
1027 4385 1122 4451 duplex
1142 4387 1167 4435 iu
1188 4384 1418 4452 proceleusmatico
1438 4382 1554 4448 habetur,
1578 4383 1688 4432 lornmm

371 4457 457 4519 eliqua
476 4457 501 4504 in
516 4456 603 4506 taetris
616 4456 716 4521 species
731 4453 885 4521 proiciatur,
905 4454 1009 4516 quaudo
1029 4454 1190 4505 uniformitas
1210 4454 1322 4504 otriculum
1343 4453 1458 4503 brevium
1477 4464 1584 4503 metrum
1604 4451 1689 4502 lacere

373 4541 423 4576 non
437 4525 541 4586 suflicit,
559 4539 605 4573 uec
618 4523 793 4583 melossiemn,
811 4523 880 4586 qaaed
893 4533 995 4572 consuat
1008 4537 1040 4572 cx
1053 4525 1134 4574 tribus
1148 4524 1244 4590 longis,
1258 4549 1289 4558 -
1303 4523 1345 4580 99,
1359 4525 1374 4571 3
1391 4522 1452 4570 triba
1465 4519 1601 4570 terribilem
1615 4522 1688 4570 soui-

370 4607 425 4645 tum
443 4595 569 4659 crepuita.
598 4593 676 4643 liuius
690 4609 782 4644 versus
797 4592 965 4656 longissimus
985 4594 1033 4641 erit
1052 4591 1181 4659 Berplrius
1192 4595 1218 4643 in
1233 4592 1441 4642 ccrrtnneutetione
1453 4591 1600 4640 academice
1613 4590 1689 4640 bene·

368 4666 423 4727 ficii
440 4663 695 4727 ll'alscornsdorfiuni
712 4665 768 4728 depe
786 4663 857 4712 edita
874 4661 938 4711 Hel.
955 4679 979 4709 n.
1000 4663 1066 4711 tsot
1085 4666 1143 4727 p..3
1208 4665 1239 4712 19
1263 4657 1336 4726 qnia]
1356 4659 1460 4722 quidam
1482 4657 1506 4708 B
1575 4659 1607 4709 at
1627 4673 1689 4724 post

374 4748 465 4783 nouem
483 4745 500 4788 ς
524 4731 593 4794 (praed
615 4747 707 4782 crearem
727 4733 752 4782 A
775 4732 819 4792 qiu
840 4745 931 4780 stoicem
954 4729 987 4778 B.
1015 4747 1048 4780 rea
1067 4733 1136 4794 ‹qarod
1157 4745 1248 4780 trucem
1267 4742 1328 4779 suut
1349 4729 1505 4794 prototypa?
1575 4729 1689 4778 23l1uic

372 4817 455 4869 prope
472 4803 665 4856 contrariumq
747 4796 943 4864 etq1u1quoe
966 4799 989 4847 B
1071 4799 1203 4849 molosicis
1224 4801 1246 4848 A
1265 4797 1412 4848 narolussicis
1431 4795 1486 4852 ςΒ
1572 4797 1605 4846 ‘26
1624 4799 1688 4846 iteo

373 4871 483 4936 Spartae
497 4871 661 4932 (leopardum
679 4870 713 4918 ita
733 4883 777 4918 eos
798 4883 869 4934 panae
889 4865 949 4918 AB
967 4869 1019 4916 iteo
1033 4882 1125 4934 parcae
1143 4881 1159 4924 ς
1212 4867 1312 4918 faustae
1330 4880 1346 4922 ς
1361 4868 1384 4916 A
1401 4867 1438 4916 B:
1457 4879 1524 4914 uunc
1536 4865 1621 4915 intrate
1635 4879 1689 4916 tnr-

373 4955 427 4990 mas
447 4943 568 4988 ducentes
589 4938 742 4989 Ilitscdelins
760 4953 846 5002 opusc.
865 4938 953 5002 pailet.
974 4935 990 4985 1
1007 4953 1033 5000 p.
1052 4939 1107 4987 273
1176 4938 1210 4988 ‘28
1228 4938 1253 4986 iu
1273 4951 1301 4986 se
1321 4940 1344 4986 A
1359 4936 1414 4992 Be
