3850 5560
430 393 494 460 644
536 428 539 433 ·
822 397 826 404 “
854 385 861 392 ’
967 411 1057 460 tvnn
1080 411 1209 462 savam

1573 513 1597 553 p.
1611 501 1659 545 itt.
1671 501 1712 544 im
1725 500 1751 544 ti.

304 573 308 580 ’
430 587 521 650 deum
548 617 698 659 -----
732 629 754 642 -
771 629 809 650 -.
859 585 1005 651 bacchius
1034 597 1196 669 anapaesto
1230 590 1353 652 iunctus
1385 590 1459 652 iacit
1486 593 1683 672 antispastum
1720 599 1751 652 et

429 690 565 780 iambum
589 722 608 742 s
627 731 645 744 .
662 729 682 744 .
699 723 736 762 c,
758 721 778 744 ν
794 731 829 752 ..
876 689 1019 756 bacchius
1046 692 1164 776 dactylo
1186 694 1307 756 iunctus
1336 693 1410 756 iacit
1432 694 1587 775 epitritum
1617 695 1749 775 primum

345 867 348 873 ¹
430 802 460 857 et
489 794 678 878 pyrrichium
706 825 725 846 ν
741 821 762 850 ·-
778 835 800 848 -
816 836 856 866 -,
886 827 905 848 υ
922 827 957 857 υ.
1007 793 1152 860 bacchius
1179 779 1391 878 amphibrachi
1423 797 1543 858 iunctus
1571 795 1642 861 iacit
1675 797 1749 860 auti·

429 905 563 980 spartum
587 907 617 962 et
640 897 816 962 trochaeum
839 929 859 950 ν
875 939 897 952 -
914 937 933 950 -
951 931 986 970 ν,
1009 939 1032 954 -
1047 930 1081 961 υ.
1127 896 1273 962 bacchius
1295 899 1503 983 amphimacro
1532 901 1653 964 iunctus
1678 901 1752 963 iacit

430 1002 588 1084 epitritum
618 1004 750 1084 primum
780 1009 811 1066 et
836 1001 970 1066 iambum
1000 1035 1019 1056 υ
1035 1043 1057 1056 -
1072 1043 1095 1056 -
1110 1041 1152 1081 -,
1179 1035 1199 1055 ν
1215 1041 1251 1066 -.
1297 1001 1442 1068 bacchius
1475 1002 1610 1066 bacchio
1629 1005 1778 1067 iunctusa

430 1105 502 1168 iacit
523 1107 721 1188 antispastum
745 1117 776 1168 ct
790 1105 959 1186 spondeum
982 1135 1129 1179 ννννν
1152 1147 1174 1160 -
1190 1147 1227 1170 -.
1264 1105 1410 1171 bacchius
1430 1104 1610 1170 antibaccho
1632 1107 1758 1170 iunctus¹

430 1209 503 1272 iacit
525 1205 680 1292 epitritum
704 1207 836 1291 primum
860 1217 890 1272 et
912 1209 1091 1274 trochaeum
1112 1241 1260 1283 -----
1281 1251 1305 1264 -
1321 1242 1356 1274 υ.

516 1311 561 1376 lis
583 1309 771 1376 antibacoho.
817 1312 1022 1377 antibacchus
1044 1312 1190 1376 tribrachi
1213 1315 1332 1377 iunctus
1355 1313 1429 1376 iacit
1449 1313 1582 1377 ionicum
1605 1311 1750 1378 maiorem

431 1424 462 1478 et
485 1413 674 1498 pyrrichium
696 1457 716 1468 -
732 1458 753 1469 -
771 1448 790 1468 ν
808 1447 844 1489 ν,
867 1447 886 1468 ν
904 1449 938 1478 ν.
984 1416 1183 1504 antibacchus
1206 1417 1337 1480 molosso
1360 1421 1481 1481 iunctus
1504 1419 1576 1482 iacit
1598 1421 1750 1500 epitritum

430 1521 557 1582 tertium
580 1503 612 1581 ct
633 1517 802 1600 spondeum
823 1552 973 1592 -----
996 1561 1017 1575 -
1036 1560 1072 1583 -.
1119 1518 1315 1584 antibacchus
1342 1529 1505 1602 anapaesto
1532 1523 1653 1585 iunctus
1680 1522 1751 1584 iacit
1763 1537 1789 1579 ro

430 1621 562 1685 ionicum
586 1624 732 1685 maiorem
757 1631 787 1686 et
809 1622 944 1688 iambum
967 1665 989 1680 -
1005 1666 1028 1679 -
1045 1656 1064 1677 ν
1081 1656 1118 1696 ν,
1141 1655 1160 1676 υ
1178 1662 1212 1685 -.
1259 1623 1456 1689 antibacchus
1485 1621 1603 1704 dactylo
1632 1626 1750 1686 iunctus

433 1722 504 1788 iacit
525 1727 680 1808 epitritum
704 1727 829 1790 tertium
853 1735 883 1790 et
912 1727 1098 1811 pyrrichium
1128 1768 1146 1781 -
1162 1767 1184 1782 -
1200 1759 1220 1780 ν
1236 1769 1275 1800 -,
1299 1759 1318 1780 υ
1334 1759 1368 1790 ν.
1413 1726 1612 1790 antibacchus
1637 1727 1751 1810 amphi-

430 1825 537 1890 brachi
560 1829 682 1893 iunctus
705 1830 777 1894 iacit
798 1829 930 1895 ionicum
954 1833 1100 1896 maiorem
1129 1841 1160 1895 et
1181 1831 1357 1896 trochaeum
1381 1862 1532 1904 -----
1560 1873 1581 1884 -
1597 1863 1631 1893 ν.
1651 1833 1657 1908 1
1676 1831 1752 1895 anti-

431 1929 565 1996 bacchus
588 1931 795 2015 amphimacro
819 1936 940 1998 iunctus
963 1935 1035 2000 iacit
1057 1938 1211 2018 epitritum
1240 1941 1363 2000 tertium
1392 1945 1421 1998 et
1444 1933 1579 1998 iambum
1601 1975 1624 1987 -
1641 1973 1660 1986 -
1677 1965 1697 1985 ν
1711 1977 1750 2004 -,

431 2063 451 2086 ν
468 2075 504 2096 -.
549 2035 745 2101 antibacchus
775 2036 902 2102 bacchio
931 2040 1052 2104 iunctus
1080 2040 1153 2102 iacit
1179 2041 1311 2103 ionicum
1341 2041 1487 2103 maiorem
1521 2048 1552 2100 et
1583 2036 1749 2120 spondeum
1762 2053 1787 2096 ra

600 2179 621 2194 -
637 2179 676 2204 -.
722 2139 918 2206 antibacchus
942 2141 1120 2206 andbaccho
1143 2142 1264 2207 iunctus
1288 2144 1365 2207 'iacit
1387 2145 1545 2226 epitritum
1576 2143 1696 2204 tertium
1720 2151 1750 2205 et

95 2273 101 2280 ·
161 2221 204 2254 ⁸
335 2317 337 2322 Ι
430 2241 609 2306 trochaeum
630 2274 780 2316 -----

398 2362 402 2369 ·
518 2342 747 2429 Requirendum
787 2347 875 2410 nohis
908 2356 955 2412 est
989 2351 1092 2421 edam.
1131 2366 1191 2430 quo
1228 2349 1320 2412 modo
1353 2348 1446 2432 pedes
1487 2351 1550 2411 sint
1587 2345 1749 2409 dividendi.

431 2449 566 2511 omnium
589 2450 702 2531 pedum
725 2452 803 2514 trina
827 2449 932 2514 divisio
955 2459 1010 2523 est,
1035 2461 1163 2536 excepto
1186 2452 1396 2534 amphibrachi
1417 2447 1455 2536 fet
1485 2451 1618 2534 epitrito.
1663 2451 1750 2512 unius

432 2552 513 2615 euim
536 2551 625 2635 triph
649 2551 755 2616 divisio
777 2562 835 2624 est,
859 2553 891 2618 id
914 2563 960 2619 cst
975 2554 1219 2638 amphibrachys,
1243 2558 1312 2639 quia
1334 2563 1476 2638 quattuor
1492 2563 1627 2636 tempora
1651 2551 1786 2620 habetes

430 2654 461 2716 in
491 2672 553 2718 uno
576 2665 606 2720 et
628 2655 726 2720 tribus
754 2655 900 2721 dividitur
928 2688 947 2709 ν
961 2645 1000 2723 i-'
1016 2691 1036 2712 ν
1051 2657 1056 2726 Ι
1074 2659 1077 2725 Ι
1095 2657 1126 2733 Ι;
1155 2668 1185 2722 et
1213 2659 1282 2722 ideo
1309 2659 1419 2722 dicitur
1448 2657 1553 2739 tripla,
1583 2656 1651 2738 quia
1675 2673 1749 2717 unus

349 2833 352 2838 Ι
431 2755 469 2820 ad
492 2766 554 2822 tres
577 2771 760 2843 conparatus
782 2759 888 2844 triplus
911 2772 966 2824 ast.
1014 2763 1206 2843 epitritorum
1228 2772 1328 2826 autem
1352 2779 1385 2824 rs
1409 2779 1477 2823 rem
1501 2761 1622 2841 epitrita
1646 2757 1748 2820 divisio
1849 2837 1857 2852 ι

432 2869 486 2933 est,
511 2864 580 2944 quia
604 2865 746 2944 epitritus
761 2873 878 2943 septem
902 2873 1040 2947 tempora
1056 2863 1157 2939 habat.
1180 2875 1211 2929 ct
1233 2863 1376 2928 dividitur
1399 2866 1430 2927 in
1446 2863 1544 2928 tribus
1568 2869 1750 2943 etquattuor

430 2963 716 3033 ν-ΙΙΙ--ΙΙΙε
743 2974 885 3046 quattuor
908 2970 989 3031 enim
1013 2969 1099 3032 inae
1122 2976 1184 3032 tres
1209 2965 1374 3050 [continet]
1404 2966 1495 3030 hahet
1519 2975 1549 3029 et
1571 2985 1674 3034 unum,
1697 2967 1748 3046 qui
1828 3005 1831 3014 ·

430 3069 523 3132 trium
546 3071 634 3133 tertia
656 3087 728 3153 pars
750 3077 805 3134 est.
850 3088 927 3154 quos
948 3079 1074 3155 propter
1097 3071 1155 3135 hoc
1178 3070 1312 3135 Donatus
1336 3073 1469 3152 excepit,
1498 3071 1567 3152 quia
1590 3071 1622 3132 iu
1645 3069 1784 3132 matrisas

432 3170 554 3236 diiiiciia
576 3180 720 3254 poterunt
742 3173 884 3237 inveniri.

518 3275 619 3340 Prima
643 3293 718 3358 ergo
740 3276 847 3340 divisio
871 3285 917 3340 cst
939 3276 1164 3360 disyllaborum,
1188 3293 1266 3358 quac
1289 3279 1319 3340 in
1343 3279 1450 3360 aequis
1465 3274 1653 3358 temporibus
1675 3275 1748 3338 diri·

433 3377 524 3451 ditur,
556 3395 632 3458 quae
656 3381 744 3442 etiam
769 3379 914 3462 dactylica
938 3391 1146 3462 nuncupatur,
1169 3381 1200 3443 id
1222 3388 1270 3443 ast
1291 3381 1477 3464 pyrrichius,
1502 3380 1553 3461 qui
1577 3389 1750 3441 constater

431 3482 516 3545 brari
539 3491 568 3546 st
591 3481 685 3556 brevi,
715 3481 807 3547 hahet
834 3493 972 3567 tempora
996 3483 1072 3556 duo,
1102 3484 1248 3548 dividitur
1275 3485 1316 3546 ita
1339 3481 1374 3550 νΙ
1392 3515 1411 3536 ν
1426 3483 1455 3548 Ι.
1501 3481 1670 3565 spondeus,
1699 3483 1749 3562 qui

431 3595 551 3651 constat
578 3606 615 3651 ex
644 3587 759 3652 duabus
788 3587 900 3669 longis,
937 3597 1109 3671 temporum
1139 3597 1298 3671 quattuor.
1333 3585 1477 3651 dividitur
1509 3589 1550 3648 ita
1578 3581 1680 3649 -ΙΙ-
1699 3579 1786 3648 ΙΙ.»

350 3771 353 3776 ¹
432 3689 578 3774 dactylus,
603 3693 654 3772 qui
670 3699 789 3756 constat
804 3711 841 3756 ex
856 3691 945 3773 ionga
962 3703 992 3756 et
1007 3693 1126 3758 duabus
1141 3691 1296 3764 brevibus,
1321 3691 1466 3756 dividitur
1484 3693 1526 3754 ita
1543 3729 1565 3742 -
1580 3687 1585 3752 Ι
1602 3685 1606 3752 Ι
1625 3675 1648 3738 5
1661 3719 1680 3739 ν
1699 3689 1702 3750 ἰ
1719 3682 1725 3752 Ι
1740 3729 1749 3747 .

432 3805 630 3878 anapaestus,
667 3797 719 3877 qui
746 3805 864 3860 constat
884 3815 930 3886 ‘ex
960 3795 1079 3859 duabus
1113 3795 1258 3860 brevibus
1288 3805 1317 3858 et
1339 3794 1455 3875 'ionga
1491 3792 1582 3855 habet
1616 3801 1750 3872 tempora

431 3909 586 3984 quattuor,
610 3899 754 3964 diuiditur
777 3901 817 3963 ita
841 3931 860 3951 ν
877 3897 916 3964 νΙ
934 3895 938 3964 Ι
957 3940 979 3953 -
998 3899 1001 3964 Ι
1019 3897 1048 3964 Ι.
1095 3896 1289 3981 dispondius,
1318 3899 1371 3978 qui
1398 3904 1517 3960 constat
1545 3915 1580 3957 ex
1611 3901 1751 3975 quattuor

432 4001 540 4084 longia,
565 4001 655 4066 habat
678 4012 812 4085 tempora
837 4011 915 4070 octo.
939 4000 1083 4066 dividitur
1105 4004 1147 4064 ita
1167 4044 1190 4058 -
1207 3998 1247 4068 -Ι
1265 4000 1268 4064 Ι
1286 3999 1290 4067 Ι
1308 3999 1311 4066 Ι
1330 4043 1352 4058 ·-
1368 3999 1408 4066 -Ι
1427 4011 1430 4050 ³
1447 3999 1451 4065 Ι
1469 3999 1492 4064 Ι.
1542 3996 1749 4080 proceleuma-

306 4115 311 4122 “
432 4107 520 4178 ticus.
544 4107 595 4188 qui
618 4113 794 4168 constater
818 4113 962 4186 quattuor
985 4104 1139 4177 brevibus,
1163 4104 1257 4168 habet
1272 4114 1408 4185 tempora
1430 4111 1581 4185 quattuor,
1605 4101 1785 4164 dividitursa
1851 4095 1856 4102 “

432 4209 472 4270 ita
494 4241 514 4262 υ
530 4205 569 4274 νΙ
587 4205 591 4271 Ι
611 4241 630 4262 ν
647 4239 666 4260 ν
686 4205 736 4276 ΙΙ.
782 4206 941 4278 diiambus,
966 4211 1019 4288 qui
1043 4216 1162 4272 constat
1183 4227 1220 4272 es
1244 4205 1362 4271 duobus
1384 4205 1504 4276 iambis,
1534 4203 1649 4268 habens
1676 4212 1749 4266 tem·

433 4329 507 4393 pora
523 4329 585 4383 sex,
611 4309 753 4374 dividitur
767 4313 807 4372 ita
830 4341 850 4361 ν
866 4306 907 4376 -Ι
924 4307 927 4376 Ι
946 4307 951 4376 Ι
965 4341 984 4362 ν
1000 4305 1042 4378 -Ι
1059 4308 1063 4376 Ι
1080 4307 1085 4374 Ι
1103 4354 1109 4370 .
1149 4311 1350 4380 ditrochaeus,
1375 4310 1426 4390 qui
1441 4315 1559 4372 constat
1582 4327 1619 4372 sa
1634 4304 1748 4370 duobus

433 4413 595 4484 trochaeis,
618 4411 711 4478 habet
734 4423 869 4494 tempora
899 4432 961 4482 sea.
991 4412 1133 4476 dividitur
1162 4415 1203 4475 ita
1225 4455 1247 4465 -
1264 4411 1302 4481 νΙ
1319 4412 1322 4478 Ι
1341 4415 1381 4478 Ι-
1397 4413 1436 4476 vi
1454 4411 1457 4476 Ι
1474 4413 1503 4477 Ι.
1547 4408 1746 4480 choriambus,

432 4522 486 4601 qui
509 4526 626 4580 coriaut
642 4537 680 4580 ex
695 4516 792 4598 ionga,
817 4517 935 4581 duabus
951 4514 1095 4579 brevibus
1110 4525 1141 4580 et
1160 4519 1258 4596 ionga,
1285 4513 1331 4599 [id
1353 4515 1412 4600 est]
1429 4515 1520 4580 habet
1535 4525 1672 4598 tempora
1686 4531 1745 4582 sea.

501 4688 674 4760 Smaiorsm]
698 4689 852 4757 primumA
940 4691 973 4741 ti
991 4699 1100 4756 exceptu
1124 4689 1268 4742 sniibraciu
1291 4699 1317 4740 et
1338 4689 1470 4757 epitritum
1494 4690 1519 4740 A
1606 4688 1641 4738 20
1661 4686 1687 4736 id
1710 4693 1748 4735 est
1819 4705 1823 4714 ⁴

433 4777 613 4828 aniibracinA
684 4777 718 4828 tt
736 4775 850 4827 continet
869 4787 893 4826 et
911 4776 989 4827 hahet
1007 4777 1185 4844 Heusinperara
1262 4777 1296 4829 iti
1314 4770 1435 4844 propter]
1454 4789 1502 4843 prc
1521 4774 1546 4826 A
1616 4764 1745 4839 Donatus]

432 4879 460 4929 p.
479 4865 542 4928 310,
563 4864 599 4913 30
685 4863 713 4914 iu
732 4871 825 4913 memes
844 4863 870 4915 A
957 4863 991 4912 tt
1009 4861 1196 4927 disyllaborum
1220 4859 1403 4928 Heusinpsras
1425 4857 1634 4925 dyssyiiaharum
1655 4858 1681 4908 A

433 4951 467 5001 titi
485 4946 579 4998 diuidit
597 4949 633 5000 ita
651 4950 677 5002 A
773 4949 807 5003 dd
824 4947 944 4999 diambus
963 4947 1008 5012 qui
1025 4957 1128 4999 constat
1146 4961 1179 4999 ex
1197 4947 1298 4999 duabus
1317 4947 1411 4998 iambis
1428 4946 1455 4997 A
