3906 5564
398 339 441 406 ei
899 340 1006 392 oanan
1027 339 1221 398 vacuorum

425 455 446 496 Ρ·
461 443 519 485 ²⁵²⁰·
534 443 560 485 ³⁰
573 442 597 488 Ρ·
1533 457 1555 499 p.
1570 445 1614 490 na.
1629 445 1654 486 ta
1669 443 1693 486 c.

398 530 528 596 iambico
559 541 655 595 metro
687 531 862 596 trochaeum
886 531 1066 606 excluserit,
1098 541 1255 617 praeterea
1284 551 1353 594 cum
1376 531 1484 596 viderit
1515 553 1551 597 ex
1581 536 1720 598 trimetro

398 635 528 700 iambico
552 636 667 700 adiecta
691 637 789 718 prima
811 637 899 716 longa
924 656 979 720 per
1002 631 1205 720 ἐπιπλονήν,
1229 637 1258 700 id
1283 644 1329 699 est
1354 635 1583 717 amplexionem,
1608 639 1644 701 de
1660 657 1720 720 qua

398 760 489 823 supra
514 740 711 812 dictumest,
736 740 921 804 trochaicum
947 761 1066 806 versum
1090 743 1242 822 integrum
1267 741 1442 824 propagari,
1467 751 1620 828 tamquam

729 853 775 907 est
797 842 878 908 celer
900 845 1042 926 phaselus
1065 845 1115 908 ille
1138 865 1228 929 qinom
1253 844 1370 910 videtis.

399 967 467 1012 narn
493 948 614 1030 dempta
643 947 754 1030 syllaba
785 951 865 1012 ‘est’
891 949 970 1012 redit
998 950 1034 1012 ad
1062 949 1206 1013 iambum.
1232 949 1235 1002 l
1262 967 1334 1031 ergo
1358 948 1451 1012 iambi
1474 950 1572 1012 locum
1602 953 1632 1012 in
1662 950 1748 1014 hoca

398 1052 559 1115 trochaeus
582 1051 726 1116 obtinuit:
752 1053 817 1135 pari
840 1055 955 1116 ratione
979 1052 1112 1118 detracta
1138 1073 1244 1118 rursus
1267 1052 1372 1116 eadem
1397 1056 1454 1116 erit
1476 1053 1631 1119 iambicus.
1665 1053 1718 1117 sed

399 1165 429 1218 et
451 1157 549 1219 omnis
573 1155 744 1220 trochaicus
767 1175 875 1238 purnS,
905 1157 935 1220 id
960 1166 1006 1221 est
1029 1176 1066 1221 ex
1089 1177 1121 1220 se
1145 1159 1345 1238 compositus,
1371 1167 1491 1240 accepta
1516 1160 1547 1220 in
1571 1159 1720 1241 principio

397 1278 504 1322 versus
528 1259 611 1324 breui
635 1261 747 1343 syllaba
772 1261 935 1324 iambicum
959 1269 1088 1325 metrum
1112 1261 1228 1326 redolet.
1267 1261 1347 1324 idem
1372 1271 1402 1324 et
1424 1261 1636 1325 translationes
1659 1259 1718 1342 syl·

397 1362 548 1434 labarum,
574 1384 641 1427 cum
666 1366 796 1427 initiales
819 1364 855 1427 ad
879 1367 969 1428 linem
987 1365 1032 1428 vel
1048 1364 1152 1429 finales
1175 1365 1211 1428 ad
1228 1367 1346 1428 initium
1362 1384 1467 1428 versus
1483 1367 1719 1434 transferuntur,

397 1467 542 1538 eihcieot,
564 1492 580 1531 a
603 1469 691 1550 longa
716 1471 746 1531 iu
772 1468 894 1530 brevem
920 1469 1042 1532 lerator.
1089 1479 1118 1532 at
1140 1468 1260 1532 iambus
1283 1471 1434 1532 contrario
1463 1471 1521 1533 situ
1546 1480 1718 1552 temporum

397 1572 520 1641 tardior.
545 1572 625 1635 erade
650 1573 678 1634 ci
702 1573 807 1642 etiam,
832 1580 865 1634 ut
887 1571 1007 1652 quidam
1030 1581 1144 1656 putant,
1170 1574 1297 1636 inditum
1314 1589 1424 1636 nomen
1448 1581 1493 1636 est
1510 1572 1610 1636 iambo
1637 1565 1719 1655 [olari
1735 1589 1761 1627 10

395 1673 458 1737 τοῦ
482 1670 581 1757 ἰέναι,
606 1675 636 1738 id
660 1677 788 1748 ascire,
813 1674 1010 1758 appellatur}
1043 1677 1172 1740 admittit
1188 1687 1217 1740 et
1233 1676 1471 1759 amphimacrum
1495 1679 1525 1738 in
1543 1677 1719 1740 catalectico

396 1797 485 1841 versu
508 1779 646 1842 ultimum
671 1789 702 1842 ct
725 1779 882 1858 dactylum
906 1777 1053 1862 [maxime
1078 1783 1108 1842 in
1133 1777 1271 1864 comicis]
1301 1761 1426 1864 propter
1455 1781 1632 1844 novissimae
1660 1780 1718 1860 syl·

395 1881 481 1970 lullae
503 1883 749 1946 indifferentiam.
796 1882 936 1947 eluendum
966 1893 1065 1947 autem
1094 1885 1123 1946 id
1148 1894 1291 1955 metrum.
1322 1885 1352 1946 id
1377 1892 1423 1947 est
1445 1903 1569 1956 scazon,
1594 1885 1632 1946 ita
1656 1885 1718 1953 liet,

395 1989 420 2048 si
444 1987 612 2068 spondeam
644 1989 673 2049 iu
703 1986 807 2050 aldrua
837 1988 958 2068 bipedia
983 2006 1088 2051 versus
1110 1987 1276 2051 catalectici
1299 1989 1466 2052 tetrametri
1490 1987 1656 2052 secuudum
1672 1985 1716 2069 lla

394 2109 536 2172 supremo
560 2089 636 2173 pede
660 2095 818 2174 posueris:
843 2109 911 2154 nam
936 2111 952 2153 e
975 2093 1127 2154 contrario
1149 2093 1180 2155 in
1197 2092 1255 2154 hoc
1279 2109 1368 2171 quam
1392 2089 1490 2153 inille
1513 2101 1602 2154 eruut
1618 2091 1715 2153 dextri
1734 2106 1759 2145 ra

397 2195 546 2268 trochaei,
576 2195 705 2268 sinistri,
735 2199 761 2258 si
785 2205 885 2258 tamen
908 2195 1086 2259 admittendi
1109 2204 1194 2267 sunt,
1219 2193 1326 2268 iambi,
1350 2195 1505 2271 dumtaxat
1527 2198 1559 2257 in
1583 2197 1716 2274 tragicis.

396 2299 504 2362 loritur
525 2318 582 2382 per
605 2297 763 2382 dipodian,
793 2308 824 2362 et
852 2301 910 2362 erit
938 2301 1111 2382 exemplum
1141 2299 1311 2363 tetrametri
1334 2297 1514 2370 catalectici,
1545 2299 1625 2379 quod
1648 2299 1715 2377 hip-

395 2414 575 2485 ponaotcum
598 2393 736 2476 vocatur,
763 2401 837 2474 tale,

634 2525 737 2580 cerae,
762 2507 878 2580 Crasse,
902 2526 999 2590 poena
1024 2516 1134 2588 quanta
1158 2508 1197 2570 sit
1220 2506 1309 2570 deum
1334 2506 1480 2588 fatiganti.

397 2609 490 2694 [non]
515 2621 595 2674 amat
617 2621 716 2673 autem
740 2609 831 2673 verba
855 2629 909 2692 per
932 2613 1065 2694 syzygias
1087 2613 1266 2674 terminare:
1296 2610 1338 2673 sic
1367 2612 1446 2673 enlm
1471 2611 1627 2675 decentior
1650 2613 1717 2674 erit.
1732 2627 1760 2667 ao

303 2711 306 2718 ’
394 2722 603 2778 tetrametrum
626 2713 918 2798 brachycatalectum
943 2715 1147 2788 trochaicum,
1178 2717 1203 2778 si
1227 2714 1263 2776 ale
1287 2713 1359 2777 solis
1388 2712 1537 2778 trochaeis
1560 2714 1716 2782 subsistat.

394 2816 429 2879 ad
456 2819 551 2880 ionica
576 2827 686 2888 uretra,
712 2837 788 2901 aynae
812 2811 880 2882 ἀπὸ
903 2819 1057 2901 μείζονος
1080 2817 1285 2902 appellantur,
1318 2821 1479 2882 transitum
1504 2816 1614 2890 laciet,
1640 2835 1717 2900 quiae

395 2921 508 2983 sotadia
533 2921 689 2993 dicuntur,
713 2929 746 2984 ut
770 2930 814 2984 est

621 3045 705 3090 arma
728 3027 780 3108 qui
803 3027 883 3107 capit
905 3025 928 3108 †
951 3025 1008 3089 sub
1032 3026 1111 3090 idem
1135 3026 1336 3108 blartiumque
1360 3035 1487 3108 tergum.

393 3149 449 3212 per
478 3130 577 3193 omuia
607 3131 688 3193 enim
717 3129 782 3192 loca
812 3129 959 3192 sotadium
990 3137 1118 3194 metrum
1149 3131 1306 3194 trochaeos
1334 3130 1465 3194 admittit
1493 3137 1524 3192 et
1550 3128 1760 3193 solutioncsss

394 3237 469 3298 eius.
515 3243 725 3297 tetrametrum
747 3241 845 3296 autern
863 3233 1084 3305 catalecticum,
1110 3231 1191 3312 (yuod
1215 3233 1431 3296 archilochium
1454 3241 1485 3296 et
1499 3233 1716 3316 epicharmium

395 3347 526 3410 vocatur,
550 3349 673 3420 practer
695 3347 796 3401 cetera
819 3337 936 3401 illustre
960 3347 1020 3410 est,
1044 3348 1147 3420 aptum
1172 3337 1286 3400 lestinis
1309 3337 1547 3401 narrationibus:
1573 3347 1618 3400 est
1635 3339 1715 3400 enim

394 3452 423 3505 et
446 3443 588 3524 agitatum
613 3453 643 3505 et
666 3440 811 3512 volubile,
836 3440 926 3504 veluti

465 3687 478 3734 1
498 3685 590 3736 viderit
610 3685 787 3736 Laclmtannua
805 3685 894 3750 praes.
913 3687 940 3734 in
961 3683 1066 3735 Terent.
1086 3683 1173 3737 itiner.
1196 3701 1225 3750 p.
1246 3681 1270 3734 Χ
1291 3683 1388 3734 uideret
1407 3685 1431 3734 A
1446 3683 1500 3740 lic
1582 3687 1599 3736 3
1622 3681 1715 3752 supra]

392 3757 478 3819 poa,
493 3759 524 3805 11
579 3755 719 3821 propagari
738 3753 763 3803 Ji
782 3754 929 3821 progariA
952 3754 1126 3820 prorogaris
1179 3754 1195 3804 8
1219 3753 1396 3803 annunciationis
1417 3752 1510 3809 Aac
1562 3756 1578 3805 9
1601 3754 1716 3804 efficiens

395 3825 473 3886 leriga
494 3827 514 3875 A
530 3822 554 3872 B
578 3823 692 3874 alliciens
712 3825 734 3874 si
752 3821 832 3888 longo
850 3834 875 3879 ς.
900 3827 977 3889 parra
989 3826 1047 3874 olba
1060 3825 1093 3874 de
1104 3826 1207 3874 ratione
1220 3825 1288 3873 inter
1300 3823 1406 3873 iamdicta
1423 3831 1449 3873 ei
1467 3823 1613 3874 trochaeum
1631 3826 1716 3874 iater-

394 3895 501 3944 e·cdente
523 3895 623 3958 scripta
644 3894 727 3956 saciare
749 3894 882 3954 uidentur,
904 3909 918 3944 e
938 3893 1026 3960 puidam
1044 3909 1066 3944 o.
1091 3891 1214 3959 longeio
1234 3893 1335 3942 brevem
1360 3891 1456 3942 feratur
1475 3895 1566 3944 relicta
1584 3901 1651 3944 aunt
1680 3893 1715 3955 cf.

393 3962 472 4014 schol.
493 3960 638 4027 Hephaest.
661 3979 686 4026 p.
707 3965 766 4023 155,
780 3963 814 4010 27
837 3958 888 4012 noel
907 3951 1060 4026 ἀντιπαθῆ
1085 3955 1120 4014 dl
1144 3957 1259 4028 λέγεται
1283 3957 1375 4012 ταῦτα
1394 3952 1430 4012 τοὶ
1453 3953 1545 4027 μέτρα
1563 3951 1616 4012 citt
1629 3952 1712 4021 'low

394 4026 425 4082 ari
445 4024 499 4096 plo
515 4025 570 4098 γὰρ
588 4029 663 4090 (odd.
677 4023 827 4098 ἰαμβικὸν)
846 4020 905 4080 ἀπὸ
919 4027 1057 4096 βραχείας
1075 4021 1196 4096 ἄρχεται
1209 4027 1258 4082 καὶ
1273 4024 1315 4090 εἰς
1327 4021 1443 4096 μακρὰν
1456 4025 1546 4098 λήγει,
1559 4022 1592 4081 ro'
1607 3977 1641 4082 dl
1655 4044 1718 4096 apo·

395 4093 498 4168 χαικόν
519 4091 577 4152 ἀπὸ
596 4097 709 4165 μακρᾶς
728 4089 892 4166 ἀρχόμενον
912 4093 954 4158 εἰς
973 4097 1113 4166 βραχεῖαν
1132 4091 1213 4167 λήγει
1283 4113 1309 4150 aa
1327 4101 1427 4150 iambus
1447 4099 1626 4155 coriambus
1646 4105 1670 4150 Α
1692 4113 1717 4149 ct

394 4172 495 4220 iambus
513 4170 539 4220 B
626 4169 754 4220 contrario
778 4170 830 4218 situ
854 4169 1021 4232 Gaissordiaa
1043 4169 1173 4219 contrario
1192 4169 1226 4218 eit
1244 4179 1272 4218 ut
1291 4170 1315 4219 Α
1330 4167 1355 4219 Β
1377 4169 1507 4219 contraria
1525 4169 1591 4220 serie
1612 4180 1630 4224 ς

397 4241 428 4290 10
451 4229 525 4294 bito
539 4229 690 4292 ΤΟΥΕΝὸΙ
711 4236 750 4294 Β.·
768 4239 803 4302 cf.
821 4255 849 4303 p.
869 4241 912 4298 11,
926 4241 960 4289 28
979 4237 1016 4288 vel
1029 4227 1088 4288 ἀπὸ
1101 4234 1154 4290 τοῦ
1167 4229 1245 4289 ἰέναι
1258 4229 1367 4304 eduae:
1390 4253 1405 4287 u
1419 4239 1487 4288 breui
1501 4240 1568 4288 enim
1581 4237 1717 4304 proiectus

395 4323 441 4374 per
460 4307 565 4370 longam
584 4307 726 4374 porrigitur
808 4310 838 4357 11
858 4307 1046 4374 appellaturA
1072 4307 1218 4374 appellatus
1237 4305 1262 4356 B
1286 4307 1451 4374 appellatos
1534 4309 1566 4358 12
1584 4305 1716 4371 dactylum

394 4393 442 4428 om.
457 4376 481 4427 Α
496 4373 521 4424 Β
533 4388 559 4432 ς.
583 4377 696 4426 niaxime
715 4377 740 4425 ia
759 4376 865 4426 comicis
884 4382 976 4435 autem,
996 4391 1071 4442 quae,
1090 4379 1114 4426 ai
1131 4393 1148 4427 a
1165 4377 1298 4428 Victorino
1317 4377 1418 4442 scripto
1435 4385 1503 4438 auat,
1517 4383 1581 4442 post
1599 4376 1624 4426 in
1644 4389 1716 4426 caca-

394 4445 484 4496 lectico
503 4461 580 4496 versu
599 4445 794 4511 cauponando
812 4454 895 4508 mant,
915 4447 951 4496 ad
967 4443 1107 4509 dactylum,
1127 4463 1198 4512 quem
1211 4447 1302 4512 pedena
1314 4447 1423 4496 ramme
1442 4446 1467 4496 in
1485 4449 1587 4497 comicas
1599 4445 1718 4497 ammiras

393 4531 443 4582 pro
462 4514 585 4567 trochaeo
601 4517 665 4580 poni
681 4514 782 4564 metrici
798 4515 898 4574 docent,
916 4523 1009 4580 postca
1028 4515 1165 4581 (adscripta
1183 4531 1239 4567 ease
1257 4516 1375 4565 uidentur
1451 4516 1483 4564 14
1500 4515 1616 4580 sortasse
1634 4529 1650 4564 a
1669 4532 1717 4565 sn—

394 4599 484 4650 premo
504 4585 637 4650 semipede
709 4583 740 4632 16
758 4583 780 4631 si
799 4598 845 4634 om.
859 4585 894 4643 A,
912 4584 974 4634 add.
987 4599 1005 4634 a
1021 4584 1080 4635 Vol.
1156 4581 1247 4651 iambi]
1267 4583 1376 4650 spondei
1397 4581 1527 4650 Beryhiua
1547 4589 1571 4634 ln
1590 4599 1717 4636 commea-

393 4655 493 4706 tatr'one
511 4655 661 4706 academica
678 4651 796 4715 beneficii
810 4651 1024 4719 llarperperioai
1041 4656 1096 4720 lepe
1115 4656 1186 4706 edito
1201 4654 1268 4708 *Hah
1287 4669 1311 4704 a.
1333 4654 1402 4704 1813
1418 4669 1446 4718 p.
1466 4655 1483 4702 6
1544 4655 1578 4704 20
1597 4667 1648 4702 non
1668 4656 1719 4706 da-

394 4725 453 4774 lcuit
471 4721 603 4790 Berplrius
671 4723 840 4776 dcccutiuss
915 4724 948 4772 24
966 4724 1138 4788 mortiumque
1156 4723 1211 4780 ςΒ
1233 4723 1378 4785 artiumque
1403 4723 1437 4772 A.
1466 4737 1499 4771 an
1522 4722 1716 4787 inertiamque?

462 4793 496 4844 26
518 4791 702 4844 archilochium
721 4795 776 4842 hia
802 4789 1031 4856 epicharmiumA
1102 4794 1135 4844 27
1160 4804 1249 4860 aptium
1268 4790 1369 4842 lestinis
1391 4788 1597 4857 rirarmaionibus]
1616 4793 1716 4858 [rapae.

397 4860 515 4914 Ambrae.
540 4859 607 4928 napi
630 4859 682 4930 τῆς
700 4858 756 4912 τῶν
775 4855 875 4912 ποδῶν
898 4849 1058 4926 ὀνομασίας
1084 4879 1110 4928 p.
1133 4864 1228 4927 251,8
1251 4863 1291 4912 erl.
1318 4859 1407 4912 elimari·
1431 4856 1480 4912 uoti
1504 4853 1560 4928 peip
1589 4851 1605 4912 ὁ
1628 4853 1719 4929 Ἀρχί-

397 4930 479 4996 λοχος
503 4921 551 4984 ἰπὶ
571 4929 688 4998 θερμῶν
706 4923 879 4983 ὑποθέσεων
897 4920 976 4999 αὐτῷ
997 4923 1134 4997 κέχρηται
