3874 5556
797 349 867 404 ens
886 352 929 418 eo,
951 356 963 403 1
984 381 1017 390 -
1034 355 1078 420 er,
1100 359 1112 407 1
1557 359 1622 426 293

322 444 494 498 Dmi’ssl'·
643 504 656 526 o
1434 472 1455 515 p.
1470 463 1516 504 aoo.
1530 463 1555 504 bl
1569 461 1596 506 G.
1689 481 1694 489 ·

841 540 885 594 nu
905 541 1080 626 scazoonu

382 639 416 702 ln
432 639 561 706 iambico
576 654 674 709 metro
692 649 719 709 si
735 646 949 730 paenultimam
965 647 1087 729 longam
1104 652 1223 725 leceris,
1246 673 1356 720 scazon
1371 667 1505 729 vocatur,
1529 675 1620 737 quem

296 751 325 805 et
347 741 541 810 choliamhon
564 759 595 810 et
616 747 833 832 hippooactiou
857 762 972 825 rorant,
996 763 1029 815 ut

565 850 854 918 salax-taberna
876 873 1014 937 vosque
1038 858 1348 925 contubernales.

185 1135 188 1140 Ι
254 1071 267 1112 a
655 1061 700 1114 DE
718 1061 912 1116 rnutuucto
931 1061 1250 1120 EENDEGASYLLABD

379 1163 457 1228 Ecce
480 1174 511 1229 et
533 1164 724 1248 phaleucium
748 1177 879 1232 metrum
902 1179 1019 1251 partem
1043 1165 1049 1255 Ι
1073 1171 1202 1254 primam
1232 1173 1270 1236 de
1297 1175 1493 1256 antispastioo
1516 1184 1614 1241 metro

293 1265 392 1341 habet,
417 1278 596 1352 sequentem
619 1270 657 1334 de
680 1269 820 1344 iambico,
846 1280 880 1336 ut

643 1392 774 1456 passer
797 1376 962 1441 deliciae
985 1389 1086 1440 meae
1108 1378 1276 1460 puellae.

292 1494 361 1540 nam
381 1479 479 1558 prima
495 1479 613 1562 syzygia
628 1481 822 1562 antispastica
843 1488 896 1551 est,
920 1491 950 1543 at
972 1500 1042 1545 vero
1065 1499 1136 1564 pars
1158 1501 1299 1564 sequens,
1325 1485 1400 1548 ‘oiae
1423 1505 1508 1550 meae
1531 1487 1614 1569 puel·

254 1593 278 1634 ω
292 1577 361 1652 lae’,
390 1581 552 1647 dimetrum
575 1582 736 1648 iambicum
760 1583 968 1648 catalecticum
991 1583 1091 1652 habet.
1138 1586 1242 1649 eadem
1267 1607 1337 1669 pars
1359 1588 1471 1652 dicitur
1496 1609 1615 1654 comma

292 1687 516 1749 anacreontion.
557 1697 657 1769 potest
672 1691 768 1770 prima
785 1707 856 1772 pars
870 1707 888 1750 a
904 1689 1053 1771 dactylico
1075 1692 1167 1760 nasci,
1191 1709 1322 1773 sequens
1345 1692 1383 1756 ab
1407 1696 1537 1758 iaurbioo
1560 1699 1614 1768 sic,

678 1801 777 1855 castae
801 1791 937 1856 Pierides
959 1811 1045 1856 meae
1068 1794 1233 1857 Camenae:

291 1891 397 1956 divisio
420 1895 480 1958 erit
504 1893 578 1968 talis,

622 2008 722 2064 castae
744 2000 890 2073 Pierides,
915 2003 1027 2064 nostris
1049 1999 1183 2065 adsistite
1208 2003 1283 2066 rotis

253 2123 278 2165 ιο
291 2110 321 2164 et
387 2135 388 2138 ¹

614 2227 699 2272 ureae
722 2208 881 2281 Camenae,
906 2227 958 2271 vos
980 2225 1102 2272 sorores
1124 2210 1241 2271 invoco.
1260 2205 1275 2294 ss
1368 2213 1372 2222 '

793 2413 838 2466 DE
857 2413 1104 2468 trfluruttttco

374 2517 603 2601 ithyphallicum
638 2528 766 2583 metrum
800 2521 838 2582 de
872 2517 1026 2583 trochaico
1060 2529 1114 2582 eet.
1161 2537 1230 2583 uam
1263 2539 1299 2583 ex
1331 2521 1430 2586 tribus
1460 2523 1611 2588 trochaeis

289 2629 416 2693 conant,
439 2621 519 2702 quod
544 2622 586 2693 lit,
610 2625 636 2686 si
660 2631 706 2686 ter
730 2623 848 2688 Bacche
871 2623 963 2694 dicae,
988 2632 1018 2686 et
1040 2624 1098 2695 sio,

250 2745 276 2787 eo
786 2727 928 2790 conditor
950 2726 996 2789 rel
1019 2725 1111 2790 orbis.

288 2826 401 2893 dictum
429 2839 475 2893 est
503 2839 603 2894 autem
634 2831 713 2901 inde,
744 2830 826 2913 quood
855 2832 886 2893 iu
912 2833 1063 2913 mysteriis
1087 2831 1190 2893 Liberi
1213 2829 1338 2894 Athenis
1367 2843 1448 2896 rates
1476 2836 1609 2916 stipitem

287 2941 403 2997 rectum
431 2936 460 2994 in
489 2934 614 2996 modum
649 2936 758 2997 lasciui
794 2933 923 3004 ciebant,
954 2944 985 2996 et
1019 2935 1072 3017 qtti
1107 2933 1165 2996 hoc
1196 2953 1309 3015 genere
1340 2939 1429 3000 metri
1460 2938 1610 3001 canebant

286 3028 501 3120 φαλλοφόροι
524 3047 555 3101 οι
577 3035 756 3122 φαλλῳδοί
776 3038 965 3102 dicebantur.
1012 3039 1070 3100 hoc
1093 3047 1122 3100 et
1144 3039 1368 3101 aesclrrioninm
1393 3049 1508 3103 vocant

830 3243 874 3295 DE
893 3243 1064 3298 servituto

248 3367 274 3408 rs
372 3349 514 3412 Saturnio
537 3358 636 3413 metro
658 3353 790 3433 primum
815 3351 845 3412 in
861 3349 943 3414 ltalia
960 3353 1017 3412 usi.
1056 3349 1170 3412 dictum
1194 3360 1333 3414 autema
1356 3353 1506 3422 Saturnia,
1531 3353 1608 3416 urbe

288 3454 487 3516 vetustissima
511 3453 624 3516 ltaliae.
669 3465 700 3516 et
722 3453 771 3516 bic
795 3472 898 3516 versus
920 3452 1071 3516 obscurus
1093 3452 1273 3536 ‹pribusdam
1297 3455 1425 3527 videtur,
1449 3457 1516 3538 quia
1540 3475 1607 3538 pas-

263 3558 341 3618 ·sim
370 3566 400 3619 et
428 3559 493 3619 sine
521 3575 593 3620 cura
623 3575 658 3619 eo
681 3555 819 3644 homipes
843 3556 1023 3626 utebantur;
1053 3559 1181 3620 maxirue
1211 3567 1309 3620 nmen
1339 3557 1552 3641 triumphaturi
1575 3563 1606 3622 in

287 3660 434 3741 Capitolio
458 3659 575 3724 tabulas
599 3661 792 3725 huiusmodi
817 3661 952 3724 versibus
974 3660 1159 3732 incidebant,
1184 3659 1229 3744 [id
1254 3670 1300 3725 est
1322 3660 1382 3744 si'c]

352 3888 385 3937 12
397 3896 485 3937 castae
498 3885 572 3942 Ocea.
583 3885 1012 3949 Basa.25.‘l,1M‹o·.Victor-.ldd,
1029 3889 1064 3938 32
1118 3888 1152 3938 24
1166 3885 1202 3937 De
1215 3887 1332 3938 saturnio
1347 3886 1576 3948 Goea,Bass.265,
1591 3893 1606 3938 7

352 4081 369 4130 3
388 4076 602 4144 llipponactpcou
621 4089 638 4134 ς
708 4073 830 4146 declax]
850 4078 944 4129 Catuli.
964 4079 1008 4140 37,
1030 4079 1043 4127 l
1114 4077 1130 4128 6
1148 4076 1180 4128 de
1198 4087 1325 4144 arrapesto
1345 4089 1426 4129 metro
1446 4077 1522 4128 hahet
1541 4077 1604 4129 AB

284 4146 317 4197 de
332 4149 479 4213 aratinpasto
498 4147 609 4202 hahets
704 4144 844 4214 Spasser]
866 4149 957 4200 Catuli·
975 4150 1037 4209 t,1
1133 4149 1227 4198 tinam
1248 4147 1332 4214 prima
1350 4173 1382 4185 -
1404 4146 1503 4213 puellae
1521 4161 1604 4204 σοις

355 4216 541 4282 lladactpln
561 4215 654 4276 AB&
740 4213 790 4283 sic]
811 4219 850 4268 sie
869 4228 896 4267 ut
916 4215 1009 4272 Aue
1115 4219 1146 4268 19
1165 4218 1188 4267 si
1208 4231 1245 4267 ter
1264 4216 1358 4267 bacche
1376 4217 1458 4270 dicos.
1495 4215 1602 4270 Danube.

285 4283 383 4336 Bncohe
403 4285 512 4338 Bacche.
538 4285 572 4336 Vt
584 4285 632 4336 sit:
651 4285 799 4343 courditors
852 4289 885 4338 22
897 4282 1011 4350 ciebant]
1027 4285 1146 4336 tenebant
1158 4287 1205 4340 ςΑ
1226 4287 1328 4337 terrebat
1336 4284 1370 4336 B.
1385 4286 1420 4347 cs,
1428 4285 1603 4350 Plotpnolo

187 4417 191 4425 Ι
283 4353 479 4422 ithyphallioum
497 4355 610 4420 dictum,
633 4355 703 4416 quod
724 4353 773 4406 hou
791 4371 858 4407 sono
876 4365 1010 4406 commutes
1029 4349 1200 4407 Atlreuieuses'
1220 4353 1313 4404 Libero
1333 4356 1399 4421 patri
1424 4342 1551 4419 φαλλόν,
1577 4355 1603 4404 id

284 4437 323 4476 ent
340 4423 468 4475 lasciuum
488 4424 602 4486 virilem,
620 4421 743 4488 ἴθυνον,
763 4425 790 4476 id
808 4437 848 4476 est
865 4426 968 4476 ciebant
1041 4426 1074 4476 23
1094 4423 1234 4475 lalloaoroo
1252 4437 1276 4474 et
1295 4423 1405 4474 iallodoe
1424 4425 1449 4475 A
1468 4421 1601 4473 lallosoroi

284 4504 308 4544 et
324 4492 436 4546 iallodor
448 4492 473 4544 B
492 4493 666 4561 Phailophore
684 4504 708 4542 et
726 4493 886 4560 phalodoed
956 4494 1105 4543 asorooium
1120 4494 1144 4544 Α
1151 4491 1206 4553 Βς,
1225 4493 1298 4555 infru
1315 4494 1437 4557 ρ.222,1
1456 4493 1601 4542 escrooinm

284 4563 309 4613 A
326 4563 476 4625 nscrouium
494 4561 558 4620 cn.
595 4560 786 4614 aeschrionium
804 4567 895 4630 recepi
912 4579 948 4614 ea
966 4563 1037 4613 lllur.
1060 4562 1160 4613 Victor.
1179 4580 1206 4628 p.
1230 4565 1292 4620 105,
1314 4565 1345 4612 11
1364 4562 1424 4611 item
1443 4561 1466 4611 si
1485 4576 1517 4611 ex
1536 4560 1603 4612 duo·

285 4631 331 4684 hus
349 4633 467 4683 iambicis
485 4631 602 4684 dimetrls
620 4629 776 4682 catalecticis
795 4631 840 4682 ilat
857 4631 1010 4698 permixtio,
1035 4630 1063 4680 ilt
1081 4642 1190 4681 metrum
1209 4631 1279 4693 qrrnd
1297 4629 1479 4680 oesclrriooiou
1497 4629 1602 4694 dicitur,

285 4714 311 4750 nt
332 4713 372 4754 eet
395 4705 495 4752 ‘amore
517 4717 559 4752 me
581 4702 685 4768 subegit
707 4711 733 4751 et
756 4702 833 4768 igneo
858 4699 966 4752 lurore.²
1003 4716 1061 4750 nom
1083 4701 1128 4765 qni
1149 4701 1187 4751 ito
1209 4700 1258 4751 hoo
1275 4706 1381 4750 metrum
1398 4701 1553 4759 diuiserunt,
1575 4709 1604 4751 nt

283 4780 343 4834 port
357 4771 571 4838 penthemimeren
588 4771 719 4822 ianthicum
737 4779 763 4822 et
781 4772 908 4837 dactylum
925 4777 1078 4835 sequeretur
1095 4769 1286 4834 ithyphallicos,
1305 4771 1342 4820 ud
1358 4777 1500 4820 extremam
1512 4785 1602 4820 nereus

282 4848 382 4903 portem
399 4855 490 4892 nomen
507 4842 583 4891 metri
599 4842 763 4892 trumentum
780 4841 899 4892 videntur
968 4839 1001 4889 25
1019 4853 1035 4886 a
1053 4839 1168 4888 satur-uia
1187 4839 1249 4889 tube
1267 4840 1318 4894 ςΑ
1338 4853 1354 4888 a
1372 4849 1478 4888 saturua
1496 4839 1559 4889 urbe
1575 4838 1601 4890 B

350 4910 384 4960 26
403 4908 563 4960 etlrieAB
582 4909 658 4966 hies
724 4911 761 4961 28
779 4909 806 4960 id
825 4921 864 4959 est
882 4909 919 4959 sic
936 4925 985 4960 om.
1006 4909 1041 4973 A,
1059 4907 1122 4960 odd.
1141 4906 1194 4964 ςΒ
