3888 5550
391 343 454 412 378
699 351 702 356 “
890 413 893 419 ,
945 360 1164 412 rennnrrnsr

395 461 417 499 p.
431 449 492 492 2421.
507 449 532 490 12
545 449 570 492 Ρ.

649 547 846 619 postquam
870 555 931 597 res
955 539 1015 599 Asi
1039 533 1175 598 desine
1199 533 1410 598 Maenalios
1433 553 1485 596 ae.

648 649 678 701 at
700 639 823 723 quidam
846 635 878 702 in
903 631 1002 702 medie
1025 639 1194 722 spondeum
1219 637 1348 701 reddere
1372 635 1498 709 malunt,
1575 669 1580 674 ·

649 744 833 827 semipedem
857 753 887 805 et
910 745 1042 826 primum
1067 763 1136 806 etim
1161 739 1260 826 eapite
1283 741 1407 804 alterins

648 849 794 926 iungunt,
818 847 965 928 dactylico
990 865 1067 928 iprae
1091 849 1123 910 lit
1147 849 1184 909 de
1208 853 1356 908 commate
1380 843 1484 922 longa:

582 965 639 1028 rem
653 951 722 1014 inde
746 951 820 1016 duas
843 961 1018 1034 promptum
1042 961 1088 1014 est
1112 953 1155 1013 sic
1179 967 1339 1012 remanere
1364 947 1488 1010 breves:

650 1055 697 1118 nis
720 1055 841 1137 longam
865 1056 1046 1127 adnectunt,
1072 1072 1130 1135 qua
1154 1052 1291 1135 dactylus
1315 1055 1421 1134 incipit
1443 1054 1529 1114 alter.

649 1155 751 1223 cernis
775 1169 804 1222 et
827 1160 899 1223 ltine
923 1159 996 1223 alias
1019 1168 1063 1221 tot
1086 1177 1244 1222 remanere
1268 1157 1391 1220 breves:

650 1263 706 1327 lras
729 1262 766 1326 ad
791 1264 976 1347 semipedem
1000 1261 1131 1344 iungunt
1154 1261 1185 1326 in
1208 1264 1266 1326 line
1291 1260 1441 1330 relictum.

651 1366 755 1429 ultima
779 1387 835 1429 nee
858 1367 953 1430 relert
977 1367 1065 1446 longa
1090 1370 1130 1430 sit
1153 1386 1230 1428 anne
1256 1365 1369 1428 brevis.

589 1480 640 1524 1²⁸⁵
655 1473 700 1534 sic
723 1471 876 1552 spondeus
899 1474 956 1533 erit
980 1470 1112 1541 medius,
1138 1470 1197 1533 dno
1221 1479 1289 1551 post
1312 1470 1476 1548 anapaesti.

651 1583 863 1658 postquam!
887 1593 946 1637 res
969 1571 1093 1658 Asiae
1117 1573 1264 1657 desine
1287 1569 1521 1656 llae‘nalios.

650 1677 764 1740 idcirce
788 1681 885 1760 primo
908 1675 1029 1740 curabis
1053 1685 1201 1739 commate
1225 1693 1355 1756 semper,

651 1799 689 1842 ne
714 1777 815 1842 brevis
840 1783 1001 1842 incurrens
1024 1778 1135 1861 syllaba
1159 1778 1323 1860 semipedis

651 1883 817 1963 spondeum
844 1883 952 1946 mediis
976 1892 1105 1966 nequeat
1127 1885 1315 1962 coniungere
1338 1877 1437 1960 longis

589 1997 641 2039 1770
655 1997 685 2050 et
707 1988 759 2049 fiat
782 1985 866 2057 talis,
891 1989 1036 2068 ‘incipe
1060 1985 1297 2050 llaenalios’.

651 2103 917 2172 namL18‚quae
943 2089 1042 2152 brevis
1066 2101 1126 2160 est,
1150 2086 1256 2168 iungat
1277 2086 1335 2150 sihi
1359 2089 1422 2149 sire
1445 2103 1619 2166 supremam

652 2206 710 2264 οε,
736 2192 781 2255 vel
805 2211 881 2276 quae
905 2191 1002 2275 prima
1027 2202 1073 2256 est
1094 2207 1132 2256 ln
1157 2195 1258 2274 (caput
1281 2191 1339 2252 hoc
1362 2191 1473 2252 etenim
1497 2194 1564 2266 est),

650 2299 721 2376 quia
745 2317 801 2360 nec
825 2297 972 2377 producta
996 2306 1055 2367 est,
1080 2299 1215 2376 geminat
1237 2313 1293 2358 nec
1317 2310 1449 2356 consona
1474 2295 1563 2363 vires,

652 2399 804 2482 spondens
827 2397 952 2463 minime
975 2419 1046 2482 pes,
1071 2400 1123 2462 sed
1147 2398 1266 2462 iambus
1289 2400 1356 2460 erit.

587 2513 638 2559 1⁷⁷⁵
653 2502 824 2586 exemplum
849 2501 963 2568 ideirco
987 2501 1081 2566 vocali
1104 2519 1120 2563 a
1144 2513 1230 2584 parte
1256 2501 1360 2571 locavi,

617 2587 621 2600 ¹
652 2609 740 2688 longa
764 2608 842 2670 ieret
865 2624 902 2670 ne
926 2621 996 2680 Lis,
1022 2606 1174 2668 ‘desine
1197 2602 1436 2669 llaenalios’.

651 2710 788 2792 qnidam,
813 2713 882 2792 qnia
906 2713 1029 2791 gemino
1052 2721 1169 2772 constat
1192 2709 1229 2770 de
1252 2716 1400 2770 commate
1423 2723 1538 2776 versus,

581 2835 585 2840 ·
624 2899 626 2902 Ι
651 2813 775 2876 cludere
799 2833 915 2877 conima
939 2817 1024 2897 prins
1049 2832 1107 2876 non
1132 2815 1258 2876 timuere
1283 2811 1377 2881 brevi,

652 2927 685 2979 nt
707 2914 747 2980 sit
769 2927 958 3000 pentameter·
982 2917 1063 2987 talis,
1088 2917 1207 2999 qualem
1232 2915 1322 2977 modo
1346 2917 1435 2996 fingo,

588 3028 639 3070 1⁷80
653 3019 724 3083 noc
748 3022 838 3082 milri
861 3032 931 3084 tam
955 3021 1094 3102 grande
1119 3039 1252 3083 munus
1277 3018 1419 3081 habere
1441 3017 1564 3089 datur,

652 3135 704 3187 aut
726 3123 823 3205 qrralis
847 3143 939 3206 snpra
962 3143 1066 3187 versus
1090 3141 1217 3204 peccare
1241 3123 1368 3194 videtur,

651 3230 677 3290 si
701 3227 752 3289 iret
775 3229 857 3298 talis,
882 3225 1029 3309 ‘incipe
1053 3227 1290 3290 llaenalios'.

652 3347 720 3391 nam
745 3332 861 3392 referre
885 3331 969 3402 nillil,
993 3333 1032 3393 sit
1054 3329 1151 3411 tpnalis
1174 3328 1286 3411 syllaba
1311 3330 1372 3400 lini,

653 3444 861 3515 commataque
885 3433 942 3495 lion
966 3435 1063 3514 ipsnm
1089 3435 1164 3495 iuris
1189 3431 1301 3496 habere
1324 3432 1442 3494 velunt:

590 3521 769 3602 1⁷8⁵idcircn
794 3516 824 3599 e't
848 3537 940 3599 verbe
964 3554 1127 3616 nnmqnam
1152 3554 1212 3598 nno
1235 3535 1299 3598 cola
1324 3535 1421 3616 ligari,

655 3651 687 3702 nt
711 3649 829 3703 constet
852 3643 930 3721 parti
955 3643 1023 3702 imis
1047 3643 1169 3721 utrique
1193 3659 1275 3702 snns.

655 3759 723 3806 nam
749 3743 870 3807 viliosns
894 3746 952 3806 erit
974 3745 1017 3806 sic
1040 3753 1228 3826 penlmneter
1251 3753 1423 3824 generatus,

653 3849 757 3909 inter
781 3857 936 3910 nostros
959 3847 1121 3928 gentilis
1145 3849 1305 3910 oberrat
1328 3866 1456 3928 erpuus.

654 3951 781 4030 spondei
806 3951 865 4012 dno
889 3961 976 4022 sunl,
1002 3969 1077 4030 quos
1099 3951 1159 4012 dixi
1184 3960 1332 4012 eornmate
1355 3952 1455 4031 primo

589 4061 639 4104 ¹7⁰⁰
652 4073 742 4136 posse
765 4055 846 4116 dari:
873 4073 974 4116 rernm
999 4053 1110 4134 syllaba
1135 4073 1212 4135 quae
1235 4057 1374 4135 sequitur

653 4177 708 4220 nec
731 4156 984 4240 penthemimerin
1010 4157 1094 4219 verbi
1118 4177 1185 4221 cum
1209 4159 1267 4220 line
1292 4156 1442 4237 relinquit,

655 4280 731 4342 qnae
756 4261 823 4322 data
847 4263 1044 4344 pentametris
1067 4260 1170 4339 regula
1195 4262 1291 4342 prime
1316 4263 1406 4330 sonis.

466 4471 533 4520 1770
555 4470 635 4534 Verp.
660 4467 742 4519 dracoi.
761 4471 786 4526 8,
806 4472 838 4518 21
862 4469 948 4534 incipe
972 4468 1114 4519 llaennlies
1134 4483 1241 4528 niseum,
1261 4485 1317 4520 men
1338 4469 1407 4530 tibia,
1429 4483 1520 4519 versus
1592 4471 1657 4522 1782
1675 4467 1716 4518 liat

395 4557 480 4606 Aldus
552 4556 619 4607 1783
639 4569 696 4604 nam
717 4556 801 4606 Aldus
821 4553 928 4618 Xanqne
947 4554 979 4604 M
1048 4557 1133 4618 qualis
1154 4557 1237 4608 Aldns
1255 4571 1306 4619 (pm
1325 4555 1355 4605 lis
1375 4555 1438 4616 (non
1458 4551 1520 4618 LlS)
1543 4555 1571 4605 M
1591 4564 1616 4607 et
1636 4556 1715 4606 Laed-

395 4657 500 4692 mmmna
519 4640 591 4704 qnali
605 4641 765 4692 Petreeinua.
785 4641 869 4705 quillis
889 4643 950 4706 lepit
962 4641 1066 4692 dlnrinr
1083 4643 1232 4693 Victorinus
1249 4659 1276 4707 p.
1291 4645 1348 4704 110,
1368 4644 1415 4694 ll:
1432 4643 1482 4692 aed
1498 4642 1565 4692 idem
1582 4645 1659 4706 plana
1675 4641 1716 4691 llu-

395 4726 615 4786 declauderetur,
634 4727 801 4778 adllrmnntes
821 4726 884 4776 nihil
904 4729 1037 4790 interesse,
1058 4728 1133 4778 ruins
1152 4729 1222 4778 modi
1242 4729 1267 4776 in
1288 4725 1338 4776 line
1356 4727 1392 4776 sit
1409 4727 1517 4790 syllaba,
1536 4729 1614 4791 idqne
1633 4729 1715 4794 ipsum

396 4812 458 4862 imis
478 4813 592 4878 relegis
611 4827 739 4862 comnnnn
757 4815 866 4864 retinere
884 4814 1030 4876 voluerunt,
1050 4814 1120 4878 qrrod
1140 4817 1165 4864 in
1185 4816 1255 4864 omni
1274 4825 1355 4864 metro
1374 4824 1398 4862 et
1416 4813 1441 4863 in
1461 4829 1626 4878 quocumque
1644 4830 1715 4864 verm

396 4897 519 4946 rntlmlire
539 4913 703 4965 praeceptum
724 4911 763 4948 est
834 4902 900 4951 1788
920 4917 979 4950 ecus
1000 4901 1030 4951 ,ll
1102 4901 1167 4951 1789
1187 4901 1298 4966 Spnndil
1318 4900 1350 4951 M
