3904 5556
797 383 1001 435 PRAEFATIO
1499 380 1567 437 xiil

329 559 431 645 ltaque
463 581 499 625 ex
523 559 657 624 Palatino
686 560 790 626 codice
821 559 864 642 (A)
890 573 919 624 ct
951 582 986 626 er
1014 563 1150 626 Parisino
1180 559 1223 642 (B)
1254 579 1374 624 omnem
1404 563 1574 647 scripturae

244 666 478 748 discrepantiam
503 668 535 728 in
558 665 753 728 adnotatione
777 663 916 734 exhibui:
942 664 1119 729 Valentiano
1144 667 1173 727 in
1197 667 1235 728 iis
1259 667 1342 734 locis.
1369 665 1420 728 ubi
1446 665 1573 730 Palatini

243 768 356 834 codicis
378 771 532 851 scriptura
556 777 695 832 correcta
714 775 790 838 erat,
814 786 888 830 usus
910 782 987 844 sum,
1012 785 1073 846 quo
1089 768 1200 830 certius
1217 777 1379 838 constaret,
1404 768 1477 850 quid
1494 771 1574 834 auti·

244 891 302 955 puo
325 881 463 954 tempore
487 871 533 934 rel
557 872 594 935 ab
618 873 683 953 ipso
707 869 831 932 librario
862 868 908 932 rel
931 889 947 931 a
972 880 1073 932 vetere
1103 875 1279 934 correctore
1304 879 1469 942 mutatum,
1499 873 1573 954 quid

244 980 349 1056 postea
373 975 511 1039 additum
532 985 621 1039 esset.
661 975 689 1035 in
705 983 774 1055 'quo
797 971 898 1055 siquid
923 991 983 1036 non
1008 971 1109 1035 addito
1132 976 1221 1054 siguo
1237 960 1420 1039 correctoris
1437 976 1473 1056 (1)
1498 979 1572 1038 sim·

243 1078 362 1160 pliciter
388 1086 562 1142 correctum
587 1097 652 1141 esse
678 1081 710 1140 iu
733 1077 839 1140 codice
863 1076 940 1148 dixi,
965 1077 1211 1159 quandoquidem
1236 1078 1266 1140 ld
1290 1077 1329 1140 ab
1352 1080 1418 1159 ipso
1444 1075 1572 1140 librario

126 1186 163 1266 ᾗ,
244 1182 356 1245 lactum
380 1201 447 1245 esse
471 1180 639 1252 constabat,
663 1199 762 1261 neque
785 1179 915 1242 indicari
938 1179 1011 1260 quid
1039 1181 1070 1241 in
1096 1177 1271 1242 Valentiano
1300 1184 1450 1260 scriptum
1481 1193 1572 1252 esset,

152 1318 167 1362 ¹·
246 1286 404 1348 emendata
426 1286 519 1348 lectio
536 1285 567 1346 in
592 1285 811 1364 buucreccpta
836 1290 891 1345 est.
935 1301 1004 1345 nam
1021 1294 1054 1344 111
1078 1290 1195 1344 veteres
1210 1285 1418 1346 correctiones
1433 1296 1573 1363 accurate

242 1389 423 1471 plerumque
447 1405 618 1470 expressae.
643 1391 683 1449 ita
706 1388 897 1450 recentiores
926 1395 957 1449 et
983 1385 1042 1448 llde
1072 1386 1259 1466 antiquitatis
1288 1387 1462 1459 destitutae,
1493 1409 1569 1471 quas
1597 1469 1599 1472 Ι

244 1491 382 1574 adposito
405 1493 551 1554 asterisco
576 1489 632 1570 (a')
659 1491 768 1560 notavi,
798 1490 835 1553 ab
859 1508 895 1552 eo
918 1488 1035 1552 alienae
1058 1497 1138 1552 suut.
1185 1497 1342 1570 praeterea
1374 1495 1405 1552 in
1428 1495 1467 1554 iis
1490 1511 1568 1575 quae

243 1599 274 1656 iu
298 1597 385 1660 initio
407 1596 499 1676 primi
522 1593 589 1656 libri
621 1593 742 1656 delectu
766 1592 1012 1656 membranarum
1041 1611 1077 1655 er
1109 1590 1245 1654 Palatino
1274 1591 1379 1656 codice
1409 1597 1573 1674 perierunt

241 1715 297 1780 pro
325 1697 385 1759 boc
412 1695 624 1761 valentianum
655 1699 812 1778 usurpavi,
841 1714 938 1779 eoque
968 1694 1105 1757 adhibito
1137 1713 1239 1756 rursus
1268 1695 1371 1776 paucis
1400 1697 1508 1760 litteris
1538 1702 1569 1761 in

242 1800 294 1862 illo
316 1801 481 1872 mutilatas,
507 1801 646 1864 simodo
670 1800 880 1879 descriptura
911 1808 994 1862 certo
1023 1796 1195 1868 constabat,
1227 1809 1367 1861 accurate
1396 1798 1570 1864 describere

241 1923 318 1986 opus
342 1922 402 1967 uon
426 1901 494 1967 luit.
539 1903 592 1968 sed
621 1903 651 1964 in
676 1903 813 1965 Palatino
843 1920 964 1986 quoque
994 1910 1024 1964 et
1053 1900 1228 1964 Valentiano
1259 1903 1364 1964 codice
1394 1922 1428 1964 ea
1459 1906 1570 1973 omnia,

241 2025 318 2089 quae
342 2025 402 2070 non
426 2015 487 2069 tam
505 2006 540 2070 ad
565 2007 772 2072 diversitatem
797 2006 934 2068 lectionis
950 2023 1039 2085 quam
1056 2003 1093 2066 ad
1117 2003 1272 2068 scribendi
1291 2006 1336 2067 rei
1353 2007 1570 2086 pronuntiandi

241 2113 390 2184 rationem
413 2113 578 2192 pertinent,
603 2127 729 2190 operosa
746 2109 900 2189 diligentia
925 2108 1102 2170 adscribere
1125 2106 1233 2171 iuutile
1256 2127 1323 2171 esse
1346 2111 1458 2190 putavi,
1482 2127 1571 2192 prae·

242 2215 347 2276 sertim
372 2232 440 2276 cum
464 2211 605 2276 librarios
629 2231 727 2294 neque
752 2220 941 2276 constantem
965 2229 1063 2292 neque
1087 2229 1123 2272 ex
1147 2213 1269 2293 antiqua
1300 2214 1446 2274 memoria
1477 2212 1571 2274 tradi·
1669 2294 1670 2297 Ἴ

242 2327 301 2380 tam
325 2319 474 2380 rationem
498 2319 529 2380 in
553 2317 611 2379 lroc
633 2334 746 2398 genere
770 2325 901 2385 secutos,
925 2313 979 2376 sed
1002 2333 1058 2376 suo
1082 2315 1208 2378 arbitrio
1232 2334 1302 2378 usos
1330 2333 1396 2378 esse
1425 2315 1571 2378 viderem.

241 2439 424 2504 quamquam
449 2420 581 2493 luerunt,
604 2421 634 2482 iu
658 2421 765 2500 primis
788 2421 820 2481 in
844 2438 877 2481 ea
903 2427 988 2500 parte
1012 2417 1094 2494 libri,
1118 2437 1194 2498 quae
1218 2419 1248 2479 in
1264 2419 1329 2498 ipsa
1354 2417 1570 2500 orthographia

241 2533 390 2596 versatur,
420 2520 498 2603 quae
527 2522 716 2587 subtiliorem
748 2541 851 2587 curam
881 2525 1085 2604 requirerent.
1138 2519 1248 2583 deiude
1277 2520 1349 2603 quid
1376 2525 1409 2584 in
1432 2523 1570 2586 Palatino

241 2629 347 2690 codice
371 2645 465 2709 super
487 2647 593 2691 versus
617 2629 764 2708 scriptum
789 2636 869 2689 esset
891 2625 937 2688 vel
960 2645 1038 2706 quae
1060 2625 1169 2688 liturae
1192 2627 1223 2685 in
1248 2625 1390 2688 continua
1418 2627 1568 2707 scriptura

242 2742 438 2813 apparerent,
468 2749 530 2794 non
552 2734 620 2813 pari
643 2749 716 2794 cura
747 2729 887 2810 omnibus
915 2728 992 2792 locis
1022 2729 1176 2791 adnotari:
1207 2746 1275 2790 nam
1304 2729 1433 2791 maxima
1463 2747 1568 2792 eorum

241 2923 364 2988 graviora
382 2934 446 2973 suut
462 2921 539 2972 haec:
565 2935 625 2972 nam
649 2922 733 2972 maior
751 2935 812 2988 pars
837 2919 872 2970 ita
895 2929 1116 2986 comparassem,
1140 2931 1168 2968 uc
1190 2918 1353 2968 coniecturae
1372 2917 1448 2968 tribui
1468 2919 1568 2986 possit:

240 3010 338 3074 [1119
357 3010 480 3076 pariaqur'd
491 3007 520 3066 B,
540 3009 601 3074 qnia
619 3007 667 3057 AV
681 3005 692 3074 i
706 3010 747 3068 10,
762 3010 795 3060 19
813 3009 914 3074 antiqui
928 3022 981 3072 pro
998 3007 1048 3057 reci
1063 3004 1211 3056 scribebant
1229 3006 1318 3055 sedam
1336 3012 1428 3055 nostra
1446 3006 1566 3065 arctasti,

239 3097 342 3161 antiqua
357 3111 409 3160 pro
427 3096 477 3146 aed
492 3101 533 3145 eet
551 3093 699 3145 scribebant
717 3095 766 3146 aed
783 3110 838 3144 curn
856 3089 1447 3164 1111111111Α1Ἰ]1“.),31111111111111113,
1472 3094 1568 3143 ciceron
1619 3083 1622 3087 ’

240 3179 288 3228 AV
302 3177 313 3246 Ι
325 3181 395 3240 67,1
415 3183 506 3246 peteras
520 3177 549 3240 B,
567 3196 633 3246 prae
645 3183 677 3240 A,
695 3195 761 3246 paors
774 3179 798 3228 V
811 3175 821 3244 ΙΙ
834 3179 906 3242 84,6
922 3180 1071 3244 propapari
1084 3176 1114 3238 Β,
1133 3179 1245 3243 properi
1257 3177 1289 3238 A,
1309 3191 1333 3228 et
1352 3189 1379 3226 ut
1398 3177 1499 3227 videtur
1517 3177 1540 3226 V
1559 3175 1568 3242 {l

1370 3277 1405 3296 Ν

241 3320 301 3383 116,
319 3319 336 3368 6
353 3320 501 3370 condamm
517 3318 724 3384 perspttabarrnn
748 3329 774 3368 et
795 3318 822 3367 in
841 3317 959 3383 margine
977 3316 1180 3381 pentasyllabmn
1200 3315 1229 3374 B,
1252 3299 1397 3368 continuarit
1417 3332 1467 3381 per·
1485 3321 1567 3382 eyttu-

238 3404 328 3454 barren
347 3403 419 3470 AVil
434 3405 493 3464 139,
513 3406 529 3456 8
548 3410 683 3456 creterrae
702 3405 730 3462 B,
750 3411 883 3454 creterras
908 3401 956 3453 AV
969 3400 981 3468 ll
995 3403 1052 3458 169,
1076 3403 1107 3452 21
1128 3397 1292 3470 Horatiana]
1318 3404 1438 3454 oratione
1461 3401 1489 3462 u,
1511 3407 1569 3468 pla·

239 3491 315 3542 ciana
335 3489 391 3540 AV.
428 3505 458 3540 en
478 3505 544 3554 qnae
566 3490 600 3541 ad
624 3489 787 3557 supplendas
810 3487 918 3540 lacunae
937 3489 966 3538 -in
988 3488 1103 3538 Palatino
1127 3500 1152 3537 et
1171 3487 1326 3538 Valentiano
1351 3489 1444 3538 codice
1466 3487 1567 3538 relictas

240 3575 329 3626 addita
353 3575 391 3626 vel
415 3575 519 3642 plenius
543 3577 642 3644 scripta
665 3587 726 3627 sunt
748 3577 773 3626 in
797 3575 916 3626 Parisino
940 3589 967 3641 p.
986 3577 1028 3634 33,
1049 3575 1089 3630 10.
1113 3574 1154 3632 98,
1174 3576 1198 3624 5.
1224 3576 1281 3636 103,
1302 3577 1331 3624 11
1356 3575 1505 3624 coniectura
1529 3575 1569 3623 in-

239 3663 321 3713 veniri
341 3673 492 3730 potuerunt.
528 3663 618 3714 sedin
639 3665 732 3730 primis
752 3661 989 3720 memorabiliores,
1014 3659 1084 3724 quod
1107 3660 1133 3710 iu
1153 3675 1204 3710 rma
1224 3659 1295 3723 ioco,
1320 3661 1364 3724 qui
1389 3660 1567 3726 compluribus

238 3749 325 3798 verbis
344 3750 452 3806 omissis
471 3751 499 3798 in
517 3748 634 3800 Palatino
653 3749 741 3800 codice
758 3760 896 3816 corruptus
916 3759 963 3806 est,
984 3761 1034 3798 uou
1054 3747 1139 3798 solum
1152 3745 1296 3800 Parisinus.
1316 3746 1361 3798 sed
1381 3748 1458 3796 etiam
1473 3745 1568 3796 Valen-

238 3837 326 3885 tiaous
345 3835 488 3902 pleniorem
507 3835 664 3902 scripturam
682 3838 798 3902 praebet,
817 3851 843 3902 p.
863 3835 921 3894 116,
941 3835 974 3886 96
993 3836 1035 3884 cui
1052 3841 1187 3884 exornetro
1205 3833 1272 3883 banc
1292 3835 1400 3900 spadam
1418 3832 1519 3898 (epoda'a
1530 3833 1564 3894 V)

238 3921 353 3972 subdidit
370 3921 507 3972 bimarieae
526 3923 640 3974 carintbi
657 3928 683 3973 ut
699 3923 811 3973 dirimas
829 3937 843 3971 e
862 3928 1013 3972 tetrametro
1032 3923 1198 3986 conpositam
1213 3917 1268 3978 BV,
1288 3921 1330 3969 cni
1347 3925 1480 3970 exametru
1500 3935 1567 3971 corrr-

236 4012 351 4073 positam
373 4009 403 4058 A.
445 4018 508 4057 sunt
534 4009 610 4057 etiam
638 4007 688 4058 alia
711 4007 845 4074 exempla,
870 4007 916 4057 sed
942 4005 1055 4065 leviora,
1081 4006 1106 4054 in
1130 4005 1225 4068 quibus
1249 4019 1306 4054 cum
1333 4005 1445 4056 Parisini
1469 4006 1567 4057 codicis

239 4146 371 4211 scriptura
389 4145 560 4196 Valentiauus
579 4147 716 4204 consentit,
735 4161 762 4212 p.
775 4144 817 4208 82,
839 4147 871 4196 11
890 4161 906 4196 a
925 4101 1046 4209 dimetris
1059 4145 1090 4204 A,
1110 4143 1319 4195 adtinetrorBV
1333 4143 1442 4208 119127
1463 4141 1565 4212 uiridis]

239 4233 292 4282 ariri
309 4232 350 4283 dis
368 4233 460 4282 lacuna
481 4247 621 4298 paucarum
641 4233 781 4297 litterurum
801 4245 862 4298 post
881 4233 932 4282 uiri
950 4231 1037 4282 relicta
1055 4233 1088 4290 A,
1112 4233 1256 4296 uir-iperdia
1279 4229 1324 4279 BV
1338 4227 1348 4294 Ι
1363 4229 1424 4291 160,
1447 4230 1480 4280 90
1503 4229 1566 4281 bac·

65 4316 74 4374 ’1
133 4311 136 4318 ’
240 4317 1028 4386 11111111,1111111111111111118,111111111111111111.
1069 4327 1182 4366 ceterum
1205 4331 1312 4385 propter
1335 4332 1461 4369 sunnnam
1487 4320 1566 4369 trium

132 4393 135 4430 ·’
239 4403 363 4454 librorum
376 4403 573 4456 similitudinem
592 4415 617 4456 et
629 4403 796 4456 manilestam
809 4403 920 4470 originis
939 4403 1130 4470 cognationem,
1150 4419 1207 4454 cum
1223 4404 1357 4455 Parisinus
1376 4404 1461 4454 codrot
1474 4407 1565 4471 paucis

239 4488 304 4541 iocis
322 4489 431 4542 meliora
449 4491 572 4556 praebeat
589 4507 666 4554 quam
686 4489 829 4554 Palatinus,
848 4489 1019 4540 valentianus
1044 4503 1105 4540 rero
1124 4490 1156 4540 ad
1182 4491 1316 4554 utriusque
1338 4489 1416 4540 lldem
1440 4491 1566 4556 supplen-

133 4593 137 4604 ·
239 4573 708 4636 111111111111111111111·1’1,1111
729 4577 836 4628 multum
850 4577 966 4638 interest,
985 4586 1070 4626 utrum
1089 4575 1147 4639 quis
1166 4575 1250 4626 solum
1269 4575 1412 4627 Palatinum
1433 4587 1564 4640 tamqnam

240 4661 335 4715 lentem
354 4661 512 4725 reliquorum
532 4664 704 4727 sequendam,
725 4679 756 4714 an
775 4663 848 4714 alteri
872 4677 905 4712 ex
923 4661 964 4712 his
988 4675 1093 4725 quoque
1111 4661 1224 4726 aliquam
1248 4663 1427 4712 auctoritatem
1452 4664 1565 4712 tribuen-

239 4749 297 4800 dam
315 4765 375 4800 esse
392 4749 474 4800 dicat.
510 4750 605 4800 certius
623 4765 710 4816 aurem
730 4763 782 4800 1111
806 4750 909 4800 demum
934 4764 963 4799 eo
983 4749 1014 4798 de
1037 4764 1064 4798 re
1088 4748 1197 4798 iudicari
1217 4748 1322 4813 poterit,
1346 4763 1405 4798 curn
1429 4747 1564 4798 Parisinus

239 4837 319 4888 codex
336 4835 426 4887 denuo
445 4835 580 4902 inspectus
599 4847 624 4886 et
641 4837 787 4887 accuratius
812 4852 939 4887 excussus
963 4835 1048 4890 luerit.
1090 4837 1163 4886 cuius
1189 4835 1224 4883 rei
1248 4849 1305 4883 cnm
1329 4834 1391 4884 milri
1416 4833 1476 4884 olim
1502 4849 1564 4900 spes

238 4921 303 4973 iacta
321 4933 401 4986 esset,
422 4935 494 4982 mox,
514 4921 576 4972 dum
595 4922 674 4973 editio
693 4935 809 4988 paratur,
828 4922 930 4989 publica
950 4933 1067 4987 tempora
1086 4922 1233 4972 obstabunt.
