3874 5556
308 335 311 342 '
394 345 474 413 310.
805 346 939 418 [cason
958 349 1062 403 εεεει
1080 349 1132 403 os
1151 347 1302 417 nassas]
1373 409 1377 418 ,

388 500 391 506 ,
420 463 442 506 p·
456 452 515 494 2669.
530 451 556 492 70
571 448 593 496 Ρ.
1516 467 1537 510 Ι),
1552 457 1597 498 Q
1612 455 1690 498 oded.

394 541 492 620 longis
507 538 626 604 duabus
649 550 679 604 ει
703 539 845 603 brevibus
862 540 959 604 tribus
983 553 1012 604 ει
1034 541 1124 621 longa
1147 560 1213 612 nna,
1238 541 1397 624 prudentis
1413 545 1524 606 animo.
1559 563 1594 606 ox
1610 545 1716 626 palim-

396 643 521 706 bacchio
544 655 576 708 ει
598 643 723 726 dactylo,
748 643 778 706 id
804 653 849 707 εει
870 663 910 708 ex
934 643 1032 726 longis
1055 643 1174 708 duabus
1197 655 1227 709 ει
1250 646 1332 709 brevi
1357 664 1415 708 nna
1439 655 1468 709 ει
1490 647 1578 728 ionga
1604 667 1662 711 una
1686 657 1715 710 ει

395 745 536 811 inevibns
559 747 686 818 deisbus,
711 745 861 810 laudanda
885 749 1004 830 iugiter.
1588 828 1591 836 ,

479 849 523 914 Ex
546 869 661 932 paeone
684 854 774 915 tertio
798 860 827 914 ει
849 852 993 934 spondeo,
1018 853 1047 914 id
1072 861 1117 917 εει
1140 873 1176 916 ex
1200 851 1341 917 brevibus
1357 851 1473 916 duabus
1497 865 1527 917 ει
1550 853 1639 936 longa
1657 873 1713 918 una

394 961 423 1017 et
447 953 529 1018 brevi
553 973 613 1019 una
637 963 665 1018 ει
688 955 786 1037 longis
809 954 934 1028 dnobus,
958 958 1116 1039 repetebat
1138 967 1232 1022 aolus.
1279 977 1317 1022 ex
1340 975 1456 1040 paeone
1479 961 1568 1022 tertio
1592 969 1622 1020 ει
1643 977 1739 1040 apa-s
1833 974 1834 977 ¹

392 1066 505 1140 passio,
530 1060 559 1122 id
583 1069 630 1123 εει
651 1080 687 1123 ex
705 1059 847 1123 brevibus
870 1059 987 1124 duabus
1010 1071 1039 1124 ει
1062 1061 1152 1142 longa
1175 1082 1234 1126 nna
1258 1071 1288 1124 ει
1310 1060 1454 1126 brevibus
1470 1062 1566 1126 tribas
1582 1072 1613 1124 ει
1627 1061 1713 1143 ionga

394 1181 461 1234 una,
490 1173 649 1248 superatus
677 1166 804 1230 animus.
854 1184 890 1226 ex
919 1184 1036 1246 paeone
1060 1167 1149 1229 terlio
1173 1175 1202 1228 ει
1225 1165 1353 1246 dactylo,
1382 1165 1410 1228 id
1442 1176 1487 1229 εει
1514 1186 1550 1230 ex
1574 1167 1714 1230 brevibus

392 1265 508 1332 eiuabns
531 1277 561 1330 ει
582 1266 671 1350 longa
695 1287 753 1330 una
778 1277 807 1330 ει
830 1268 912 1331 brevi
937 1288 995 1333 una
1020 1280 1049 1333 ει
1071 1269 1159 1350 ionga
1181 1290 1240 1334 nna
1261 1281 1292 1332 ει
1307 1269 1451 1334 brevibus
1467 1268 1594 1342 duabus,
1619 1269 1712 1334 aliena

393 1373 576 1451 quaeritans.
1715 1451 1719 1460 ι

479 1475 521 1538 Ex
552 1475 770 1561 amphibrachy
797 1486 827 1540 ει
855 1479 1001 1560 spondeo,
1032 1480 1061 1542 id
1092 1491 1138 1542 εει
1167 1499 1202 1542 ex
1232 1477 1316 1541 brevi
1345 1498 1402 1542 nna
1432 1488 1462 1541 ει
1489 1477 1579 1556 ionga
1604 1495 1661 1540 nna
1684 1487 1714 1540 ει
1726 1497 1750 1536 ιο

393 1570 552 1644 breviana
569 1590 596 1643 ει
615 1581 713 1662 longis
729 1581 857 1656 (idalius,
881 1583 1021 1666 repulsus
1044 1585 1147 1647 hostis.
1188 1602 1224 1644 ex
1248 1583 1465 1665 amphibraohp
1489 1593 1519 1645 ει
1541 1585 1711 1664 anapaesto,

393 1682 423 1746 id
448 1693 494 1746 εει
516 1702 552 1745 ex
578 1683 662 1749 inevi
686 1704 744 1749 una
769 1695 799 1748 ει
822 1686 912 1767 longa
936 1706 994 1750 nna
1018 1697 1048 1750 ει
1069 1686 1211 1750 brevibus
1227 1685 1323 1750 tribus
1347 1697 1376 1748 ει
1391 1685 1479 1765 longa
1496 1705 1564 1757 insa,
1589 1695 1712 1768 repente

392 1791 522 1868 eapitur.
560 1808 595 1850 ex
620 1789 837 1873 amphibrachy
860 1801 890 1852 ει
913 1791 1039 1874 daeiyio,
1062 1793 1094 1855 id
1117 1800 1163 1854 εει
1186 1811 1222 1854 ex
1246 1790 1329 1853 brevi
1354 1811 1412 1854 una
1436 1801 1465 1852 et
1488 1789 1576 1870 ionga
1600 1808 1660 1852 nna
1683 1800 1712 1850 ει

394 1890 475 1954 brevi
499 1911 558 1954 una
583 1903 611 1954 ει
634 1892 723 1974 longa
747 1913 805 1957 nna
830 1904 860 1957 ει
883 1893 1026 1958 brevibus
1048 1895 1174 1966 duabus.
1199 1901 1346 1978 parantur
1369 1896 1498 1972 agmina.

478 1993 520 2058 Ex
542 1997 676 2078 spondeo
700 2007 731 2060 ει
753 1999 863 2070 iambo,
888 1999 917 2061 id
942 2007 986 2061 εει
1010 2019 1044 2062 ex
1069 1999 1167 2080 longis
1190 1997 1307 2060 duabus
1330 2008 1360 2061 ει
1383 1997 1465 2062 beavi
1487 2016 1546 2061 ana
1570 2007 1601 2061 ει
1624 1998 1710 2077 ionga
1726 2021 1748 2062 n

393 2118 461 2171 una,
485 2118 593 2162 causas
616 2101 705 2165 videt.
732 2099 747 2188 ΙΙ
777 2123 813 2164 ex
836 2103 971 2183 spondeo
995 2112 1025 2166 ει
1047 2101 1210 2184 tribnaehy,
1239 2103 1268 2164 id
1293 2113 1339 2164 εει
1362 2122 1398 2165 ex
1422 2101 1519 2182 longis
1542 2101 1659 2164 duobos
1683 2110 1712 2162 ει

393 2203 534 2267 brevibus
557 2203 663 2276 nibus,
687 2217 826 2289 sumptus
849 2216 973 2269 ιειηειε.
1307 2287 1311 2292 ¹

479 2307 522 2370 Ex
545 2318 706 2391 anapaesto
730 2321 760 2371 ει
782 2310 893 2380 ianaho,
922 2312 951 2373 id
976 2322 1020 2374 εει
1045 2331 1081 2373 ex
1103 2311 1246 2374 brevibus
1273 2312 1391 2375 duabus
1419 2319 1448 2372 ει
1475 2308 1564 2390 longa
1596 2328 1653 2372 nna
1683 2317 1712 2369 ει

393 2411 476 2474 brevi
506 2430 564 2474 nna
596 2423 625 2473 ει
653 2412 741 2492 longa
772 2433 840 2487 nna,
871 2417 1008 2478 ιἐεηιιιειε
1030 2419 1139 2495 gravis.
1185 2437 1221 2479 ox
1251 2426 1412 2497 anapaesto
1436 2422 1465 2474 ει
1487 2411 1653 2493 tribraoiip,
1683 2411 1711 2473 id

392 2523 497 2577 estex
523 2515 663 2579 brevibus
687 2518 803 2580 ‹iuabns
826 2529 855 2578 ει
879 2516 1048 2599 ionga-una
1073 2529 1102 2582 ει
1126 2519 1267 2582 inesibus
1291 2519 1397 2589 tribdis,
1422 2516 1530 2598 trepidi
1553 2518 1684 2593 i'nginni.
1726 2540 1750 2576 n

478 2618 520 2682 Ex
545 2620 679 2702 spondeo
704 2621 803 2683 iambo
826 2631 857 2699 ει
879 2623 1023 2701 spondeo,
1052 2625 1080 2686 id
1104 2635 1208 2686 estex
1232 2625 1331 2703 longis
1354 2622 1469 2684 «ipanus
1493 2629 1523 2682 ει
1548 2621 1630 2679 brevi
1655 2637 1711 2680 ana

392 2734 422 2785 ει
445 2720 541 2803 longis
570 2724 674 2795 nibus
706 2727 807 2788 ennodi
829 2737 936 2788 cavent
964 2726 1085 2788 beidam.
1132 2749 1167 2790 ex
1196 2728 1332 2808 spondeo
1362 2725 1462 2788 iambo
1490 2733 1520 2784 ει
1542 2731 1712 2802 anapaesto,

392 2829 421 2890 id
447 2824 452 2910 Ι
477 2837 522 2890 εει
545 2847 580 2888 ex
605 2827 702 2909 longis
726 2829 844 2892 duabus
868 2838 897 2891 ει
921 2829 1005 2891 brevi
1028 2851 1087 2892 una
1105 2842 1147 2893 ἐι
1172 2831 1259 2910 ionga
1285 2851 1342 2893 nna
1374 2838 1402 2890 ει
1432 2827 1575 2890 brevibus
1597 2825 1713 2887 dnobus

311 2992 316 3007 ,
392 2942 421 2992 ει
444 2931 532 3011 longa
557 2951 624 3002 ιιιιε,
656 2932 722 2994 vicii
748 2933 832 2994 nans
856 2933 1016 3013 trepidant.
1064 2955 1098 2996 ex
1123 2937 1258 3015 spondeo
1281 2935 1381 2996 iaanbo
1406 2945 1435 2995 ει
1458 2931 1585 3010 desipio,
1615 2930 1645 2992 id
1669 2939 1714 2990 εει

394 3055 430 3096 ex
446 3034 544 3115 longis
560 3034 676 3098 duabus
699 3045 727 3098 ει
752 3036 835 3099 oren
856 3056 915 3098 una
939 3048 969 3100 ει
992 3037 1090 3116 longis
1106 3038 1223 3100 ‹iaiabos
1246 3047 1276 3098 ει
1300 3037 1439 3099 brevibus
1456 3033 1582 3104 duabus,
1608 3034 1750 3095 rosirisss

392 3150 496 3201 secant
518 3121 671 3218 gurgites.¹

478 3241 520 3304 Ex
545 3241 664 3306 dnoiins
687 3244 793 3307 iambis
817 3254 847 3306 ει
869 3245 1014 3326 spondeo.
1045 3246 1075 3308 id
1101 3255 1147 3308 εει
1176 3263 1211 3306 ex
1242 3245 1325 3307 brevi
1354 3263 1412 3304 una
1437 3254 1466 3305 ει
1490 3241 1577 3320 longa
1602 3259 1659 3302 nna
1683 3249 1713 3300 ει

394 3345 477 3408 brevi
501 3366 558 3408 nna
583 3357 612 3407 ει
636 3347 731 3424 longis
755 3347 861 3418 tribus,
893 3349 988 3411 bonos
1012 3349 1098 3410 doen
1127 3351 1216 3410 cives.
1263 3367 1298 3410 ex
1329 3346 1447 3409 duobus
1475 3345 1582 3408 iambis
1608 3353 1639 3405 ει
1662 3343 1712 3404 da-

392 3448 481 3532 ctylo,
506 3451 534 3512 id
559 3460 604 3512 εει
628 3471 662 3511 ox
687 3452 768 3512 baasi
796 3471 852 3514 una
878 3463 906 3514 ει
930 3451 1016 3532 longo
1042 3473 1099 3514 una
1131 3463 1160 3512 ει
1183 3452 1265 3512 laevi
1290 3470 1348 3512 aina
1372 3462 1400 3510 ει
1425 3450 1521 3528 imagis
1544 3447 1661 3510 dnabns
1685 3455 1713 3507 ει

393 3555 535 3616 brevibus
559 3553 686 3624 (luobus,
711 3574 800 3618 manu
823 3559 914 3618 struit
937 3560 1066 3618 moenia.
1726 3573 1751 3612 ³⁰

478 3658 520 3719 Ex
551 3656 704 3740 disyllabo
734 3662 819 3722 cuins
848 3661 943 3722 media
973 3659 1074 3744 brevis
1103 3663 1150 3728 sit,
1181 3659 1210 3722 id
1241 3669 1287 3720 εει
1316 3655 1381 3740 [ex]
1407 3660 1530 3726 εεειίε-ο,
1561 3654 1662 3716 iambo
1686 3665 1714 3715 ει

393 3761 538 3842 spondeo,
571 3762 599 3823 id
624 3771 670 3822 εει
693 3780 728 3823 ex
753 3762 840 3842 ionga
865 3783 922 3825 una
947 3773 976 3824 ει
1000 3763 1081 3826 breai
1106 3783 1163 3824 nnn
1189 3775 1217 3836 ει
1240 3761 1326 3841 longa
1351 3781 1408 3824 nna
1439 3770 1469 3821 ει
1496 3759 1579 3822 brevi
1604 3779 1661 3821 ιιιιε
1686 3766 1715 3818 ει

393 3865 490 3946 longis
514 3864 619 3935 ivibus,
645 3866 793 3946 proelium
818 3871 902 3948 cupit
924 3869 1020 3929 fords.
1068 3887 1101 3927 ex
1127 3866 1280 3947 disyllabo
1305 3866 1389 3926 ειιίιιε
1419 3863 1516 3925 media
1542 3845 1641 3922 boonis
1665 3863 1713 3930 sii,

393 3968 420 4030 id
438 3977 484 4030 εει
505 3965 573 4052 [ex]
597 3973 719 4040 cretico,
744 3969 844 4031 iambo
867 3980 896 4031 ει
919 3971 1046 4052 dactylo,
1072 3970 1100 4031 id
1125 3980 1170 4031 εει
1193 3990 1227 4032 es
1253 3969 1340 4048 ionga
1366 3987 1422 4028 ιιιιε
1448 3975 1476 4027 ει
1501 3964 1584 4026 brevi
1602 3984 1661 4026 nnn
1685 3973 1715 4025 ει

393 4073 479 4153 ionga
504 4091 562 4134 una
586 4082 615 4135 ει
638 4073 722 4134 brevi
748 4093 805 4134 nna
824 4082 853 4135 ει
869 4072 966 4153 longis
990 4074 1105 4135 duabus
1123 4084 1152 4134 ει
1170 4073 1310 4134 oros-ibus
1327 4071 1452 4139 duabus,
1477 4067 1614 4130 turbines
1630 4069 1714 4129 timot
1728 4093 1752 4133 so

393 4177 549 4238 flnctuum.
597 4196 632 4238 ex
663 4176 816 4257 trisyllaba
845 4179 929 4237 cuins
954 4177 1048 4238 inedia
1080 4177 1178 4238 brevis
1202 4181 1248 4246 sii,
1285 4177 1312 4238 id
1337 4185 1380 4237 εει
1404 4176 1526 4242 cretico,
1557 4171 1655 4233 iambo
1686 4179 1715 4231 ει

393 4290 563 4358 anapaesto,
594 4280 623 4340 id
649 4289 693 4341 εει
717 4300 752 4342 es
777 4279 863 4358 ionga
887 4299 944 4341 nna
977 4290 1006 4342 ει
1029 4279 1112 4341 brevi
1142 4299 1200 4342 una
1230 4290 1260 4341 ει
1282 4280 1370 4357 longa
1401 4296 1459 4340 nna
1489 4285 1518 4336 ει
1547 4275 1632 4337 brevi
1657 4293 1715 4336 nna

394 4392 423 4443 ει
448 4382 534 4464 ionga
560 4403 617 4444 nisa
642 4393 672 4446 ει
696 4382 835 4444 brevibus
852 4383 968 4445 duabus
992 4394 1022 4446 ει
1046 4381 1133 4464 longa
1157 4402 1224 4453 una.
1249 4385 1383 4464 gurgites
1402 4389 1506 4443 secant
1522 4379 1639 4460 trepidi.
1678 4397 1714 4439 ex

461 4648 477 4695 ξι
497 4660 529 4694 ex
548 4661 595 4695 om.
617 4645 641 4694 A
652 4657 668 4700 ς
721 4645 737 4695 8
757 4659 806 4694 eina
826 4646 912 4694 alliano
931 4647 987 4694 ioco
1005 4659 1053 4694 om.
1068 4657 1098 4702 5,
1119 4645 1182 4694 ndd.
1203 4646 1227 4694 ,4
1282 4645 1315 4693 15
1332 4653 1357 4690 ει
1375 4639 1452 4704 ionga
1474 4654 1522 4686 ιιιιε
1542 4655 1591 4688 ωε.
1607 4651 1632 4694 ς,
1652 4639 1714 4690 aeid.

395 4717 419 4764 A
481 4717 513 4764 21
534 4715 618 4762 iambo
639 4727 663 4762 ει
682 4715 848 4779 spondae-05
868 4715 952 4762 iambo
972 4714 1089 4776 spondeo
1106 4714 1128 4762 Α
1191 4717 1224 4763 “.’5
1244 4723 1268 4760 ει
1288 4710 1407 4760 brevibus
1426 4709 1527 4757 domans
1546 4724 1593 4760 oon.
1606 4720 1631 4766 ς,
1651 4708 1714 4758 aeid.

395 4785 418 4832 Α
489 4785 523 4834 29
542 4795 565 4832 et
585 4783 670 4846 iongis
689 4783 790 4833 dnabns
811 4795 835 4831 ει
856 4783 976 4832 brenibns
995 4783 1096 4831 duabus
1114 4781 1190 4830 iisinn
1210 4781 1287 4830 „nnn
1306 4779 1407 4828 ninenin
1421 4781 1445 4828 Α
1464 4791 1489 4826 ει
1508 4776 1594 4841 longis
1612 4776 1714 4826 doninas

394 4862 497 4901 struunt
516 4853 617 4900 moenia
637 4865 653 4907 ς
737 4856 767 4903 31
789 4854 883 4902 cretico
903 4867 927 4901 ea
946 4852 1030 4900 iambo
1050 4863 1066 4906 ς
1155 4853 1188 4901 32
1207 4849 1285 4914 ionga
1306 4863 1355 4896 nna
1376 4848 1444 4896 brevi
1465 4862 1515 4896 nnn
1535 4855 1575 4896 ier
1592 4848 1717 4912 scriptum

394 4928 434 4970 εει
451 4922 478 4970 in
496 4923 530 4984 A,
550 4922 589 4971 dis
607 4922 633 4970 in
652 4933 669 4976 ς
740 4925 772 4972 34
792 4921 877 4972 iambo
897 4933 921 4969 ει
940 4921 1041 4984 dactylo
1061 4933 1078 4976 ς
1101 4919 1187 4969 iambo
1206 4917 1308 4984 dactylo
1328 4918 1353 4967 A
