3904 5556
611 332 690 386 ΛΒΤ.
709 329 821 384 GRAM.
840 329 911 384 Lm.
929 331 943 383 Ι
962 333 1002 392 13,
1024 333 1038 383 2
1059 357 1090 370 ·-
1112 335 1151 392 ll,
1170 333 1186 382 6

267 430 439 488 amma

242 529 342 592 ratur,
374 523 404 584 in
435 521 481 584 bis
510 521 663 586 caedatur.
709 539 777 588 nam
802 521 960 603 periodus,
992 539 1068 604 quac
1097 523 1189 586 latina
1219 525 1473 604 interpretatione
1501 525 1560 587 cir·

242 626 338 689 cuitus
361 625 407 687 tel
430 624 562 690 ambitus
585 635 721 698 rotatur,
751 625 781 690 id
812 633 856 688 est
879 627 1058 707 compositio
1087 626 1198 710 pedum
1222 628 1315 692 trium
1345 625 1390 690 vel
1419 636 1560 710 quattuor

243 729 285 792 rel
307 729 512 812 complurium
534 729 679 794 similium
703 739 792 813 atque
809 727 1009 802 absimilium,
1032 728 1068 793 ad
1093 731 1122 794 id
1139 730 1278 803 rediens,
1303 731 1382 795 unde
1399 729 1560 795 exordium

241 837 382 914 sumpsit,
406 836 485 897 sicut
508 837 654 916 temporis
677 833 805 898 lustrum
831 831 874 896 uel
899 851 1053 896 sacrorum
1075 838 1225 906 trieteris,
1250 835 1362 899 dicitur
1384 835 1415 898 in
1438 853 1560 916 poema·

217 939 294 1008 etta,
332 936 454 1020 quando
484 955 544 1002 non
574 955 680 1002 versus
708 955 814 1000 omnes
843 939 946 1000 eodem
969 938 1057 1000 metri
1081 947 1194 1018 genere
1217 948 1405 1021 panguntur,
1440 937 1494 1002 sed
1523 957 1560 1001 ex

243 1043 333 1104 seriis
356 1039 496 1107 versibus
519 1058 642 1106 carmen
665 1059 755 1104 omne
783 1043 985 1123 compositum
1015 1058 1069 1123 per
1092 1043 1253 1106 circuitum
1277 1041 1427 1126 quendam
1451 1042 1487 1104 ad
1511 1061 1560 1105 or·

241 1144 341 1210 dinem
364 1163 452 1209 suum
475 1145 621 1210 decurrit.
666 1141 826 1226 περίοδος
852 1145 966 1208 dicitur
995 1161 1084 1206 omne
1107 1144 1275 1208 hexametri
1304 1163 1407 1210 versus
1436 1145 1560 1210 modum

242 1247 406 1320 excedens,
437 1249 518 1314 unde
541 1269 575 1314 ea
598 1269 676 1333 quae
699 1247 823 1312 modurn
851 1257 883 1312 et
910 1265 1083 1312 mensuram
1107 1247 1221 1312 habent
1244 1259 1338 1313 metra
1369 1250 1449 1314 dicta
1477 1259 1559 1314 sunt.

241 1351 379 1418 subsistit
401 1362 502 1417 autern
524 1373 562 1418 ex
584 1355 743 1417 commatis
765 1350 840 1416 colis
863 1361 893 1415 et
915 1350 1061 1416 versibus.
1143 1371 1148 1381 ·

207 1576 230 1615 ro
602 1567 606 1577 ·
805 1541 853 1606 ui:
875 1541 998 1606 VERSV
1502 1623 1503 1626 Ἴ

325 1664 436 1728 Versus
459 1676 519 1736 cst,
543 1675 575 1728 ut
597 1664 725 1728 Varroni
748 1662 859 1746 placet,
883 1661 1045 1727 verborum
1068 1665 1224 1734 iunctura,
1248 1680 1325 1743 quae
1346 1682 1402 1745 per
1417 1663 1560 1728 articulos

242 1777 270 1832 et
291 1777 439 1832 commata
467 1787 503 1832 ac
527 1767 684 1850 rhythmos
712 1765 884 1832 modulatur
908 1769 939 1830 in
962 1765 1065 1850 pedes.
1112 1769 1216 1850 incipit
1250 1775 1351 1832 autent
1383 1787 1398 1830 a
1428 1767 1559 1832 dimetro

241 1881 270 1936 et
291 1872 429 1956 procedit
451 1891 547 1956 usquc
570 1870 607 1936 ad
631 1871 856 1942 hexametrum,
880 1873 911 1934 iu
935 1870 984 1934 his
1007 1871 1161 1934 dumtaxat
1182 1868 1329 1954 renisibus
1344 1873 1396 1954 qui
1419 1890 1474 1954 per
1497 1875 1559 1936 sin·

240 1975 324 2058 gulos
347 1975 441 2060 pedes
464 1975 662 2046 dirimuntur;
693 1977 724 2038 in
748 1973 808 2064 illis
831 1981 952 2046 eutem,
976 1976 1027 2057 qui
1052 1992 1106 2054 pet·
1129 1974 1298 2057 dipodiam,
1314 1993 1425 2058 ,usque
1453 1974 1490 2038 ad
1515 1984 1560 2039 te-

206 2101 229 2144 re
242 2089 421 2144 trametrum
437 2079 482 2142 rel
499 2086 732 2162 pentametrum,
750 2079 764 2161 [ξ
780 2097 839 2142 non
864 2096 1027 2158 numquam
1043 2077 1252 2144 hexametrum
1268 2079 1417 2162 procedit
1449 2077 1560 2161 quibus

241 2185 277 2248 de
299 2179 448 2248 diuisione
470 2202 506 2246 ac
528 2184 688 2248 scansione
709 2201 798 2246 suum
822 2184 933 2266 cuique
956 2201 1066 2246 nomen
1091 2191 1146 2246 est.
1192 2199 1270 2266 quos
1291 2180 1385 2247 latine
1408 2185 1559 2246 taxatione

240 2286 421 2369 simplicium
438 2285 556 2367 pedum
578 2289 823 2368 appellauerunt,
846 2304 915 2352 cum
939 2288 1077 2350 senarios
1101 2286 1269 2364 trimetros,
1294 2289 1467 2350 octonarios
1490 2305 1559 2351 cero

242 2401 433 2456 tetrametros
455 2399 648 2455 rocaverunt.
678 2391 801 2456 abusive
825 2389 870 2454 vel
887 2389 962 2454 baec
978 2388 1139 2473 appellatio
1155 2388 1333 2472 habebitur,
1356 2408 1426 2454 cum
1441 2391 1558 2454 sincera

242 2505 269 2558 et
291 2497 418 2578 propria
441 2495 659 2577 significatione
675 2495 862 2560 Graecorum
887 2511 990 2557 tersus
1013 2492 1125 2558 herous
1141 2493 1316 2558 hexameter
1340 2511 1413 2576 epos
1428 2493 1556 2558 dicatur.

206 2599 317 2682 papud
341 2618 397 2664 nos
420 2607 520 2664 autem
543 2617 648 2664 versus
677 2597 776 2662 dictus
799 2607 845 2662 est
868 2619 884 2662 a
909 2599 1056 2670 versuris,
1084 2597 1114 2660 id
1138 2608 1184 2662 eat
1206 2617 1223 2660 a
1252 2599 1379 2678 repetita
1408 2599 1558 2680 scriptura

242 2722 276 2766 ex
298 2721 331 2767 ea
354 2713 440 2785 parte
463 2705 494 2767 iu
516 2721 606 2786 quatu
629 2702 748 2766 desinit
795 2691 902 2784 primis
924 2703 1006 2765 enim
1030 2702 1232 2784 temporibus,
1261 2701 1340 2766 siout
1362 2701 1483 2785 quidam
1506 2701 1559 2766 ad·

243 2815 360 2880 serunt,
384 2809 429 2870 sic
451 2806 530 2870 soliti
554 2815 641 2870 erant
664 2803 816 2878 scribere,
845 2814 894 2876 ut,
924 2824 992 2869 oum
1015 2823 1031 2866 a
1053 2805 1174 2869 sinistra
1205 2813 1292 2888 parte
1313 2806 1434 2870 initium
1458 2807 1558 2869 lacere

243 2913 411 2995 coepissent
438 2919 469 2974 et
497 2910 653 2974 duxissent
681 2910 718 2973 ad
747 2908 901 2980 dextram,
937 2917 1116 2990 sequentem
1151 2927 1270 2973 tersum
1299 2926 1315 2971 a
1345 2908 1450 2976 dextra
1473 2918 1559 2993 parte

241 3013 416 3080 inchoantes
443 3014 481 3078 ad
508 3016 662 3078 sinistram
685 3013 902 3095 perducerent:
932 3031 1020 3094 quem
1044 3031 1160 3076 morem
1175 3013 1278 3088 ierunt
1294 3013 1445 3078 custodire
1461 3013 1559 3078 adhuc

206 3121 271 3184 asin
293 3121 355 3183 suis
377 3118 444 3182 liris
467 3120 604 3182 rusticos.
651 3118 709 3180 hoc
731 3125 831 3180 autem
854 3134 950 3198 genus
971 3117 1140 3197 scripturae
1164 3116 1304 3182 dicebant
1327 3118 1557 3199 bustrophedou

308 3389 321 3438 1
341 3400 403 3438 trem
422 3384 554 3453 periodus,
577 3400 694 3449 quae-
714 3396 830 3448 uocatur,
855 3395 894 3436 eat
912 3385 1067 3451 compositio
1086 3409 1121 3422 —
1139 3384 1250 3436 trieteris
1274 3385 1312 3435 aei
1336 3385 1362 3436 in
1386 3387 1559 3452 poematibus,

242 3455 343 3520 quando
363 3468 415 3506 nou
435 3470 526 3506 versae
545 3469 596 3506 rino
616 3457 690 3507 metri
709 3470 803 3521 genere
822 3465 972 3522 panguntur
990 3453 1090 3505 Gaeenr
1109 3455 1263 3520 Gruadzupe
1281 3456 1307 3505 d.
1324 3455 1422 3521 prieelt.
1440 3455 1558 3524 thtltnr.

241 3541 267 3590 p.
285 3527 335 3576 171
414 3518 495 3591 qtaae]
512 3524 559 3588 qui
577 3521 603 3573 B
681 3522 887 3590 soomplarium
907 3521 961 3580 :B
980 3522 1141 3588 comptarum
1162 3524 1186 3574 A
1269 3534 1347 3587 atque
1365 3523 1523 3576 absimiliunr
1542 3539 1559 3582 ς

241 3605 315 3658 atque
326 3593 528 3644 abdiaaimilinm
541 3591 603 3645 AB
620 3604 699 3657 atqrre
710 3592 877 3644 dissimiliruu
894 3592 1079 3644 Wilmonnsiue
1141 3594 1158 3645 t
1176 3592 1389 3658 strarmpsitcorr·
1408 3595 1521 3660 sumpsit
1532 3596 1558 3646 A

306 3663 430 3714 trieterici
448 3663 489 3714 uel
509 3664 535 3714 'tu
554 3665 681 3729 poematis
700 3663 876 3728 (poematibus
892 3661 920 3726 ς)
940 3663 964 3712 Α
975 3659 1030 3718 Be
1053 3662 1172 3716 trieteris.
1202 3662 1237 3711 ita
1256 3661 1324 3713 etin
1343 3663 1471 3730 poematis
1495 3664 1561 3716 Wil-

241 3734 368 3786 nnarrriue
385 3739 494 3785 auctore
514 3731 631 3785 Usenero
701 3734 718 3784 b
737 3745 788 3782 non
808 3746 900 3782 stersus
919 3743 1017 3781 omnes*
1029 3728 1084 3795 (orn
1097 3732 1123 3784 A
1143 3731 1212 3782 omni
1225 3734 1255 3792 ς)
1273 3733 1346 3783 nretri
1365 3747 1459 3798 genere
1473 3734 1497 3784 A
1510 3733 1559 3790 Βς

243 3817 291 3854 nott
313 3815 366 3854 uuo
388 3817 482 3854 uersus
507 3815 597 3852 omnes
620 3801 694 3850 metri
715 3815 810 3868 genere
833 3800 1018 3852 Wt'imaaasiur
1104 3801 1120 3851 6
1139 3806 1188 3850 ‘aa
1208 3814 1284 3850 otrane
1302 3801 1469 3853 delendum?‘
1492 3801 1559 3852 Wil-

242 3873 368 3924 munart'ats
437 3872 471 3922 ad
490 3869 607 3922 ordinem
626 3869 677 3932 (eet
695 3872 726 3921 ad
746 3869 892 3934 exordium)
911 3884 986 3920 suram
1007 3871 1122 3932 recurrit,
1139 3867 1278 3935 scipiadae
1295 3871 1389 3921 dicitur
1407 3871 1491 3922 omnis
1509 3873 1559 3922 cir-

242 3941 322 3993 cuitus
345 3938 490 3992 hexametri
512 3955 603 3990 reram
631 3939 823 3992 Wiinamnriue.
850 3955 940 3991 nouare
958 3941 1063 4004 periodi
1080 3940 1252 4004 definitionem
1274 3953 1310 3990 em
1331 3942 1384 3992 olio
1400 3941 1475 4002 sonte
1491 3943 1559 4006 pett-

242 4019 291 4062 tam
305 4010 394 4077 priori
409 4009 574 4061 nbirtamsee
591 4009 692 4060 ridetur
708 4010 897 4074 promonens.
969 4011 984 4058 7
1004 4010 1089 4059 omnis
1108 4009 1230 4058 eanmerri
1251 4009 1274 4056 A
1287 4007 1341 4064 Be
1410 4011 1427 4059 8
1446 4011 1514 4059 rande
1526 4035 1559 4047 -

242 4079 308 4131 dicta
329 4091 392 4130 eunt
412 4081 518 4132 miset!
542 4077 673 4131 (laeseram
695 4079 767 4143 apud
789 4077 983 4129 thmannst'um
1069 4079 1086 4129 9
1108 4093 1141 4128 ex
1160 4077 1296 4128 comnretie
1319 4077 1503 4130 Wilmuanst'us
1527 4094 1559 4129 ex

242 4157 366 4200 commate
383 4147 410 4199 A
421 4145 476 4206 Be
552 4148 584 4199 ta
607 4161 637 4197 ec
655 4147 772 4212 rythmos
791 4148 847 4203 Ae
870 4146 1003 4212 amthmos
1022 4145 1049 4196 B
1070 4135 1227 4213 εὐρύθμως
1244 4147 1354 4198 eorrieeit
1372 4144 1560 4198 Studenuarius

308 4219 342 4270 14
361 4231 407 4284 per
424 4216 550 4284 dipodian
570 4220 594 4268 A
609 4215 635 4267 B
718 4219 750 4268 15
772 4215 917 4283 procedunt
934 4216 959 4267 A
971 4215 1028 4272 Βς
1113 4217 1145 4268 ld
1163 4229 1241 4266 strum
1259 4215 1353 4280 cuique
1376 4215 1559 4268 Wilmanaeiru

243 4303 287 4340 sua
305 4287 399 4350 cuique
417 4287 443 4340 A
454 4285 509 4343 Be
578 4285 674 4350 quodsi
693 4284 772 4336 latius
790 4287 922 4336 taxatione
940 4283 1096 4352 simplicium
1115 4285 1233 4336 scutarios
1252 4287 1390 4344 trimetros,
1410 4286 1559 4336 octonarios

243 4372 300 4410 vero
318 4365 482 4407 tetrametroe
500 4366 658 4407 rocaverunt
675 4355 792 4414 abtreiue,
815 4353 856 4405 vel
874 4354 937 4405 itaeu
955 4351 1096 4421 appellatio
1115 4354 1242 4405 tenebitur
1260 4369 1316 4404 cum
1336 4355 1437 4405 sincera
1456 4364 1481 4404 et
1499 4369 1560 4421 pro·

243 4429 298 4495 pria
314 4423 507 4492 significatione
521 4423 678 4476 Graeoomtm
698 4421 802 4492 [versus
820 4423 915 4476 herous
933 4422 1082 4474 hexameter
1099 4440 1113 4474 e
1135 4439 1164 4474 us
1183 4419 1306 4491 dicaturJ.
1330 4423 1401 4490 apud
1419 4437 1467 4474 nos
1491 4423 1559 4474 Wit-

242 4497 368 4549 amaa
385 4499 493 4546 metm
511 4493 629 4548 Usenero
700 4493 731 4544 11
750 4492 897 4560 simplicum
915 4491 1084 4560 (simplicium
1097 4437 1262 4560 tisanarios
1279 4491 1342 4544 AB
1354 4505 1371 4550 ς
1454 4492 1485 4544 18
1500 4491 1559 4557 [ον-

243 4573 310 4618 tnese
331 4563 442 4615 abusiva
464 4575 550 4614 autem
574 4563 637 4614 haec
658 4559 798 4629 appellatio
822 4561 968 4622 habebitur,
991 4575 1050 4612 cum
1073 4563 1174 4614 sineere
1197 4574 1221 4613 et
1244 4562 1350 4628 propria
1368 4561 1560 4628 significatione

244 4634 397 4688 Graecorum
420 4647 511 4683 versus
534 4633 629 4684 herous
652 4631 831 4682 hexametrum
854 4645 919 4699 epos
942 4632 1050 4684 dicetur.
1079 4631 1114 4696 es.
1139 4632 1222 4684 neon.
1243 4647 1269 4697 p.
1293 4633 1352 4691 501,
1370 4634 1404 4684 21
1427 4646 1443 4680 a
1464 4631 1558 4697 pedum

244 4704 383 4768 quantitate
405 4701 533 4766 qttaednm
557 4701 730 4760 nominantur,
754 4713 782 4751 ut
804 4712 845 4752 est
861 4715 925 4767 epos
945 4700 1121 4753 hexametrum
1209 4699 1350 4776 appellatio
1369 4700 1395 4750 A
1407 4713 1425 4756 ς
1443 4701 1559 4767 appella·

244 4775 311 4826 tione
327 4771 354 4823 B
434 4773 468 4823 23
485 4772 635 4838 coepissent
652 4769 707 4828 ςΒ
724 4771 857 4835 cepissem
877 4771 898 4820 A
982 4770 1120 4821 duxissent
1137 4769 1163 4820 B
1174 4786 1192 4820 o
1212 4767 1298 4826 Vols
1315 4769 1435 4820 duxisset
1454 4770 1478 4821 A

244 4843 276 4896 lb
296 4841 350 4893 liris
374 4841 411 4896 H.
434 4840 554 4892 Valeriam
577 4843 603 4892 in
621 4841 785 4906 Ilm-pocrot.
803 4855 830 4906 p.
849 4844 883 4890 56
900 4841 943 4896 ed.
964 4840 1047 4906 Lepti.
1071 4857 1096 4891 a.
1117 4841 1187 4892 1683
1210 4837 1301 4890 litteris
1324 4838 1415 4894 Alis
1494 4837 1559 4905 βου·

246 4901 408 4980 sapopndo'u
430 4909 550 4962 Valeriam
569 4909 728 4978 bustrophen
748 4909 803 4967 Ας
822 4909 981 4977 bostrophen
1000 4907 1026 4960 B
