3888 5550
866 349 1069 401 asnarius
1109 305 1117 329 ³
1215 309 1216 312 Ἴ
1328 384 1332 389 -
1502 340 1620 408 ’381

299 445 321 484 p.
334 433 386 474 1111
399 433 424 476 P.

460 523 465 528 “
558 521 648 586 tuba
678 523 898 589 terribilem
923 530 1089 590 sonitum
1113 527 1250 611 procul
1273 549 1362 593 aere
1385 549 1559 596 rectarvo.

557 625 660 691 ultima
674 641 731 692 —vn
755 638 907 702 remanet,
924 634 1003 712 *quia
1027 631 1145 714 dempta
1170 643 1216 694 est
1238 631 1350 714 syllaba
1374 637 1482 714 prima,

491 743 543 789 reso
557 729 694 812 dactylon
717 733 748 792 in
773 733 872 812 primo
895 734 1044 805 reddens,
1070 735 1226 816 spendeoo
1250 739 1280 818 ln
1305 739 1375 803 imo.

599 833 745 898 Necnon
769 833 915 917 dactylico
938 839 996 919 qui·
1013 848 1162 901 commate
1186 848 1303 902 constat
1327 849 1466 920 utroque,

554 946 743 1020 pentameter
766 948 896 1000 metrum
921 941 999 1020 quod
1024 943 1081 1002 erit
1104 941 1332 1005 choriambicon
1359 944 1438 1006 edet.

554 1042 726 1122 exemplum
751 1060 875 1123 ponam,
900 1053 972 1105 tuac
995 1045 1046 1106 dat
1068 1054 1217 1126 quatenus
1241 1045 1360 1119 addam,

555 1144 661 1208 nulla
686 1163 765 1208 meo
788 1146 921 1208 sedeat
943 1147 1055 1210 turba
1078 1149 1240 1229 prolana
1264 1149 1358 1212 loco.

490 1266 541 1308 roae
555 1247 734 1329 dactylicum
759 1249 832 1312 colis
855 1269 922 1312 esse
945 1250 1028 1312 rides
1050 1252 1192 1329 geminis:

554 1355 684 1430 primum
709 1363 740 1414 et
761 1352 948 1432 semipedem
973 1361 1041 1435 post
1064 1351 1153 1415 detur
1176 1352 1287 1434 syllaba
1312 1354 1412 1433 longa,

552 1457 616 1517 she
640 1463 832 1530 setectum,
856 1475 910 1519 seu
934 1458 967 1519 ht
989 1456 1027 1518 ab
1051 1455 1213 1538 adpositis:

553 1567 683 1640 atquae
707 1576 788 1622 nunc
812 1559 911 1622 brevis
935 1571 995 1632 est,
1021 1560 1070 1621 dot
1094 1559 1277 1642 paenultima
1303 1561 1392 1642 longa

551 1671 689 1744 tempore
713 1663 877 1744 producam
902 1672 1004 1726 cetere
1027 1675 1235 1744 permaneam.

487 1765 651 1827 uroiaasere
675 1765 776 1829 nulla
800 1785 879 1829 meo
902 1767 988 1836 iam,
1013 1767 1129 1849 produc
1153 1785 1249 1849 paene
1272 1784 1458 1849 supremam,

551 1869 603 1950 qui
624 1853 733 1931 loeus
755 1879 825 1932 ante
850 1871 921 1940 luit,
946 1869 1057 1934 lucus
1081 1878 1114 1932 ut
1137 1888 1202 1932 esse
1225 1878 1332 1952 queat:

550 1971 664 2034 ellleies
688 1979 833 2042 metrum,
859 1991 968 2036 nomen
992 1975 1042 2037 cui
1066 1971 1139 2034 dant
1163 1973 1350 2045 choriambo,

464 2143 466 2146 .
513 2131 518 2139 ,
550 2073 653 2137 nulla
677 2093 756 2137 meo
780 2077 848 2136 iam
872 2075 1004 2138 sedeat
1026 2075 1136 2138 turba
1161 2076 1320 2155 prolana
1345 2075 1441 2138 loeo.

441 2189 442 2192 ’
550 2179 727 2258 praemonui
751 2179 876 2240 chorion
901 2178 968 2250 diei,
992 2197 1082 2258 quem
1107 2197 1196 2266 saepe
1220 2178 1399 2258 trochaeum

484 2297 535 2342 aare
548 2279 688 2342 dicimus:
714 2281 763 2343 hle
786 2284 872 2363 prior
895 2291 956 2353 est,
980 2282 1056 2344 alter
1079 2281 1200 2344 iambon
1225 2279 1326 2342 hahet.

548 2381 653 2446 nulla
676 2403 755 2448 meo
779 2403 833 2466 pes
856 2385 988 2447 allicitur
1010 2387 1349 2472 gemiraatusntroque:

548 2489 619 2550 iam
643 2487 774 2551 sedeat
798 2487 991 2552 choriambos
1013 2491 1101 2550 item:
1127 2506 1195 2549 mox
1220 2487 1331 2549 turba
1357 2489 1468 2575 papia
1492 2507 1547 2570 pes

547 2593 655 2653 tertius
678 2592 796 2655 aceedit
817 2593 935 2654 similis.
981 2609 1051 2672 pars
1074 2590 1139 2660 illa.
1165 2608 1206 2652 aa
1231 2590 1337 2662 luco.

505 2715 510 2723 ·
547 2693 672 2758 bacchio
695 2694 841 2757 adversus
864 2695 915 2758 llet
938 2699 1008 2776 pes:
1033 2712 1102 2757 nam
1128 2693 1228 2756 brevis
1252 2702 1321 2755 ante
1345 2704 1391 2756 est

445 2856 448 2861 .
483 2815 534 2858 reae
547 2809 579 2862 et
601 2801 740 2878 geminae
763 2797 880 2878 longae.
926 2799 977 2860 laet
999 2795 1142 2861 catalexis
1166 2801 1195 2858 in
1219 2798 1319 2866 istum,

546 2904 617 2985 quia
642 2919 701 2964 noo
726 2901 860 2964 eiusdem
883 2895 1004 2982 'generis
1027 2901 1196 2983 deprensus
1219 2901 1250 2960 in
1274 2899 1335 2960 imo
1359 2907 1415 2971 est,

545 3015 578 3067 ut
600 3005 703 3068 docui:
728 3024 784 3068 aec
808 3008 888 3068 enim
912 3003 1007 3067 cludit
1029 2985 1223 3067 choriambus
1248 3002 1387 3064 honesto.
1437 3057 1440 3063 .

517 3101 519 3104 ’
544 3109 602 3171 hoc
625 3107 728 3172 Cereri
753 3117 850 3171 metro
874 3118 1008 3172 cantasse
1032 3106 1209 3170 Phalaecius
1232 3105 1364 3186 hymnos

544 3211 669 3274 dieitur:
694 3211 764 3275 hine
788 3222 906 3274 metron
931 3212 1034 3272 dixere
1059 3209 1236 3292 phalaeelon
1263 3207 1353 3270 istud.

479 3330 530 3371 assa
545 3333 599 3378 aee
624 3333 684 3378 non
708 3325 738 3377 et
760 3315 885 3377 memini
910 3313 1036 3396 pedibus
1059 3323 1164 3396 quater
1189 3312 1235 3375 his
1259 3313 1396 3393 repetitis

545 3417 687 3499 hymnum
714 3417 870 3482 Battiaden
895 3415 1018 3480 Phoebo
1042 3425 1177 3479 cantasse
1202 3415 1333 3494 levique.

544 3529 696 3602 pastorem
720 3521 893 3608 Branchum
917 3540 985 3584 cum
1009 3527 1115 3601 captus
1139 3537 1241 3580 errrore
1265 3517 1374 3600 pudico

544 3623 680 3687 fatidicas
702 3633 801 3686 sertas
823 3624 925 3688 docuit
948 3625 1128 3715 depromere
1151 3623 1260 3685 Paean.

543 3731 595 3810 qui
619 3727 730 3789 urultos
752 3727 867 3808 legere,
892 3734 1004 3807 negant
1027 3727 1084 3788 hoe
1108 3745 1236 3807 corpore
1260 3727 1350 3788 metri

290 3863 494 3876 ——-—.

352 3933 520 3986 recl-rant
540 3933 613 3985 Μαν.
628 3932 729 3986 Victor.
749 3893 809 3989 127.
826 3935 937 3996 1-128,
950 3937 982 3983 11
999 3932 1071 3984 Caes.
1085 3933 1159 3982 Burs.
1174 3933 1235 3994 263,
1252 3933 1383 3990 23-2ct,
1403 3935 1432 3984 ld
1504 3936 1606 3986 1886-

282 4017 348 4070 1888
365 4017 446 4070 schol.
459 4021 485 4070 ia
499 4017 567 4070 Stat.
585 4019 661 4070 Theo.
674 4019 708 4070 ΙΙ
712 4019 726 4070 1
739 4021 789 4070 179
803 4016 915 4070 Branchi
930 4020 1046 4069 uaenrlnlt
1057 4017 1227 4068 Terentianus
1241 4017 1272 4067 de
1286 4018 1388 4076 metris,
1402 4018 1530 4085 Hymnum
1543 4039 1600 4089 sqq.

350 4191 417 4244 1898
439 4193 551 4259 palmum
580 4203 605 4242 et
626 4191 785 4257 sernipedem
809 4190 949 4242 Sceleratus
971 4190 1085 4241 Primum
1105 4203 1132 4240 ut
1159 4189 1315 4255 semipedem
1335 4189 1365 4239 M
1436 4193 1503 4243 1871
1526 4208 1601 4258 prae·

282 4277 380 4344 ιιιοιιιιί]
398 4296 421 4330 o.
440 4282 520 4333 1888.
539 4281 608 4330 1188
633 4289 638 4298 ’
681 4276 1192 4329 1883Philiaciuset1884Phillscion
1217 4277 1328 4328 coniecit
1346 4275 1493 4328 Satriculae.
1529 4283 1601 4343 ‘poe-

279 4371 319 4413 aet
336 4363 377 4414 hie
401 4365 550 4416 hexametro
568 4363 657 4426 scribi,
680 4370 706 4414 et
723 4379 801 4414 aaran
818 4365 939 4430 momiano
963 4363 1032 4414 istud
1051 4363 1185 4414 Philleleu.
1220 4364 1269 4414 seri
1291 4377 1373 4430 neque
1391 4362 1432 4414 hie
1450 4362 1538 4414 Phillel
1558 4381 1600 4416 ae·

280 4465 334 4500 raam
357 4465 445 4502 nomen
467 4452 549 4503 lorum
566 4449 656 4510 habet,
681 4464 762 4516 neque
780 4465 857 4500 uersu
880 4451 947 4502 1885
970 4450 1123 4514 quinquies,
1146 4450 1189 4501 ubi
1206 4459 1297 4513 quater
1320 4450 1422 4514 lepitur.
1459 4458 1600 4514 praeterea

282 4533 452 4587 Terentianus
470 4551 547 4588 amu
565 4538 635 4588 1916
652 4537 780 4601 alquifleat
798 4535 962 4587 Phalaeclam
983 4539 1027 4603 qai
1045 4551 1095 4587 aon
1107 4537 1142 4586 rit
1158 4534 1398 4600 heuderaapdabua'
1413 4534 1602 4588 Larhmanaue.

282 4619 438 4674 Terentiana
456 4637 573 4674 errorem
590 4622 752 4673 tribuendum
774 4636 830 4672 esre
848 4623 907 4674 dici
928 4639 1011 4688 supra
1031 4639 1059 4686 p.
1081 4625 1131 4672 251
1204 4621 1270 4672 1886
1294 4617 1430 4668 Battiaden
1451 4619 1605 4672 Petraeinur

280 4705 421 4757 Battiadem
446 4707 480 4758 M
499 4707 633 4758 Battiadae
654 4707 734 4758 schol.
758 4709 784 4758 ln
809 4705 876 4760 Stat.
906 4708 982 4764 Theb.
1001 4707 1054 4758 III
1074 4709 1123 4757 179
1197 4707 1262 4756 1881
1288 4713 1418 4770 pastorem
1443 4701 1605 4759 Branchum:

280 4805 356 4852 quem
375 4790 509 4844 Bentleiaa
527 4795 553 4844 ira
574 4793 668 4848 Gallim.
685 4795 780 4859 frapm.
801 4811 828 4854 p.
850 4799 902 4846 127
920 4797 961 4847 ed.
983 4793 1047 4844 Ere.
1069 4793 1166 4860 pastori
1185 4801 1210 4840 et
1228 4787 1358 4847 Branche,
1383 4803 1460 4852 quaeat
1481 4789 1607 4847 Borthius

279 4875 305 4925 ia
324 4874 392 4929 saar.
411 4877 486 4931 Theb.
501 4877 555 4929 111
566 4882 631 4932 178:
649 4880 685 4944 os.
700 4879 845 4945 Hephaest.
864 4900 892 4947 p.
913 4884 994 4946 31,17
1011 4881 1053 4934 ed.
1076 4878 1195 4945 Westpl.
