3888 5550
403 349 468 416 418
821 366 923 416 nanu
946 365 1068 415 rnorn
1092 367 1313 418 succeperis

486 543 620 605 'sortiunt
646 541 765 612 librum.
790 561 880 625 quent
904 522 1060 624 prioribus
1083 541 1201 606 duobus
1223 543 1335 614 addidi,
1353 544 1425 608 olim
1450 546 1536 609 ilarii
1551 546 1639 610 Plotii
1662 565 1717 609 no·

401 647 480 708 nrine
503 648 682 728 inscriptum
699 649 862 728 separatim
886 646 1022 709 ediderat
1038 644 1198 709 Putsclrius
1221 651 1271 708 ‘ex
1288 650 1409 730 scriptis
1425 669 1501 731 quae
1524 650 1724 730 suppeditavit

400 749 573 812 llererend.
591 748 727 813 Andreas
751 750 894 814 Schottus
924 759 954 812 ct
984 749 1110 813 loannes
1139 750 1343 818 aWouner’.
1389 753 1469 814 lrunc
1496 755 1528 815 iu
1553 749 1650 816 tribus
1673 771 1720 815 re·

401 852 516 916 teribus
538 851 694 916 codicibus
716 856 861 937 scriptum
885 855 1001 923 inreni,
1026 853 1216 927 valentiano,
1240 854 1396 928 Leidensi,
1421 855 1569 919 Parisino.

486 982 584 1046 Codex
601 981 848 1046 Valentiauns
873 985 903 1045 in
926 981 1111 1046 bibliotheca
1136 983 1257 1064 publica
1281 987 1346 1046 eius
1369 954 1498 1048 cibtatis
1520 981 1602 1048 no.
1621 983 1637 1046 1
1655 987 1713 1046 tor·

401 1104 467 1147 ntae
494 1085 658 1168 quadratae
688 1089 816 1149 minoris
846 1087 976 1168 scriptus
1007 1095 1052 1148 est
1075 1085 1195 1149 saeculo
1226 1106 1315 1150 nouo.
1362 1085 1420 1150 tuit
1443 1086 1515 1150 olim
1539 1089 1569 1151 S.
1594 1089 1716 1151 durandi

399 1187 594 1260 dinanensis,
624 1189 702 1252 sicot
732 1189 895 1252 indicatum
925 1201 972 1252 cst
999 1192 1029 1251 in
1060 1191 1156 1270 prirua
1180 1191 1286 1272 pagiua
1310 1189 1402 1254 ‘liber
1423 1195 1604 1254 monasterii
1624 1195 1721 1254 suncti

399 1294 534 1354 rimandi
554 1295 585 1354 iu
601 1293 720 1355 Pabula
743 1296 862 1356 ordinis
876 1291 943 1356 diui
956 1293 1141 1361 Benedicti.
1186 1292 1321 1356 breviter
1345 1293 1515 1377 descriptus
1531 1305 1577 1356 est
1600 1293 1719 1357 atteru-

399 1415 509 1458 ruauuo
526 1395 637 1458 Archiv
661 1395 894 1460 derGesellsch.
919 1397 938 1457 i.
964 1396 1013 1458 alt.
1039 1395 1184 1458 deutsche
1208 1395 1316 1460 Gcsch.
1344 1415 1367 1458 r.
1394 1395 1458 1459 Vlll
1483 1417 1511 1479 p.
1536 1394 1587 1458 94.
1635 1396 1719 1458 Plotii

400 1497 476 1561 iiber
506 1502 536 1560 iu
567 1501 675 1579 prirnis
703 1498 953 1580 rpratcrnioniirus
982 1507 1098 1579 septem
1125 1501 1256 1580 scriptus
1285 1510 1330 1562 est
1359 1504 1411 1572 ita,
1441 1501 1460 1562 i.
1488 1495 1592 1562 1-56
1616 1503 1721 1578 incipit

399 1605 476 1664 liber
491 1605 586 1664 marri
595 1605 695 1680 plotii.
730 1605 853 1666 Murius
865 1606 978 1680 plutius
992 1605 1138 1666 sacerdos
1160 1607 1319 1681 composui
1338 1621 1445 1667 routoe
1467 1605 1578 1666 dormis
1601 1605 1640 1665 dc
1661 1621 1717 1664 utc-

398 1709 455 1768 uu's
473 1741 509 1751 -
522 1709 633 1784 primo.
680 1705 831 1784 explicito
853 1715 923 1768 euru
945 1717 1045 1769 metro
1073 1710 1168 1768 mitrii
1183 1710 1282 1786 plocio·
1299 1711 1455 1784 pontificis
1483 1725 1522 1770 uc
1548 1709 1718 1770 sacerdotis

396 1812 532 1872 uroximi.
579 1819 747 1889 sequuntur
781 1807 890 1872 deiude
920 1810 1017 1872 Servii
1051 1812 1244 1882 centimeter,
1274 1813 1509 1874 commentarius
1543 1809 1580 1872 tle
1616 1811 1718 1872 metris

398 1912 509 1982 boetii,
534 1913 668 1975 Senecae
684 1912 859 1994 proverbia,
884 1923 1026 1994 quattuor
1041 1917 1269 1996 epigrammata,
1296 1913 1430 1977 Senecae
1454 1913 1544 1977 ludus
1568 1915 1606 1976 de
1623 1925 1717 1976 morto

397 2015 525 2087 Claudii,
556 2015 700 2098 epistulae
725 2025 755 2078 et
779 2034 882 2078 versus
906 2017 1060 2080 ll'alairidi
1085 2015 1194 2081 Strabi.
1242 2021 1272 2080 io
1297 2017 1386 2079 Plotii
1411 2017 1490 2079 libre
1515 2026 1599 2080 vetris
1622 2019 1717 2098 scrip-

398 2129 464 2182 tura
488 2121 592 2202 paucis
615 2117 689 2182 locis
714 2119 770 2182 alia
787 2138 886 2190 uratia,
911 2139 989 2200 quae
1012 2139 1072 2183 non
1096 2118 1191 2182 tuulto
1215 2122 1366 2201 posterior
1389 2140 1456 2184 esse
1480 2118 1553 2182 utilri
1578 2122 1640 2182 risa
1664 2128 1717 2191 est,

397 2231 520 2295 rrrutata,
545 2240 605 2284 nou
630 2223 710 2285 rrtrlla
734 2225 823 2285 etiarn
848 2221 966 2286 receuti
989 2243 1095 2295 nrarnr,
1124 2241 1201 2302 quae
1225 2227 1332 2306 quinto
1355 2224 1474 2314 decipio
1497 2222 1619 2286 saecule
1643 2225 1719 2286 nnti-

397 2329 485 2406 quior
508 2346 567 2389 uon
592 2337 651 2398 est,
674 2336 811 2388 correcta
835 2335 915 2389 suot.

482 2455 581 2518 Codex
599 2455 798 2518 Leidensis
822 2459 902 2518 inter
918 2455 1077 2518 Vossiauos
1093 2455 1209 2518 iciunae
1226 2457 1352 2519 miinoris
1370 2476 1399 2518 n.
1417 2453 1458 2518 to
1475 2461 1526 2520 ‘ec
1540 2457 1720 2518 bibliotheca

394 2559 523 2620 illustris
548 2559 656 2621 Isouci
684 2560 781 2621 l'ossir'
803 2563 889 2622 276⁹,
905 2561 1042 2622 continet
1069 2562 1199 2641 primurn
1229 2560 1248 2621 i.
1275 2557 1379 2622 1-32
1407 2559 1535 2621 saecli
1565 2559 1719 2622 Ciceronis

396 2661 433 2722 de
457 2669 610 2723 senectute
633 2661 744 2724 libruru
768 2671 797 2723 et
822 2660 927 2724 breves
950 2668 1097 2724 tractatus
1120 2662 1157 2724 de
1181 2665 1274 2725 arrinti
1299 2661 1445 2734 trictibus,
1470 2661 1507 2724 de
1531 2661 1660 2732 raritudo,
1684 2662 1720 2723 de

396 2765 527 2844 supinis;
557 2765 665 2827 deiude
692 2765 750 2828 alia
781 2783 876 2844 eaque
904 2766 1074 2845 antiquiore
1104 2785 1210 2836 mauu,
1237 2784 1326 2846 «quarn
1351 2775 1452 2828 tannen
1476 2767 1572 2844 ipsane
1597 2783 1717 2846 «puroque

396 2867 514 2928 ‹lecituo
543 2867 663 2930 saeculo
688 2868 879 2932 tribuendam
904 2871 1013 2949 putari,
1043 2871 1063 2930 l.
1088 2865 1215 2932 33-63
1244 2869 1323 2932 bunc
1352 2867 1439 2930 Plotii
1463 2867 1592 2936 librtuu,
1619 2866 1718 2930 ellarii

391 2973 483 3047 plolii
502 2973 672 3034 sacerdotis
694 2975 731 3034 dc
753 2976 865 3034 rrtctris.
912 2975 1034 3035 dlutius
1054 2975 1170 3050 plotius
1191 2974 1339 3036 sacer-uos
1361 2973 1519 3050 composui
1539 2987 1644 3033 rouruc
1668 2974 1718 3033 rio-

394 3090 465 3136 cens
493 3075 531 3133 dc
552 3077 656 3138 irretris
682 3111 718 3120 -
742 3079 855 3153 priano,
888 3079 909 3138 l'.
935 3071 1063 3138 63-64
1086 3077 1131 3137 De
1153 3077 1281 3138 herodio
1308 3077 1477 3139 euclrcrius.
1523 3077 1666 3137 herodios
1688 3079 1717 3135 iu

393 3167 514 3254 psaltae
529 3211 572 3224 -
586 3183 724 3256 reperire
737 3183 861 3260 poterit,
886 3181 905 3241 i.
923 3175 1049 3241 65-71
1068 3178 1163 3241 Servii
1180 3181 1403 3251 ceratinaetrunr,
1431 3179 1501 3242 Titi
1513 3179 1596 3241 ittruc
1611 3214 1654 3223 —
1668 3198 1716 3240 uo·

395 3283 524 3342 luntatis
539 3291 681 3343 exornat.
727 3301 763 3344 ex
787 3291 928 3364 quattuor
944 3281 1206 3364 quaternionibus,
1231 3284 1261 3344 iu
1279 3281 1389 3362 quibus
1405 3281 1491 3344 Plotii
1517 3282 1596 3344 liber
1619 3284 1715 3363 scrip·

396 3393 445 3444 tus
469 3391 526 3454 est,
551 3393 613 3446 tres
637 3387 725 3465 prirni
750 3383 861 3448 liabent
884 3403 1027 3448 rtttnrcros
1043 3387 1163 3467 antiqua
1189 3403 1278 3448 macru
1296 3386 1465 3467 adscriptos
1489 3385 1499 3447 l
1525 3383 1548 3446 ΙΙ
1574 3385 1622 3446 ΙΙΙ.
1669 3403 1715 3445 re·

396 3497 443 3548 tus
472 3491 622 3567 scriptura
652 3489 681 3548 iu
713 3487 769 3548 ltoc
796 3507 916 3568 quoque
941 3487 1058 3562 codice,
1089 3491 1168 3551 sicut
1192 3491 1220 3551 iu
1245 3490 1414 3570 stupratione,
1439 3491 1542 3567 paucis
1566 3487 1639 3551 locis
1662 3485 1715 3551 alia

397 3608 485 3652 rnann
510 3608 605 3670 eaque
629 3608 688 3652 uou
714 3589 808 3652 tunito
832 3593 1001 3653 recentiore
1025 3602 1161 3654 correcta
1188 3602 1242 3655 cst.
1289 3595 1506 3672 inscriptiones
1530 3611 1670 3654 versuum
1687 3599 1715 3651 et

394 3703 564 3756 irretrnrum
588 3697 619 3756 in
644 3699 746 3776 priore
769 3704 855 3777 parte
879 3693 948 3755 libri
973 3693 1067 3757 rubro
1090 3693 1192 3757 colore
1216 3697 1324 3778 pictae,
1348 3695 1419 3758 iude
1443 3714 1459 3757 a
1483 3697 1574 3757 tertie
1599 3703 1715 3777 qnater·

396 3798 485 3859 nione
511 3797 551 3876 (p.
576 3794 671 3880 2644)
696 3801 826 3861 omissae
849 3806 929 3860 sunt.

483 3926 580 3990 Codex
599 3927 807 4001 Parisinus,
831 3926 901 3988 cliro
919 3927 1189 4004 Saugerrnanensis
1209 3927 1300 4004 tuot,
1323 3929 1436 3992 termae
1460 3929 1623 4012 quadratae
1646 3946 1709 3990 sae·

396 4030 463 4092 culo
492 4031 609 4092 dcciruo
638 4034 771 4112 scriptus
800 4033 878 4092 iuter
907 4027 999 4090 inulta
1023 4041 1163 4112 excerpta
1189 4051 1224 4094 ex
1250 4035 1338 4096 rariis
1361 4031 1561 4114 scriptoribus
1592 4031 1712 4094 collecta

396 4133 481 4196 Plotii
506 4133 616 4196 librrun
641 4136 774 4197 coritinet
802 4135 822 4195 i.
842 4127 1020 4198 too-158,
1046 4137 1168 4197 illarius
1182 4140 1296 4214 plotius
1317 4140 1467 4199 sacerdes
1489 4135 1646 4214 composui
1666 4153 1712 4198 ro-

396 4256 443 4300 ure
474 4239 589 4300 docens
612 4238 650 4298 dc
678 4242 782 4300 taetris
804 4271 846 4282 -
865 4237 977 4314 primu.
1002 4240 1086 4315 erpi.
1117 4241 1281 4302 demetria
1311 4243 1410 4302 rutrrir'
1427 4241 1517 4315 ptotu'
1539 4241 1714 4302 sucerdotis.

398 4340 449 4401 sed
477 4341 507 4402 iu
533 4339 588 4402 lroc
613 4342 712 4402 orttnia
737 4343 802 4402 sine
826 4337 919 4402 titulis
943 4338 1083 4400 continua
1107 4351 1137 4401 et
1159 4345 1271 4404 rninuta
1296 4345 1446 4424 scriptura
1462 4345 1585 4424 scripta,
1609 4359 1713 4422 graeca

399 4443 535 4524 exerrrpla
568 4461 628 4505 neu
652 4443 782 4506 iudicata
805 4442 910 4505 lacuna
936 4451 1108 4503 constanter
1131 4448 1249 4518 omissa,
1275 4455 1304 4507 et
1328 4464 1365 4506 ne
1389 4463 1422 4508 ca
1446 4463 1523 4526 quae
1552 4447 1713 4528 praeterita

397 4559 482 4610 eraut
514 4547 770 4620 desiderarentur,
800 4547 979 4631 plerumque
1002 4545 1032 4606 iu
1058 4547 1120 4609 eius
1144 4548 1225 4610 rnodi
1249 4549 1323 4612 loeis
1346 4547 1437 4610 rerba
1461 4549 1650 4628 grammatici
1675 4545 1713 4609 le·

397 4655 473 4715 riter
495 4660 607 4716 motata
633 4661 712 4715 sunt.

484 4781 644 4844 Praeterea
671 4785 702 4843 in
726 4782 831 4843 codice
855 4783 973 4844 Cusarw
997 4781 1028 4843 C.
1053 4778 1093 4842 14
1115 4781 1236 4845 saeculo
1265 4779 1443 4844 duodecinto
1465 4782 1597 4861 scripto.
1628 4798 1713 4860 quern

397 4893 536 4945 accurate
570 4884 731 4964 descripsit
759 4882 902 4965 insopitus
927 4882 1010 4945 lileiu
1042 4885 1164 4954 „Ueber
1189 4889 1257 4947 eine
1282 4882 1476 4946 llaudselniit
1499 4884 1551 4946 des
1576 4883 1711 4946 Nicolaus
