3850 5560
905 406 1017 458 molal
1040 405 1228 458 monost

771 749 774 756 ,
948 685 999 750 llll
1020 685 1184 752 euutuvs

834 830 853 872 s
924 841 926 846 ·
1058 831 1145 872 em
1284 829 1302 870 e

456 939 462 950 ·
485 905 721 994 ¹l'entasyllabos
739 915 829 976 etiam
846 909 967 994 quidam
985 916 1014 975 et
1029 910 1237 994 hexasyllabos
1253 913 1357 994 pedes,
1379 929 1458 995 quos
1473 911 1581 975 Graeci
1597 915 1737 993 syzygias

376 1019 379 1032 '
408 1023 530 1086 vocant,
562 1014 718 1078 iaciendos
746 1013 1119 1104 crediderunt-quomam
1150 1014 1238 1077 nobis
1266 1014 1419 1108 superllua
1456 1023 1486 1076 ct
1514 1016 1611 1078 inanis
1639 1033 1736 1098 opera

408 1117 596 1200 repudienda
619 1129 673 1191 est,
698 1135 766 1182 cum
784 1117 1003 1183 eorum'etiam
1024 1117 1147 1200 pedum,
1171 1135 1248 1200 quos
1272 1137 1362 1200 supra
1380 1121 1630 1186 enumeravimus.
1655 1135 1733 1180 eon·

313 1227 317 1234 '
408 1222 511 1304 plures
541 1219 578 1284 eb
602 1223 685 1284 omni
702 1225 827 1285 metrica
848 1223 853 1301 1
873 1219 1035 1303 disciplina
1059 1221 1149 1284 alieni
1177 1223 1246 1284 sint.
1294 1239 1331 1285 ex
1346 1221 1394 1284 bis
1417 1222 1497 1284 enlm
1521 1221 1657 1305 pedibus,
1678 1225 1763 1304 quis

410 1343 446 1404 ex
469 1322 612 1387 brevibus
635 1333 745 1402 autes
769 1323 868 1404 longis
883 1322 1005 1406 syllabis
1028 1325 1068 1385 ita
1091 1325 1311 1396 coniiciuntur,
1340 1327 1428 1387 utin
1452 1323 1500 1388 bis
1522 1325 1679 1388 brevitatis
1705 1333 1737 1385 et

409 1426 607 1508 longitudinis
631 1432 759 1491 serietas
775 1427 857 1490 nulla
880 1428 928 1498 sit,
953 1429 1009 1490 nisi
1034 1446 1069 1489 ex
1093 1425 1192 1508 longis
1215 1436 1244 1490 et
1266 1425 1411 1490 brevibus
1428 1426 1551 1510 syllabis
1573 1429 1736 1508 temperati

369 1553 371 1558 ·
410 1532 614 1612 adiungantur
630 1531 733 1612 pedes,
757 1539 889 1594 metrum
905 1533 1028 1594 omuino
1045 1529 1123 1592 effici
1140 1549 1200 1593 non
1216 1538 1325 1613 potest.
1365 1549 1436 1593 narn
1453 1549 1520 1595 cum
1537 1549 1587 1592 ars
1609 1531 1737 1607 musica,

409 1653 487 1718 qnae
511 1641 557 1698 est
580 1637 713 1697 inomni
737 1635 817 1696 vocis
833 1651 908 1697 sono
931 1632 1149 1696 moderationis
1173 1651 1207 1695 ac
1229 1635 1383 1695 suavitatis
1405 1633 1565 1704 inventrix,
1591 1635 1736 1696 metricae

409 1757 531 1821 quoque
555 1739 682 1800 rationis
704 1739 847 1819 princeps
862 1755 897 1799 ec
921 1739 1065 1816 magistra
1088 1739 1141 1805 sit:
1166 1736 1271 1799 eadem
1293 1754 1367 1800 vero
1390 1737 1429 1799 ita
1453 1755 1561 1799 nervos
1590 1735 1735 1799 testudini
1750 1749 1774 1791 ro

303 1879 314 1900 .
393 1842 594 1918 ‚adiunxerit
617 1846 651 1902 ut
673 1859 779 1903 eorurn
796 1839 847 1903 alii
863 1851 997 1912 acutum,
1019 1837 1068 1901 alii
1084 1855 1206 1918 gravem
1223 1858 1331 1904 sonum
1347 1840 1520 1908 redderent.
1544 1838 1734 1920 eandemque

410 1935 517 2008 vocum
534 1943 766 2020 distinctionem
783 1941 926 2006 tibiarum
944 1943 1144 2006 foraminibus
1163 1939 1169 2028 Ι
1190 1945 1345 2025 aptaverit,
1364 1941 1502 2007 uidelicet
1513 1943 1593 2025 quod
1606 1943 1736 2005 canendi

411 2045 540 2111 dulcedo
563 2050 629 2112 sine
654 2046 710 2108 bac
734 2046 878 2109 verietate
902 2047 1032 2109 existere
1056 2044 1137 2109 nulla
1161 2049 1270 2129 possit:
1302 2049 1344 2118 is,
1373 2049 1430 2130 qui·
1453 2065 1489 2109 ex
1518 2045 1565 2110 liis
1594 2045 1733 2127 pedibus.

411 2151 462 2232 qui
489 2149 568 2213 solas
596 2153 628 2212 iu
658 2167 690 2212 se
720 2148 828 2212 breves
858 2157 909 2211 aut
938 2147 1017 2212 solas
1045 2149 1153 2230 longas
1180 2147 1308 2232 syllabas
1336 2149 1507 2220 habebunt,
1536 2148 1617 2212 ellici
1644 2168 1733 2231 posse

412 2261 543 2317 metrum
566 2251 758 2323 existimabit,
782 2250 820 2314 ab
843 2255 926 2315 omni
950 2253 1064 2315 musica
1080 2252 1218 2315 doctrina
1241 2262 1430 2316 transversus
1446 2252 1543 2316 lertur
1565 2263 1595 2315 et
1619 2251 1731 2315 devius.
1747 2265 1772 2305 1⁵
1788 2293 1802 2337 ‚-

410 2365 535 2421 atvero
560 2374 595 2418 ex
620 2355 725 2436 viginti
748 2364 778 2418 et
801 2363 868 2417 octo
891 2354 1002 2437 pedum
1025 2372 1168 2426 numero,
1202 2363 1274 2436 quot
1296 2373 1388 2437 supra
1417 2353 1650 2427 deelaravimus,
1680 2355 1733 2436 qui

411 2459 516 2521 metris
538 2458 636 2520 utiles¹
651 2459 712 2520 sint
734 2468 766 2519 ut
790 2467 948 2539 appareat,
977 2455 1042 2541 ipsa
1066 2459 1198 2540 prlmum
1228 2471 1394 2522 metrorum
1423 2475 1535 2538 genera
1565 2478 1642 2542 quae
1664 2460 1732 2525 sint

412 2559 681 2624 demonstrandum
717 2559 804 2624 nobls
839 2570 899 2631 est:
934 2553 1003 2642 post
1033 2561 1084 2642 qul
1118 2563 1223 2632 metris
1252 2570 1303 2625 aut
1330 2561 1510 2650 conveniant
1538 2553 1593 2624 aul
1619 2559 1657 2624 ab
1686 2560 1733 2622 his

235 2757 244 2768 ·
290 2701 295 2706 ·
401 2663 595 2746 discrepent,
621 2661 870 2746 explicandum!

814 2857 820 2869 '
841 2845 843 2852 ’
905 2853 953 2916 llll
976 2851 1117 2918 mutuis
1141 2852 1243 2918 OG'l'O
1744 2869 1769 2909 ω

501 2975 580 3038 Sunt
601 2975 694 3056 igitur
710 2984 876 3038 metrorum
894 2991 1005 3054 genera
1022 2974 1104 3046 baec
1129 2974 1320 3058 dactylicum,
1344 2974 1514 3047 iambicum,
1533 2973 1731 3047 trochaicum,

414 3079 650 3162 anapaesticum‚
674 3076 922 3146 choriambicum.
947 3079 1185 3161 antispastlcum
1209 3075 1342 3142 lonicum
1366 3097 1381 3140 a
1405 3081 1528 3150 maiore,
1559 3079 1729 3142 ionicuma

414 3181 543 3246 minore.
583 3181 682 3264 siquid
706 3199 779 3261 ergo
802 3191 923 3262 praeter
939 3179 1023 3253 naec.
1049 3181 1129 3262 quod
1154 3200 1213 3244 non
1230 3181 1266 3244 ad
1291 3187 1403 3244 certem
1420 3180 1530 3263 pedum
1554 3179 1660 3262 legem,
1679 3179 1729 3242 sed

413 3285 448 3347 ad
474 3294 643 3366 temporum
667 3287 817 3347 rationem
842 3284 1025 3366 modumque
1049 3285 1212 3362 referatur,
1242 3283 1287 3346 rel
1311 3284 1425 3348 scribet
1447 3277 1596 3365 quispiam
1626 3283 1671 3344 sel
1693 3283 1729 3345 ab

392 3387 478 3472 ,alio
495 3390 644 3465 scriptum
667 3386 758 3465 leget,
782 3387 812 3450 id
836 3403 896 3450 non
921 3397 1060 3457 metrum.
1084 3386 1138 3449 sed
1160 3382 1322 3470 rhythmon
1346 3405 1412 3450 esse
1435 3390 1519 3458 sciat,
1548 3386 1655 3469 hisque
1679 3405 1727 3448 ex·
1743 3401 1767 3443 as

411 3495 625 3512 ..ι-ιι,-

481 3581 514 3632 al
532 3589 595 3630 sunt
612 3581 692 3644 igitur
709 3603 742 3614 -
760 3579 794 3628 ab
812 3591 871 3628 esse
889 3576 954 3627 sciat
966 3576 1066 3628 ludant·
1083 3579 1187 3628 collalto
1200 3549 1236 3629 de¹
1250 3579 1353 3629 ratione
1370 3585 1507 3629 memorum
1518 3593 1545 3644 p.
1560 3581 1594 3630 48
1605 3578 1646 3632 ed.
1660 3577 1728 3631 llon.

413 3683 619 3696 ffl-

481 3717 713 3802 iPentasyllitbus
741 3735 817 3784 etiam
845 3732 952 3796 quidem
980 3738 1008 3782 et
1035 3731 1219 3798 hexasyllabos
1243 3735 1291 3784 A..
1318 3737 1449 3798 laeuam,
1478 3735 1506 3784 t'a
1528 3749 1579 3805 pap
1601 3733 1729 3798 apamio

410 3825 505 3891 peden
517 3807 700 3888 imitatorum
712 3817 902 3885 seminum
915 3818 1165 3886 putaminum
1177 3821 1271 3870 emota
1283 3827 1330 3879 m,
1349 3821 1462 3870 recreant
1530 3815 1609 3887 quos]
1624 3817 1693 3882 qnae
1705 3816 1730 3867 r

426 3913 428 3918 ’
464 3906 661 3965 uinciendoP
746 3907 863 3971 lenpra
881 3903 908 3954 H
927 3917 1005 3970 saepe
1027 3903 1074 3956 ΡΑ
1161 3905 1370 3957 eirttmembimns
1390 3905 1415 3957 P
1482 3900 1634 3972 conplures]
1653 3917 1728 3968 quem

414 3994 501 4061 plures
521 3993 569 4044 ΡΑ
641 3991 884 4058 bdlsciplluumA
956 3986 1034 4054 enlm]
1054 3997 1140 4040 autem
1160 3991 1208 4041 ΡΑ
1260 3979 1484 4043 ’“6οοιιῆοὶαιιῑιιῐ
1503 3991 1528 4043 Ρ
1596 3989 1726 4040 inomd

465 4077 678 4143 Ssdiunguntur
697 4077 722 4127 P
789 4073 958 4126 musicamA
1041 4071 1277 4143 emoderstionis]
1296 4077 1482 4128 modolationis
1500 4075 1729 4128 eemreditionie

362 4227 365 4236 ¹
414 4163 640 4230 Henstnperlunee
658 4169 709 4212 net.
728 4164 801 4217 erud.
819 4161 894 4227 urps.
912 4177 938 4218 a.
956 4162 1024 4211 1739
1042 4177 1069 4226 p.
1088 4163 1122 4212 40
1203 4165 1234 4214 10
1251 4163 1361 4214 eandem
1380 4162 1405 4214 P
1480 4162 1660 4214 testudinisA

353 4255 355 4260 ’
415 4253 444 4301 ll
464 4247 508 4300 alil
527 4263 634 4315 grauem
653 4261 746 4298 sonum
769 4247 913 4314 Pgrauem
936 4245 995 4297 aliis
1014 4247 1111 4296 honum
1135 4261 1206 4300 eorr.
1225 4251 1259 4305 nl.
1278 4265 1308 4302 m.
1327 4249 1369 4300 elli
1393 4263 1499 4316 grauem
1523 4247 1661 4299 sonumA

413 4334 557 4402 sedemque
575 4359 609 4370 -
626 4335 754 4400 aptaverit
772 4349 866 4385 censor
884 4335 925 4384 ed.
944 4333 1072 4400 Heusinp.
1157 4335 1188 4383 tt
1207 4335 1354 4400 aptauerint
1373 4333 1420 4386 PA
1506 4336 1538 4385 ll
1556 4333 1622 4384 inter
1640 4333 1726 4382 breues

313 4475 322 4488 u
414 4419 462 4471 ΡΑ
482 4421 548 4470 lnter
566 4434 595 4472 se
613 4419 705 4470 breues
725 4421 753 4470 H
847 4422 878 4471 lb
895 4419 1055 4469 existimabit
1072 4419 1132 4470 eod.
1153 4417 1243 4473 Bomb.
1262 4421 1423 4471 existimauit
1442 4420 1466 4471 P
1481 4419 1642 4470 existimsuit
1659 4427 1686 4468 ut
1701 4417 1726 4468 A

466 4507 498 4557 16
516 4517 561 4555 out
579 4507 684 4556 ueroA
768 4507 839 4568 quod
857 4520 939 4572 supra
958 4505 1007 4556 ΡΑ
1089 4501 1276 4555 declarabimus
1297 4504 1321 4555 P
1401 4507 1433 4556 ll
1450 4507 1524 4557 metri
1544 4505 1620 4556 utiles
1638 4503 1688 4554 sint
1705 4501 1730 4551 P

413 4593 502 4642 metris
521 4590 583 4641 ntlle
601 4591 694 4642 siutA
782 4603 927 4658 appareant
944 4591 969 4642 P
1058 4588 1299 4643 substitutus
1318 4589 1374 4642 Ulll
1393 4589 1479 4643 Abte
1498 4587 1664 4640 uerutse

412 4679 446 4728 22
463 4685 618 4743 anapestum
638 4677 661 4728 A
765 4677 799 4728 28
816 4679 901 4740 siquis
922 4689 1023 4744 praeter
1041 4677 1103 4728 baec
1122 4676 1193 4741 quod
1213 4691 1265 4728 non
1284 4677 1431 4728 adsertam
1450 4677 1543 4743 pedum
1563 4675 1645 4740 legem
1663 4675 1724 4738 (non

413 4775 517 4833 accepte
536 4763 630 4832 pedum
656 4763 712 4830 lege
734 4765 776 4814 ed.
796 4761 894 4826 llam),
918 4763 964 4814 sed
988 4763 1020 4812 ad
1044 4775 1189 4830 temporum
1213 4763 1339 4813 rationem
1364 4763 1522 4825 modumque
1544 4759 1667 4810 celeratur
1688 4758 1725 4807 rel

413 4851 503 4901 scribit
525 4851 659 4916 quidpiam
683 4849 722 4897 rel
746 4847 779 4898 eb
801 4848 852 4899 allo
866 4850 1002 4915 -scriptum
1026 4847 1130 4916 legerit,
1159 4848 1186 4899 ld
1209 4863 1261 4900 nou
1285 4859 1408 4908 metrum,
1431 4847 1478 4899 sed
1500 4845 1648 4912 rhythmum
1671 4859 1726 4896 esse

413 4935 543 4986 existimet
561 4935 682 4986 Iuliam
699 4950 726 4998 p.
746 4937 781 4985 48
849 4935 883 4985 at
901 4935 989 4984 scribit
1008 4934 1167 4986 PseriblA
1236 4936 1270 4986 ab
1288 4933 1335 4984 sed
1353 4933 1482 4985 arithmon
1501 4933 1527 4984 P
1587 4963 1594 4969 ·
