3850 5560
346 338 431 453 ‘'594
580 347 583 352 ’
699 381 702 386 ·
803 383 808 396 ·
868 365 981 423 uentu
1004 339 1220 424 cusooonr'
1297 433 1299 438 ¹

1508 473 1531 512 p.
1543 459 1648 505 oto-tet
1662 457 1691 502 (i.

436 549 589 613 lletrurn
603 550 767 632 iambicum
786 551 956 614 trimetrum
981 551 1091 636 recipit
1106 521 1199 631 supra
1222 548 1320 614 dictos
1336 547 1429 632 pedes
1445 567 1563 613 omnes.
1600 548 1692 612 buius

373 651 546 735 exemplum

526 759 606 842 quod
630 779 664 823 os
687 760 842 828 vetustius.

412 861 587 942 histrum
615 861 779 927 iambicum
809 864 977 926 saturnium
1012 862 1103 926 hahet
1132 820 1294 926 iambicum
1322 871 1533 925 tetrametrum
1562 861 1689 925 colobon

205 1005 207 1012 ι
230 937 267 1060 ’1
374 974 404 1028 et
427 975 491 1029 tres
514 962 706 1031 trochaeos·
730 965 821 1030 buius
844 963 1082 1050 exemplum
1266 1021 1268 1028 ,
1468 1053 1472 1058 ¹
1703 981 1717 1040 ,⁵

420 1097 426 1110 .
526 1068 661 1134 merulae
683 1071 763 1153 quod
788 1089 823 1134 os
845 1079 980 1134 vetustae
1004 1088 1092 1134 mane
1115 1069 1211 1134 dulce·
1226 1079 1338 1133 cantat.

457 1173 586 1236 lletrum
622 1173 786 1238 iambicum
822 1175 1055 1257 hipponacteum
1091 1175 1202 1253 recipit
1230 1173 1324 1255 pedes
1357 1191 1410 1236 sex
1440 1170 1506 1252 lege
1525 1169 1536 1262 Ι
1551 1176 1688 1256 superius

360 1267 590 1358 ¹conprehensa,
615 1285 645 1340 el
668 1277 788 1342 additur
812 1280 838 1341 ei
861 1281 892 1341 in
916 1280 976 1341 line
998 1297 1053 1358 pes
1076 1275 1231 1341 bacchius.
1276 1279 1368 1340 buius
1389 1271 1561 1354 exemplum

515 1380 586 1458 ,ibis
609 1379 738 1445 liburnis
760 1384 840 1446 inter
863 1381 921 1446 alta
943 1385 1065 1445 naviuin
1089 1397 1263 1444 recurrens.

417 1477 428 1485 ’
458 1483 512 1548 Est
541 1487 631 1548 etiam
660 1484 787 1548 alterum
817 1496 948 1550 metrum
977 1484 1141 1548 iambicum
1169 1475 1419 1565 hipponactenm,
1448 1483 1526 1565 qnod
1556 1501 1573 1545 a
1602 1483 1688 1546 nobis
1703 1497 1727 1538 1⁰

344 1666 347 1674 Ι
373 1588 586 1669 conprobetur,
612 1590 641 1651 in
665 1608 724 1671 quo
747 1601 848 1653 sextus
870 1609 925 1672 pes
947 1588 1093 1669 spondius
1115 1591 1249 1671 ponitur.
1294 1587 1383 1650 huius
1407 1583 1577 1668 exemplum

524 1689 586 1753 hle
608 1711 679 1754 ooo
702 1693 863 1756 iambum
887 1692 1056 1755 reddidit
1077 1691 1210 1772 pedem
1233 1701 1388 1753 sextum.

457 1791 538 1857 llaec
561 1793 598 1856 de
621 1795 751 1858 lamhico
775 1807 872 1859 metro
895 1797 1008 1859 dixisse
1030 1797 1103 1858 eatis
1126 1795 1176 1857 sit.
1206 1793 1367 1858 sciendum
1389 1811 1461 1855 sane
1484 1795 1576 1874 ipsius
1598 1792 1687 1855 iambi

370 1913 435 1958 eom
460 1914 519 1958 rtur
536 1915 612 1967 esse
638 1908 679 1969 ut,
704 1917 838 1981 quamtis
854 1898 982 1964 altorum
1000 1899 1111 1992 pedum
1134 1900 1304 1962 adiumenta
1321 1899 1484 1978 acceperit
1507 1913 1572 1977 ipse
1589 1905 1687 1959 tameo

369 2015 424 2078 per
448 2016 482 2062 se
505 2019 610 2064 versus
634 2020 693 2064 uon
716 2003 894 2066 indecenter
918 2005 1053 2084 explere
1064 2005 1169 2085 possit,
1193 2011 1227 2065 ut
1250 2011 1296 2064 est
1318 1999 1393 2063 illud
1416 1999 1602 2110 Terentiam,
1701 2009 1727 2052 ¹⁵

525 2103 674 2177 adesto,
699 2105 819 2171 iambe
843 2125 999 2188 praepes
1022 2116 1058 2169 et
1074 2107 1133 2168 'tui
1157 2114 1277 2168 tenax.

349 2197 449 2287 ‘quod
472 2208 594 2288 quidem
620 2211 709 2272 etiam
740 2208 911 2292 dactylus'
903 2229 935 2273 tn
964 2209 1087 2274 herolco
1114 2210 1289 2272 hexametro
1319 2208 1468 2278 elllceret,
1498 2209 1556 2270 nisi
1586 2225 1687 2270 sersus

373 2307 529 2372 conclusio
553 2321 603 2374 aut
626 2312 789 2393 spondium
813 2323 866 2376 aut
890 2311 1066 2376 trochaeum
1091 2312 1287 2375 desideraret.
1339 2309 1429 2374 iambi
1457 2329 1530 2373 vero
1557 2327 1628 2372 usus
1655 2313 1686 2372 in

369 2415 506 2476 carmine
530 2417 572 2478 ita
597 2425 643 2478 est
666 2417 766 2477 rarius
789 2434 824 2479 ac
848 2416 1015 2497 multiplex,
1047 2425 1081 2478 ut
1102 2435 1135 2479 se
1159 2426 1190 2477 et
1212 2409 1271 2479 alte
1299 2411 1413 2478 attollat
1436 2424 1466 2475 et
1487 2432 1577 2495 qnam
1599 2415 1687 2495 aptis·

369 2516 446 2576 sime
470 2515 510 2578 ad
530 2517 715 2582 cotidianum
731 2519 874 2602 loquendi
899 2538 1014 2583 morem
1031 2520 1164 2591 accedat,
1189 2529 1219 2582 et
1242 2521 1281 2581 ita
1305 2519 1473 2582 insereris
1496 2509 1728 2598 utenhusqnen

349 2671 351 2676 .
370 2629 516 2692 versetur,
541 2624 680 2686 niellam
704 2625 735 2684 iu
752 2621 894 2687 mollibus
915 2642 950 2685 ae
973 2624 1111 2688 remissie
1127 2625 1154 2685 ci
1169 2623 1208 2684 sit
1231 2621 1288 2684 loci
1311 2620 1492 2703 plurimum;
1509 2621 1574 2693 hoc
1597 2623 1699 2703 siqui·'

369 2715 439 2808 dem
468 2741 537 2787 oum
568 2723 617 2788 alii
634 2727 872 2806 tragoediarum
907 2729 1073 2808 scriptores
1101 2735 1164 2789 tum
1200 2713 1373 2808 praecipue
1390 2723 1558 2809 Sophocles
1577 2725 1582 2804 Ι
1600 2734 1688 2805 atque

370 2824 544 2906 Euripides,
579 2831 609 2891 in
643 2831 788 2911 quantum
822 2830 870 2893 his
904 2841 950 2895 est
983 2831 1116 2900 libitum,
1157 2829 1339 2892 cothurnum
1374 2827 1559 2898 extulerunt,
1594 2839 1624 2890 ct
1657 2831 1687 2890 in

369 2927 551 3009 Lycambam
574 2927 772 2996 Archilochus
801 2937 928 3006 exarsit,
959 2943 989 2998 et
1017 2933 1182 2997 Menander
1211 2943 1300 3014 atque
1324 2933 1538 3013 Aristophanes
1568 2951 1686 2996 omnem

268 3059 274 3070 ·
307 3093 312 3114 Ι
369 3031 520 3096 hnmanae
541 3037 622 3100 ‘vitae
645 3038 845 3102 imitationem
869 3039 1020 3118 persecuti
1042 3044 1123 3110 sunt,
1151 3047 1181 3101 et
1204 3037 1367 3118 conplures
1389 3034 1477 3116 lyrici
1499 3053 1569 3098 suas
1592 3039 1686 3098 ranti-
1700 3045 1728 3088 ἥ

288 3149 296 3160 “
368 3133 453 3199 lenes
475 3156 598 3221 suaque,
612 3137 731 3203 ludicra
755 3152 987 3206 contexuerunt.

777 3331 850 3396 oe
872 3331 1005 3416 uerno
1028 3330 1250 3404 rnouunco

375 3453 377 3458 ’
457 3449 589 3515 iambico
611 3427 710 3517 autem
737 3463 834 3517 metro
862 3449 1047 3517 trochaicum
1073 3460 1220 3521 metrum,
1249 3451 1384 3532 quamvis
1413 3457 1442 3512 et
1470 3450 1629 3532 spondium
1659 3461 1688 3512 et

370 3563 566 3658 anapaestum
589 3565 620 3619 el
643 3555 793 3637 dactylum
817 3553 954 3638 recipiat,
980 3565 1019 3618 nt
1035 3555 1208 3626 iambicum,
1239 3574 1275 3617 eo
1299 3563 1398 3616 tamen
1423 3562 1469 3615 esi
1491 3557 1684 3623 eontrarium,

373 3655 452 3735 quod
476 3656 506 3719 in
531 3658 660 3740 iambico
683 3679 774 3742 snpra
805 3659 876 3729 dicti
906 3660 998 3741 pedes
1026 3657 1101 3722 locis
1130 3669 1245 3721 tantum
1274 3656 1446 3738 inparibus,
1476 3658 1506 3717 in
1536 3657 1690 3762 trochaico
1699 3669 1727 3709 ω

345 3935 348 3941 Ι
438 3863 471 3914 nr
491 3862 535 3914 ut:
556 3865 669 3918 sterno
688 3865 991 3930 consurrecturos.
1010 3871 1044 3918 ss

426 4057 456 4104 -t
474 4053 603 4122 colophon
622 4021 700 4107 PAl-
753 4059 838 4108 btres
859 4069 960 4107 troceus
980 4057 1004 4106 A
1080 4058 1099 4107 .’1
1118 4071 1167 4106 sex
1185 4055 1214 4106 H
1233 4070 1265 4104 ex
1285 4054 1334 4107 ΡΑ
1412 4053 1524 4104 diritius
1543 4051 1687 4119 exemplum

370 4155 417 4192 on.
440 4139 488 4192 ΡΑ
563 4139 925 4207 consonantiarum
996 4141 1141 4193 emoreris
1173 4113 1188 4164 t
1213 4142 1245 4192 ts
1263 4139 1342 4190 tamn
1360 4154 1417 4188 enm
1438 4139 1489 4188 tom
1507 4138 1536 4190 n
1554 4139 1687 4188 temtum
1798 4177 1801 4181 .
1856 4171 1864 4180 .

335 4227 424 4298 ¹uirn
445 4225 494 4276 ΡΑ
568 4228 600 4277 te
618 4223 720 4294 edesio]
745 4228 894 4280 Terentiam.
908 4229 978 4278 2182
1049 4244 1142 4295 propes
1162 4227 1234 4277 ettui
1249 4224 1366 4276 texsxP
1382 4239 1476 4292 propes
1495 4226 1686 4282 ettuitexstA

425 4313 455 4368 ii
474 4311 584 4363 dactilos
603 4313 630 4362 in
650 4314 736 4364 stoico
756 4315 781 4366 A
799 4314 910 4364 dactilus
929 4315 1014 4363 eroico
1034 4313 1059 4364 P
1126 4313 1226 4364 elicere
1244 4311 1270 4365 A
1343 4310 1373 4363 ts
1391 4309 1558 4362 conclusione
1578 4309 1626 4362 ΡΑ

373 4399 405 4448 19
425 4413 453 4448 εε
466 4409 491 4448 ει
509 4413 586 4460 quarn
605 4399 745 4466 aptissime
763 4400 863 4451 attollat
881 4409 905 4448 et
917 4399 967 4449 alte
980 4399 1012 4450 ad
1027 4399 1075 4450 ΡΑ
1096 4409 1119 4450 et
1138 4413 1215 4464 quern
1234 4399 1360 4448 altissime
1372 4396 1472 4448 attollat
1490 4407 1515 4446 et
1533 4387 1592 4463 apte
1610 4396 1641 4446 ad
1662 4395 1689 4446 H

370 4497 395 4534 er
413 4496 492 4546 quam
511 4481 636 4536 altissime
654 4485 754 4539 attollat
772 4499 797 4538 et
814 4501 897 4552 ecque
917 4485 1049 4537 &noerae
1136 4487 1169 4537 20
1187 4487 1302 4535 moreA
1381 4479 1464 4534 ii'ec
1483 4483 1596 4533 remissis
1615 4483 1638 4531 ei
1656 4483 1691 4532 sit

371 4567 420 4619 loci
440 4567 579 4634 plurimum
600 4570 631 4622 H
646 4587 676 4622 so
696 4575 811 4623 remissis
831 4575 865 4624 sit
882 4571 946 4622 locis
967 4571 1104 4638 plurimum
1126 4572 1152 4622 P
1171 4585 1200 4622 oc
1219 4570 1354 4622 remisisse
1371 4568 1435 4620 locis
1454 4566 1590 4634 plurimum
1611 4569 1635 4619 A
1659 4581 1688 4618 sc

370 4655 489 4705 remissis
514 4656 536 4704 ei
560 4654 609 4707 loci
634 4659 669 4707 sit
692 4657 829 4724 plurimum
854 4658 994 4710 Santenins
1016 4659 1042 4707 in
1070 4655 1217 4710 Terentius.
1240 4673 1267 4724 p.
1287 4658 1340 4708 321
1445 4657 1479 4706 22
1497 4653 1687 4721 traguedisrmn

370 4741 507 4807 scriptoris
527 4743 551 4792 A
641 4743 674 4795 23
693 4743 734 4794 inc
749 4732 790 4793 'est
811 4745 858 4795 ΡΑ
878 4744 926 4795 hoe
944 4756 984 4793 est
1001 4747 1041 4794 sel
1059 4743 1099 4794 his
1119 4757 1157 4794 est
1178 4743 1205 4795 H
1300 4743 1334 4794 it
1351 4739 1477 4808 lycaoban
1497 4740 1523 4790 P
1537 4739 1635 4790 tierneo
1655 4741 1689 4790 A.

263 4857 293 4872 -,
372 4825 529 4892 Lycambam
548 4845 584 4880 eu
607 4829 759 4881 Terentiana·
774 4845 851 4881 ansa
869 4833 939 4881 2467
957 4832 1057 4896 recepit
1076 4830 1181 4882 blattina
1280 4827 1430 4880 aristoiinis
1449 4827 1475 4878 A
1579 4827 1613 4878 25
1630 4840 1688 4876 cnm

370 4911 457 4980 plures
476 4917 502 4967 A
572 4917 606 4968 29
624 4911 663 4982 ut]
684 4925 728 4964 ant
746 4917 772 4967 A
