3888 5550
710 330 790 382 aar.
813 328 923 378 onan.
946 296 1015 380 nra.
1041 327 1061 374 rv
1078 320 1214 372 too-148
1538 306 1603 372 459
1695 390 1700 400 Ι

275 416 429 468 mmmm
1073 446 1076 452 .

274 525 378 570 sorum
400 508 487 570 initia
503 507 654 571 similibus
676 504 785 570 litteris
810 496 1020 588 proteruntur,
1046 514 1078 566 ιιι
1101 507 1228 568 ‘casos
1252 485 1464 566 Cassandra
1488 519 1602 574 cane·
1634 499 1639 506 '

276 611 353 673 hat’
379 622 410 674 et
433 611 523 682 illud,
548 609 736 694 ‘Clitipho
760 609 926 673 consilia
952 601 1408 690 consequi'consimilia’.

363 733 405 796 lle
429 733 684 797 homoeoteleuto
731 729 1017 802 homoeoteleuton,
1042 732 1121 814 quod
1138 734 1325 796 contrarium
1341 731 1529 813 parhomoeo
1545 741 1602 803 est,

276 836 309 898 tu
331 836 389 900 hoo
413 837 516 913 modo,
547 855 615 899 cum
640 836 777 898 diuersae
800 834 944 897 orationis
967 833 1042 896 dues
1065 834 1162 897 isdem
1186 833 1295 897 litteris
1320 837 1539 906 terminantur,
1570 845 1604 898 ut

251 931 406 1002 ‘o‘caesa
429 937 636 1020 iungebant
659 938 817 1000 foedera
840 940 983 1020 porca'.
1025 932 1030 1019 l

221 1085 225 1092 ·
320 1083 325 1090 ·
364 1058 407 1122 De
435 1061 662 1142 homoeoptoto.
707 1059 951 1141 llomoeoptoton
979 1066 1025 1120 est
1058 1062 1155 1122 oratic
1191 1077 1358 1124 excurrens
1391 1078 1447 1142 per
1481 1061 1602 1125 eosdem

278 1179 379 1238 casus,
404 1171 438 1226 ut
1378 1242 1383 1248 ,
1483 1231 1486 1236 .

433 1265 522 1330 ‘hoc
545 1265 729 1348 Ripheus,
753 1265 821 1329 hoc
844 1267 926 1347 ipse
949 1265 1084 1348 Dymas
1107 1270 1311 1351 omnisque
1335 1271 1517 1332 iuventus

434 1370 534 1434 laeta
558 1371 651 1434 lacit
925 1359 932 1366 ”

241 1491 267 1532 ao
281 1481 311 1536 et
334 1474 582 1556 ‘Acamasque
605 1471 822 1555 Thoasqua'
852 1485 882 1538 et
1218 1558 1222 1564 Ι

434 1576 538 1640 iores
560 1575 725 1657 eilregit
747 1583 858 1660 atqua
881 1581 918 1640 in
942 1576 1055 1641 aedes
1077 1579 1200 1641 inruit

434 1678 592 1744 alienas.
776 1661 780 1670 4
1297 1751 1301 1757 ,

279 1802 386 1848 omnes
410 1788 490 1848 enim
515 1803 601 1847 casos
624 1784 739 1848 similes
761 1793 841 1847 sont
887 1784 1123 1866 homoeoptoton
1146 1783 1270 1866 quidam
1294 1785 1393 1848 hirmo
1416 1784 1515 1849 simile
1538 1806 1605 1850 esse

280 1897 401 1969 potant,
431 1897 577 1952 errantes.
622 1907 692 1950 narn
721 1887 838 1950 hirmos
866 1888 904 1949 ab
928 1887 1142 1969 homoeoptoto
1165 1888 1223 1950 hoc
1247 1885 1351 1960 distat,
1381 1887 1461 1971 quod
1490 1890 1606 1954 hirmos

134 2025 139 2032 -
242 1987 351 2054 recum
380 1991 530 2056 similibus
559 1991 682 2054 casibus
710 2000 859 2063 struatur,
891 1998 955 2052 tum
984 1991 1074 2054 etiam
1103 1990 1240 2054 ordinem
1271 1995 1443 2056 necessaria
1473 1995 1607 2056 continet

281 2095 416 2167 ratione,
442 2093 680 2176 homoeoptoton
704 2113 776 2156 reru
799 2092 913 2158 similes
936 2101 1051 2156 tantum
1076 2097 1171 2174 exigit
1193 2114 1291 2158 casos

366 2211 411 2280 lle
433 2217 490 2278 iso.
537 2215 606 2278 lson
630 2226 675 2278 est
697 2234 747 2278 res
770 2233 859 2298 pares
881 2217 912 2277 in
936 2214 1057 2278 diversa
1073 2211 1216 2296 qualitate
1240 2216 1347 2279 eodem
1371 2218 1429 2280 line
1445 2215 1545 2281 landis
1559 2189 1606 2280 ¹rel

168 2401 172 2406 Ι
282 2316 480 2382 detractionis
507 2318 693 2398 iungendae,
723 2328 756 2381 ut
783 2316 861 2380 latro
892 2326 922 2380 et
944 2317 1092 2398 gladiator
1115 2336 1204 2399 pares
1226 2330 1299 2382 sunt
1320 2319 1523 2392 detractione,
1554 2318 1607 2382 be·

226 2441 227 2444 ’
276 2423 396 2490 ,ιιεῆιυι
424 2432 455 2484 et
483 2425 602 2503 integer
625 2441 715 2502 pares
737 2433 809 2486 sont
830 2421 928 2485 laude.
974 2424 1018 2484 sic
1041 2419 1463 2501 Sallustius-‘magnitudo
1490 2425 1608 2486 animi

135 2573 140 2576 .
243 2543 366 2606 aapar,
398 2527 490 2588 item
514 2509 653 2604 gloria,
681 2525 746 2588 sed
776 2523 850 2588 alia
874 2523 959 2587 alii:
990 2525 1129 2588 Caesar
1152 2524 1430 2595 beneficiis'ac
1454 2527 1608 2590 munili-

69 2645 78 2655 ·
164 2697 169 2704 ,
284 2614 857 2708 ce'ntiamagnos'hahebatum
884 2629 1109 2708 integritate
1140 2629 1241 2690 vitae
1270 2629 1376 2700 Cat03
1406 2626 1475 2692 ille
1504 2648 1608 2693 man·
1688 2619 1690 2624 ’
1771 2637 1777 2646 ’

282 2730 485 2793 suetudine
502 2740 536 2794 et
553 2731 822 2794 misericordia
844 2728 1130 2804 clarusiactus,
1154 2729 1242 2794 huic
1266 2733 1458 2795 severitas
1481 2730 1608 2811 digni·

283 2827 396 2896 latam
420 2833 648 2897 addiderat'.
677 2850 682 2859 ·
853 2833 858 2840 '
1138 2841 1140 2845 ’

372 2955 414 3017 lle
435 2955 576 3019 'laonioeo
624 2955 778 3018 llomoeon
797 2964 840 3018 est
857 2975 907 3018 res
922 2937 1036 3017 similes
1058 2956 1090 3017 in
1107 2954 1212 3018 eadem
1235 2955 1380 3038 qualitate
1402 2955 1529 3019 candem
1545 2952 1610 3018 lao-

245 3058 354 3120 aadem
384 3057 428 3120 vel
457 3052 675 3122 detractionem
701 3059 862 3129 hahentes.
893 3073 925 3122 ιιι
954 3061 1004 3122 ior
1027 3067 1058 3118 et
1080 3059 1128 3120 ior
1149 3057 1262 3120 similes
1284 3068 1365 3140 sunt,
1396 3069 1427 3119 et
1454 3067 1556 3120 orator
1576 3066 1610 3120 et

235 3221 237 3224 .
286 3171 388 3225 orator
410 3161 526 3225 similes
550 3173 634 3232 sunt.
659 3173 692 3226 ot
714 3171 777 3253 est·
1222 3153 1229 3162 ’

441 3264 550 3328 illum
573 3265 791 3346 indignanti
809 3264 977 3328 similem
1001 3263 1242 3344 similemque
1267 3266 1432 3327 minanti

297 3435 302 3448 ,
441 3361 646 3449 aspiceres.

202 3510 208 3520 -
288 3473 367 3533 inter
395 3489 449 3551 par
479 3490 552 3552 crgo
582 3481 610 3534 et
633 3473 732 3535 simile
755 3471 813 3534 hoc
836 3482 898 3541 est,
928 3471 1008 3554 quod
1037 3490 1093 3552 par
1116 3472 1153 3534 de
1176 3471 1304 3534 diversis
1327 3474 1422 3542 venit,
1453 3469 1549 3533 simile
1572 3469 1609 3531 de

163 3622 168 3629 .
247 3575 394 3638 enlsdem.
1194 3597 1198 3602 ·

376 3694 418 3758 lle
447 3697 585 3759 diaeresl.
632 3699 786 3761 ulcerosis
813 3707 872 3770 est,
900 3717 991 3779 qoam
1019 3695 1112 3760 latine
1142 3698 1319 3760 divisionem
1350 3698 1489 3760 dicimus.
1536 3695 1610 3758 haec

290 3808 335 3860 est
365 3801 453 3862 unios
482 3802 528 3863 rei
557 3803 725 3882 separatio,
756 3809 790 3862 ut
817 3810 887 3882 puta
917 3803 1019 3863 vinum
1049 3800 1096 3862 vel
1124 3819 1202 3864 unns
1233 3811 1338 3863 tauros
1367 3799 1521 3862 dividitur.
1567 3799 1610 3859 sio
1712 3877 1714 3880 Ι

289 3901 329 3964 Ve
367 3901 437 3968 ilius

332 3919 366 4000 τε
444 4007 529 4069 vina
553 4007 673 4070 honus
697 4027 790 4091 quae
813 4007 949 4072 deinde
972 4007 1080 4072 cadis
1102 4015 1286 4072 onerarat
1307 4012 1460 4071 Acestes

256 4306 262 4316 .
358 4272 372 4320 1
393 4265 483 4336 casas]
506 4267 586 4334 Ver-g.
607 4266 743 4330 Aemus
748 4270 807 4319 183
877 4267 969 4334 tillut
986 4269 1067 4322 elitilo
1080 4267 1114 4322 B.
1132 4269 1249 4332 foetare
1266 4265 1330 4317 illud
1348 4264 1469 4326 Terentii,
1484 4263 1610 4332 Clitipho:

153 4411 159 4417 ,
294 4355 398 4407 Terent.
417 4355 541 4407 Heaactcu
560 4355 610 4406 tim.
631 4352 688 4418 12,
703 4355 739 4404 ³5
790 4353 926 4405 dflnisB
984 4351 1106 4422 herese]
1125 4353 1205 4419 Verp.
1226 4354 1293 4408 Aen.
1316 4351 1456 4403 7111611
1514 4348 1609 4418 Shno]

178 4481 186 4486 .
293 4441 374 4509 Verg.
389 4441 457 4495 Aea.
470 4441 507 4491 11
524 4442 577 4493 39⁴
649 4441 681 4490 10
701 4437 875 4509 Acamasque]
894 4443 972 4509 Verg.
987 4444 1053 4496 Aea.
1073 4440 1172 4492 11262
1205 4443 1255 4488 11
1277 4433 1358 4503 iores]
1382 4437 1483 4492 Terent.
1498 4439 1610 4504 Adelph.

289 4528 308 4579 1
325 4531 351 4592 2,
370 4530 387 4579 8
470 4529 502 4578 13
520 4525 620 4578 heirmo
639 4532 665 4578 et
682 4525 776 4577 deinde
794 4525 909 4578 heirmos
927 4527 1022 4592 aB(.)
1105 4527 1137 4576 15
1157 4524 1261 4575 ordines
1281 4523 1427 4574 necessaria
1444 4526 1558 4574 continet
1570 4537 1612 4574 ra·

289 4613 386 4664 tionem
404 4611 430 4664 B
450 4612 555 4664 ordines
575 4613 722 4663 necessario
742 4612 857 4662 continet
874 4625 899 4664 et
916 4614 1070 4662 rationema
1140 4611 1172 4660 to
1191 4606 1343 4659 similiaB·
1394 4610 1425 4660 l‘l
1436 4609 1476 4682 de
1494 4608 1552 4660 hiso
1572 4610 1613 4661 hi·

289 4697 384 4750 ecoB
455 4701 487 4751 18
505 4699 651 4766 irrogensu
722 4700 754 4749 19
773 4698 938 4764 magnitudo]
956 4678 1062 4752 Sallust.
1081 4695 1157 4749 Galil.
1175 4697 1253 4756 61,1
1323 4693 1356 4743 at
1374 4693 1407 4742 de
1424 4694 1611 4748 homoeonho-

291 4783 430 4836 moeonB
500 4801 542 4836 res
566 4784 659 4835 similla
678 4783 705 4834 B
774 4784 808 4834 25
826 4781 924 4834 habens
949 4794 974 4832 et
992 4781 1034 4832 lor
1053 4793 1077 4833 et
1098 4781 1141 4832 ior
1159 4781 1257 4832 similes
1276 4779 1301 4830 B
1370 4781 1403 4832 27
1421 4779 1506 4848 illurn]
1531 4783 1611 4850 Verg.

293 4871 360 4925 Aea.
384 4869 461 4923 VIII
479 4875 530 4922 619
600 4873 632 4923 31
652 4871 684 4921 de
703 4869 814 4921 diheresi
834 4869 959 4920 diheresis
979 4867 1005 4917 B
1075 4871 1108 4920 ot
1126 4864 1197 4935 vina]
1220 4870 1298 4936 Verg.
1318 4864 1419 4922 Aemi
1440 4871 1490 4920 195

1309 5009 1314 5016 -
1333 4968 1390 5024 ³0*
