3866 5562
388 303 453 372 478
512 377 516 388 ,
675 321 780 370 nanu
802 317 923 368 annau
949 302 997 390 [n.
1022 305 1181 385 cunvnu]
1205 306 1426 370 sscanuo'rra

391 407 544 460 ustffiffi
856 433 860 438 .
1023 429 1028 440 .

385 498 512 572 fuciunt
532 499 687 573 nertetino,
720 495 768 558 bic
784 481 905 578 ¹stipans
935 495 1025 559 liuius
1047 498 1212 581 stipantis„
1245 495 1304 558 hoc
1327 505 1426 558 tamen
1453 497 1532 558 scire
1555 493 1712 562 dubo-tuus,

390 599 470 682 quod
495 600 596 664 omnia
619 601 741 664 nomina
766 619 784 661 n
809 608 838 663 et
861 618 876 661 s
898 599 1059 661 terminata
1084 601 1119 661 tis
1136 601 1251 663 iaciunt
1273 601 1568 680 genetiro'exceptis
1583 596 1711 668 duobus,

390 722 468 786 quae
491 714 522 767 et
546 707 585 766 tis
609 705 725 768 iaciunt
746 691 776 766 et
800 703 863 775 dis,
887 703 972 766 lrons
993 703 1110 766 frondis
1133 712 1163 765 et
1186 703 1316 792 ironiis,
1336 702 1401 766 lens
1423 702 1513 765 lentis
1537 701 1581 764 rel
1604 701 1711 764 lendis.

392 808 515 890 quidam
539 817 647 891 putant
669 806 743 870 baec
766 806 856 871 lentis
880 805 993 870 debere
1016 807 1076 869 dici
1100 816 1131 870 et
1154 807 1229 870 baec
1252 807 1365 879 lendis:
1390 807 1443 869 sed
1466 815 1580 868 errant.

479 911 574 985 Quas:
597 911 653 974 bac
669 910 784 994 syllaba
799 910 880 974 nulla
896 913 1158 994 nominarepperl
1174 915 1346 976 terminata.
1392 929 1466 992 ques
1488 910 1570 972 linita
1594 911 1741 973 nominas

394 1024 534 1097 correpta
557 1023 681 1078 suntet
704 1015 811 1077 tertiae
834 1013 1055 1088 declinationis,
1080 1019 1119 1078 tis
1139 1013 1143 1098 Ι
1164 1016 1278 1077 iaciunt
1300 1015 1454 1095 genetivo,
1479 1033 1572 1096 eques
1596 1013 1713 1094 equitis.

394 1137 463 1180 tram
493 1120 581 1198 quies
609 1129 639 1181 et
667 1119 785 1200 inquies
813 1137 846 1180 es
868 1121 1084 1191 terminantur,
1114 1137 1173 1181 non
1198 1135 1284 1200 ques.
1328 1122 1399 1180 'nam
1423 1137 1490 1180 curn
1514 1119 1552 1179 de
1576 1117 1624 1179 bis
1646 1124 1716 1180 ante

344 1260 352 1266 -
393 1223 565 1293 tractarius,
591 1219 691 1284 tamen
715 1221 815 1284 omnia
838 1224 945 1284 tertiae
969 1229 1039 1284 sunl
1061 1220 1282 1286 declinationis.
1328 1223 1413 1303 quia:
1437 1220 1492 1283 bac
1515 1219 1628 1302 syllaba
1652 1227 1716 1282 tan·

395 1337 457 1389 tum
481 1327 661 1404 pronomina
685 1336 848 1406 reguntur,
874 1327 997 1388 nomina
1022 1324 1104 1389 nulla
1126 1328 1337 1389 terminantur.
1383 1345 1458 1408 quos
1481 1343 1572 1405 quus:
1596 1324 1644 1385 bis
1659 1323 1716 1403 syl·
1759 1380 1763 1386 .

317 1507 321 1518 ,
393 1426 469 1492 labis
486 1431 568 1492 linita
585 1431 709 1492 uomina
725 1430 877 1492 secundae
893 1438 964 1491 sunt
984 1427 1208 1500 declinationis,
1234 1431 1287 1510 qui
1310 1429 1426 1492 iaciunt
1448 1431 1597 1509 genetivo,
1622 1445 1717 1506 equus
1731 1443 1755 1483 ro

392 1532 472 1614 equi.
1766 1603 1768 1606 .

484 1635 556 1696 lias:
579 1635 635 1698 bac
652 1634 764 1718 syllaba
780 1637 862 1698 tirrita
886 1639 1003 1717 primae
1026 1645 1097 1698 suut
1119 1635 1347 1707 declinationis,
1371 1639 1424 1699 rae
1440 1635 1554 1699 iaciunt
1569 1635 1716 1716 genetiuo,

367 1808 369 1812 ¹
396 1737 445 1799 bic
462 1737 567 1800 llieras
584 1735 674 1802 buius
689 1739 815 1802 Hierac:
840 1739 944 1804 Cicero
961 1741 989 1802 in
1007 1739 1194 1803 Caesarianis
1216 1742 1259 1802 sic
1282 1741 1450 1802 ‘Hieras’
1475 1741 1573 1821 inquit
1595 1739 1717 1801 ‘Blac-

396 1843 538 1904 samius
565 1849 601 1904 et
628 1842 871 1906 Antiochus'.
917 1861 968 1906 res
1002 1845 1164 1906 terminata
1191 1846 1314 1908 nomina
1347 1853 1488 1926 correpta
1514 1859 1586 1906 suut
1614 1845 1719 1904 tertiae

306 1997 308 2002 .
398 1947 615 2009 declinationis
644 1953 674 2007 et
703 1947 740 2007 tis
762 1945 880 2010 iaciunt
902 1947 1054 2026 genetivo,
1087 1957 1169 2010 teres
1183 1950 1310 2019 teretis,
1335 1945 1482 2029 producta
1506 1951 1565 2017 ris,
1589 1949 1756 2008 tutoresne

398 2050 539 2120 Actoris,
569 2048 660 2112 Seres
688 2049 786 2112 Scris:
815 2049 955 2113 Lucanus
983 2048 1070 2112 ‘sub
1096 2052 1180 2130 iuga
1203 2053 1274 2112 iarn
1290 2049 1444 2113 Seres’:
1469 2049 1579 2112 Verres
1601 2048 1718 2118 Verris;

399 2154 535 2232 exeeptis
564 2149 696 2224 duobuS,
726 2171 787 2214 uno
817 2152 1022 2235 monosyllabo
1051 2155 1173 2235 quintae
1203 2153 1421 2224 declinationis,
1446 2170 1495 2215 res
1518 2154 1577 2220 rei,
1607 2162 1637 2213 ct
1659 2167 1718 2211 uno

309 2296 312 2302 ι
349 2248 352 2252 ’
400 2252 563 2337 disyllabo,
587 2255 667 2337 quod
683 2256 714 2316 iu
731 2259 870 2336 genetivo
894 2260 1004 2318 crescit
1028 2274 1085 2318 una
1109 2255 1239 2340 syllaba,
1263 2257 1355 2320 Ceres
1371 2237 1514 2318 Cereris.¹
1546 2257 1591 2316 ris
1614 2256 1719 2316 tertiae

400 2368 470 2421 sunt
494 2357 716 2428 ileclinationis,
741 2361 782 2420 ris
806 2356 850 2420 rel
875 2358 921 2420 dis
937 2359 1052 2420 iaciunt
1065 2361 1212 2439 genetiuo,
1237 2360 1312 2422 baec
1334 2359 1391 2421 lris
1413 2358 1502 2421 buius
1525 2359 1580 2421 lris
1603 2358 1649 2419 rel
1666 2357 1717 2417 lri·

399 2462 461 2532 dis,
487 2459 536 2523 bic
548 2461 632 2525 Paris
654 2459 744 2524 buius
767 2461 852 2524 Poris
876 2462 921 2525 vel
937 2459 1068 2534 Paridis,
1095 2471 1127 2526 ut
1150 2461 1292 2526 ‘Parim
1316 2464 1436 2524 creat’
1461 2469 1495 2523 et·
1513 2460 1757 2523 ‘iudiciorum

400 2564 581 2648 Paridis&
628 2583 720 2628 uirum
749 2567 791 2628 ris
820 2565 891 2628 iacit
918 2565 1031 2636 solum,
1060 2564 1110 2627 hic
1133 2561 1216 2628 Liris
1240 2563 1331 2628 buius
1353 2565 1442 2627 Liris.
1488 2583 1539 2628 ros
1562 2565 1644 2626 llnita
1668 2581 1720 2624 no·

401 2669 481 2730 ruina
505 2668 713 2749 producuntur
742 2677 773 2730 et
801 2677 872 2730 sunt
899 2671 1005 2731 tertiae
1034 2666 1259 2741 declinationis,
1288 2672 1332 2732 ris
1356 2669 1471 2730 iaciunt
1493 2669 1647 2748 genetivo,
1672 2685 1721 2727 ros

305 2845 308 2850 ¹
401 2773 491 2834 roris.
536 2789 645 2851 graeca
673 2770 841 2834 secundum
868 2772 1015 2832 rationem
1045 2789 1128 2833 suam
1156 2770 1405 2834 declinabantur:
1437 2773 1461 2833 si
1484 2770 1561 2852 apud
1585 2769 1653 2832 illos
1676 2789 1720 2842 ος,

404 2875 483 2955 apud
500 2892 556 2937 nos
573 2877 615 2944 is,
638 2865 732 2954 ἥρως
753 2861 880 2956 ἥρωος,
904 2875 995 2937 beros
1009 2873 1136 2944 bernis:
1161 2876 1186 2936 sl
1208 2875 1287 2955 apud
1304 2873 1371 2936 illos
1394 2893 1466 2951 τος,
1492 2873 1570 2956 apud
1596 2893 1651 2935 nos
1674 2875 1720 2942 tis,

358 2960 501 3058 ””Ερως
514 2970 679 3057 Ἔρωτος,
703 2977 783 3039 Eros
805 2977 913 3038 Erotis.
960 2976 1093 3051 Tharros
1110 2995 1218 3039 laomen
1243 2987 1288 3040 est
1311 2980 1430 3040 numeri
1452 2996 1573 3060 semper
1588 2975 1757 3058 pluralisu

404 3097 457 3144 rus
481 3080 638 3142 terrnluata
663 3081 799 3151 norniua,
828 3082 854 3142 si
878 3078 1075 3143 aliudesse
1099 3098 1196 3161 genus
1218 3081 1360 3152 iecerint,
1384 3081 1535 3145 secundae
1557 3091 1649 3143 crunt
1672 3081 1722 3141 de·

403 3183 586 3264 clinatione,
614 3185 638 3245 ri
669 3183 779 3245 lacient
806 3175 959 3264 genetivo,
991 3203 1080 3247 carus
1106 3187 1184 3254 cari,
1208 3198 1350 3248 austerus
1372 3187 1498 3255 austeri,
1528 3185 1621 3246 mirus
1645 3184 1720 3245 nriri.

278 3343 280 3350 ,
365 3325 377 3340 -.
404 3288 461 3350 bac
485 3288 617 3356 ratione,
641 3286 670 3348 id
696 3296 741 3349 est
763 3285 912 3350 secundae
928 3286 1155 3361 declinationis,
1180 3289 1269 3350 etiarn
1293 3305 1400 3367 graeca
1425 3289 1545 3350 nomina
1569 3285 1721 3348 declinan-

405 3401 463 3460 tur,
489 3390 625 3469 quamvis
648 3408 707 3452 non
732 3391 843 3452 iaciant
865 3388 944 3452 aliud
967 3407 1079 3469 genus,
1103 3389 1247 3454 Tartarus
1261 3391 1389 3462 Tartari,
1414 3391 1565 3472 Gargarus
1589 3389 1722 3468 Gargani.

309 3540 313 3550 .
361 3533 367 3546 .
405 3513 482 3572 quae
507 3511 577 3556 sero
593 3491 685 3555 latina
702 3493 816 3554 luerint
839 3503 869 3554 ot
891 3491 973 3556 aliud
990 3510 1087 3573 genus
1111 3513 1146 3556 ex
1171 3512 1203 3556 se
1222 3489 1286 3556 'raon
1310 3495 1438 3564 iaciunt,
1464 3513 1498 3556 ea
1515 3499 1639 3576 quartae
1655 3503 1757 3552 sarritur

329 3649 333 3654 .
398 3595 630 3665 declinationis,
663 3595 710 3657 bic
734 3613 844 3672 currus
866 3597 958 3659 liuius
980 3613 1106 3669 currus,
1135 3597 1210 3658 baec
1233 3616 1329 3660 nurus
1351 3597 1442 3659 buius
1464 3615 1568 3659 nurus.
1614 3595 1721 3672 ercini-

406 3710 497 3763 untur
520 3707 677 3783 quattuor,
703 3717 795 3778 unum
819 3703 846 3770 ri
863 3700 974 3762 iaciens
993 3703 1147 3780 qenetioo,
1172 3703 1308 3793 quamvls
1331 3699 1411 3763 aliud
1437 3719 1471 3763 ex
1497 3719 1530 3763 se
1553 3717 1649 3778 genus
1665 3718 1722 3760 uon

476 3893 556 3944 Paeo.
576 3891 670 3944 anthol.
690 3893 732 3950 27,
750 3893 846 3952 8-28,
868 3895 882 3938 7
951 3891 984 3942 25
1002 3889 1115 3942 than-os
1135 3891 1214 3942 Prod.
1234 3893 1277 3950 22,
1297 3895 1352 3943 20»

475 4069 490 4118 2
511 4082 526 4116 n
546 4077 570 4116 et
589 4061 613 4130 s]
632 4039 669 4114 en*
683 4075 707 4114 ot
725 4062 776 4114 sB
846 4063 862 4112 t
882 4060 945 4111 lratcc
964 4059 1056 4126 lendis]
1076 4061 1117 4112 irle
1135 4061 1227 4114 leudos
1240 4061 1265 4112 B
1336 4065 1351 4115 'i
1370 4079 1420 4114 uou
1434 4079 1499 4126 ques
1518 4083 1531 4115 a
1552 4075 1602 4111 non
1615 4057 1725 4123 quiesli

448 4167 506 4204 nam
521 4167 588 4218 quae
601 4149 727 4218 producta
741 4165 768 4199 es
782 4151 966 4207 terminantur,
985 4147 1144 4199 dolosana
1162 4151 1268 4200 tractavi
1282 4149 1398 4203 Probus:
1417 4149 1451 4213 cf,
1465 4149 1545 4202 Pron
1563 4165 1590 4212 p.
1611 4148 1651 4206 ts,
1666 4149 1695 4210 ii

447 4242 478 4291 13
498 4238 538 4289 bic
558 4238 626 4288 ieras
645 4235 723 4286 buius
742 4237 810 4286 ierne
830 4235 854 4286 B
976 4235 1016 4306 ¹in
1035 4231 1210 4298 Caesarianis]
1228 4252 1254 4301 p.
1274 4235 1356 4288 Deiot.
1379 4239 1419 4298 15,
1439 4238 1473 4286 ta
1595 4231 1685 4294 inquid
1705 4229 1727 4280 B

412 4326 479 4376 ‘14
499 4327 587 4375 tertiae
605 4321 785 4374 declinationis
804 4339 851 4376 orn.
870 4320 896 4371 B
986 4320 1016 4371 lii
1035 4317 1167 4388 Lucanus]
1187 4321 1307 4375 Pharsni.
1328 4321 1344 4371 1
1364 4325 1396 4371 12
1477 4323 1511 4373 20
1529 4316 1626 4387 Parim]
1650 4319 1728 4385 Verq.

409 4414 478 4464 Aen.
500 4412 525 4462 X
546 4413 595 4462 705
665 4404 1083 4475 iudicium]Verq.Aen.127
1151 4409 1183 4458 21
1204 4403 1319 4474 uomina]
1340 4408 1427 4458 omnia
1446 4406 1471 4456 B
1540 4408 1574 4457 22
1593 4407 1614 4457 is
1634 4405 1729 4457 iaciunt

407 4497 530 4566 Stenpins
554 4499 586 4549 de
608 4497 689 4550 Prob.
712 4512 817 4562 qrnnm.
840 4514 869 4564 p.
889 4497 949 4546 15⁴.
986 4496 1083 4547 rectius
1105 4501 1165 4544 erut
1182 4492 1262 4544 latius
1281 4493 1318 4543 ris
1336 4493 1446 4544 iaciunt:
1465 4494 1500 4556 es.
1518 4509 1544 4559 p.
1565 4495 1623 4551 476,
1645 4497 1678 4544 72

407 4587 442 4637 at
460 4585 537 4636 herus
557 4599 604 4636 orn.
626 4583 650 4634 B
721 4587 754 4636 25
773 4583 839 4633 Eros
858 4597 906 4634 om.
927 4580 952 4630 B
1027 4581 1145 4645 fortusse
1163 4579 1258 4631 Tarsos
1277 4593 1371 4630 nomeu
1390 4581 1500 4630 civitatis
1520 4590 1572 4630 est:
1591 4579 1629 4642 cf.
1649 4579 1727 4634 Prod.

407 4688 435 4738 p.
455 4675 500 4732 22,
519 4673 555 4722 26
573 4669 688 4722 anrlros
708 4683 802 4721 nomeu
820 4669 932 4719 civitatis
951 4667 1044 4718 lectum
1063 4667 1089 4716 in
1108 4664 1231 4718 Sallustio
1319 4667 1353 4717 27
1371 4665 1450 4715 lrerus
1467 4663 1524 4715 bari
1543 4662 1569 4715 B
1661 4662 1730 4732 miri]

407 4758 489 4808 mirus
508 4771 578 4810 corr.
598 4755 691 4808 miriB
761 4757 794 4810 32
813 4755 933 4824 genetiuo
952 4769 1000 4810 orn.
1019 4752 1053 4814 B,
1072 4755 1133 4806 odd.
1152 4771 1166 4806 o
1184 4753 1286 4805 Probus
1392 4766 1442 4800 aron
1462 4749 1538 4801 iaciat
1556 4751 1660 4804 Ibobus
1680 4765 1727 4803 non

406 4843 469 4896 lucit
487 4842 512 4894 B
575 4889 579 4895 .
