<?xml version="1.0" encoding="UTF-8"?>
<!DOCTYPE html PUBLIC "-//W3C//DTD XHTML 1.0 Transitional//EN"
    "http://www.w3.org/TR/xhtml1/DTD/xhtml1-transitional.dtd">
<html xmlns="http://www.w3.org/1999/xhtml" xml:lang="en" lang="en">
 <head>
  <title>
</title>
<meta http-equiv="Content-Type" content="text/html;charset=utf-8" />
  <meta name='ocr-system' content='tesseract 3.04.00' />
  <meta name='ocr-capabilities' content='ocr_page ocr_carea ocr_par ocr_line ocrx_word'/>
</head>
<body>
  <div class='ocr_page' id='page_1' title='image "./grammaticilatin05hagagoog_0653.png"; bbox 0 0 3850 5560; ppageno 0'>
   <div class='ocr_carea' id='block_1_1' title="bbox 787 347 1569 528">
    <p class='ocr_par' dir='ltr' id='par_1_1' title="bbox 787 347 1569 528">
     <span class='ocr_line' id='line_1_1' title="bbox 787 347 1569 440; baseline 0.009 -8"><span class='ocrx_word' id='word_1_1' title='bbox 787 384 835 434; x_wconf 84' lang='lat' dir='ltr'><strong>nn</strong></span> <span class='ocrx_word' id='word_1_2' title='bbox 858 347 1030 437; x_wconf 73' lang='lat' dir='ltr'><strong>venerere</strong></span> <span class='ocrx_word' id='word_1_3' title='bbox 1275 431 1279 438; x_wconf 92' lang='lat'><em>.</em></span> <span class='ocrx_word' id='word_1_4' title='bbox 1404 417 1409 422; x_wconf 91' lang='lat'>-</span> <span class='ocrx_word' id='word_1_5' title='bbox 1504 372 1569 440; x_wconf 78' lang='lat'><strong>623</strong></span> 
     </span>
     <span class='ocr_line' id='line_1_2' title="bbox 965 475 1569 528; baseline 0 -10"><span class='ocrx_word' id='word_1_6' title='bbox 965 489 969 494; x_wconf 92' lang='lat'>&#39;</span> <span class='ocrx_word' id='word_1_7' title='bbox 1390 488 1412 528; x_wconf 69' lang='lat' dir='ltr'><strong>p.</strong></span> <span class='ocrx_word' id='word_1_8' title='bbox 1426 477 1473 519; x_wconf 67' lang='lat'><strong>510·</strong></span> <span class='ocrx_word' id='word_1_9' title='bbox 1487 477 1526 520; x_wconf 66' lang='grc' dir='ltr'><strong>ΜΒ</strong></span> <span class='ocrx_word' id='word_1_10' title='bbox 1540 475 1569 519; x_wconf 76' lang='lat' dir='ltr'><strong>V.</strong></span> 
     </span>
    </p>
   </div>
   <div class='ocr_carea' id='block_1_2' title="bbox 759 666 1166 744">
    <p class='ocr_par' dir='ltr' id='par_1_2' title="bbox 759 666 1166 744">
     <span class='ocr_line' id='line_1_3' title="bbox 759 666 1166 744; baseline -0.002 -13"><span class='ocrx_word' id='word_1_11' title='bbox 759 667 809 731; x_wconf 83' lang='lat' dir='ltr'><strong>DE</strong></span> <span class='ocrx_word' id='word_1_12' title='bbox 833 666 1046 732; x_wconf 76' lang='lat' dir='ltr'><strong>utcttttcu</strong></span> <span class='ocrx_word' id='word_1_13' title='bbox 1162 733 1166 744; x_wconf 72' lang='grc'><em>,</em></span> 
     </span>
    </p>
   </div>
   <div class='ocr_carea' id='block_1_3' title="bbox 161 785 1583 2936">
    <p class='ocr_par' dir='ltr' id='par_1_3' title="bbox 161 785 1583 2936">
     <span class='ocr_line' id='line_1_4' title="bbox 333 785 1568 872; baseline 0.006 -24"><span class='ocrx_word' id='word_1_14' title='bbox 333 785 518 870; x_wconf 76' lang='lat' dir='ltr'><strong>Dactylicum</strong></span> <span class='ocrx_word' id='word_1_15' title='bbox 549 798 679 852; x_wconf 90' lang='lat' dir='ltr'><strong>metrum</strong></span> <span class='ocrx_word' id='word_1_16' title='bbox 710 797 830 852; x_wconf 89' lang='lat' dir='ltr'><strong>constat</strong></span> <span class='ocrx_word' id='word_1_17' title='bbox 858 786 976 868; x_wconf 77' lang='lat' dir='ltr'>dactylo</span> <span class='ocrx_word' id='word_1_18' title='bbox 1004 798 1034 849; x_wconf 90' lang='lat' dir='ltr'><strong>et</strong></span> <span class='ocrx_word' id='word_1_19' title='bbox 1064 788 1202 866; x_wconf 89' lang='lat' dir='ltr'><strong>spondio.</strong></span> <span class='ocrx_word' id='word_1_20' title='bbox 1255 789 1307 849; x_wconf 79' lang='lat' dir='ltr'><strong>sed</strong></span> <span class='ocrx_word' id='word_1_21' title='bbox 1337 789 1418 871; x_wconf 87' lang='lat' dir='ltr'><strong>quoti</strong></span> <span class='ocrx_word' id='word_1_22' title='bbox 1450 789 1568 872; x_wconf 77' lang='lat' dir='ltr'>dactylo</span> 
     </span>
     <span class='ocr_line' id='line_1_5' title="bbox 243 888 1569 973; baseline 0.004 -23"><span class='ocrx_word' id='word_1_23' title='bbox 243 888 307 951; x_wconf 85' lang='lat' dir='ltr'><strong>solo</strong></span> <span class='ocrx_word' id='word_1_24' title='bbox 330 901 460 963; x_wconf 87' lang='lat' dir='ltr'><strong>constat,</strong></span> <span class='ocrx_word' id='word_1_25' title='bbox 484 891 665 973; x_wconf 74' lang='lat' dir='ltr'><strong>dactylicum</strong></span> <span class='ocrx_word' id='word_1_26' title='bbox 689 892 878 961; x_wconf 63' lang='lat' dir='ltr'><strong>nominatum</strong></span> <span class='ocrx_word' id='word_1_27' title='bbox 909 891 989 968; x_wconf 88' lang='lat' dir='ltr'><strong>quod</strong></span> <span class='ocrx_word' id='word_1_28' title='bbox 1014 889 1132 972; x_wconf 78' lang='lat' dir='ltr'><strong>dactylo</strong></span> <span class='ocrx_word' id='word_1_29' title='bbox 1162 900 1191 952; x_wconf 85' lang='lat' dir='ltr'><strong>et</strong></span> <span class='ocrx_word' id='word_1_30' title='bbox 1214 889 1351 972; x_wconf 77' lang='lat' dir='ltr'><strong>spondio</strong></span> <span class='ocrx_word' id='word_1_31' title='bbox 1380 896 1517 972; x_wconf 84' lang='lat' dir='ltr'><strong>quamvis</strong></span> <span class='ocrx_word' id='word_1_32' title='bbox 1539 905 1569 956; x_wconf 91' lang='lat' dir='ltr'><strong>et</strong></span> 
     </span>
     <span class='ocr_line' id='line_1_6' title="bbox 200 985 1567 1075; baseline 0.004 -21"><span class='ocrx_word' id='word_1_33' title='bbox 200 1009 201 1014; x_wconf 50' lang='lat'>¹</span> <span class='ocrx_word' id='word_1_34' title='bbox 243 989 348 1074; x_wconf 79' lang='lat' dir='ltr'><strong>ipsum&#39;</strong></span> <span class='ocrx_word' id='word_1_35' title='bbox 364 994 543 1075; x_wconf 80' lang='lat' dir='ltr'><strong>dactylicum</strong></span> <span class='ocrx_word' id='word_1_36' title='bbox 567 998 606 1056; x_wconf 92' lang='lat' dir='ltr'><strong>sit</strong></span> <span class='ocrx_word' id='word_1_37' title='bbox 630 1005 659 1058; x_wconf 87' lang='lat' dir='ltr'><strong>et</strong></span> <span class='ocrx_word' id='word_1_38' title='bbox 675 985 794 1056; x_wconf 85' lang='lat' dir='ltr'><strong>constet</strong></span> <span class='ocrx_word' id='word_1_39' title='bbox 811 995 988 1074; x_wconf 78' lang='lat' dir='ltr'><strong>frequenter</strong></span> <span class='ocrx_word' id='word_1_40' title='bbox 1011 992 1135 1075; x_wconf 76' lang='lat' dir='ltr'><strong>dactylis</strong></span> <span class='ocrx_word' id='word_1_41' title='bbox 1150 994 1224 1056; x_wconf 89' lang='lat' dir='ltr'><strong>sotis</strong></span> <span class='ocrx_word' id='word_1_42' title='bbox 1248 1002 1278 1055; x_wconf 92' lang='lat' dir='ltr'><strong>et</strong></span> <span class='ocrx_word' id='word_1_43' title='bbox 1294 996 1324 1055; x_wconf 92' lang='lat' dir='ltr'><strong>in</strong></span> <span class='ocrx_word' id='word_1_44' title='bbox 1348 994 1406 1056; x_wconf 84' lang='lat' dir='ltr'><strong>tine</strong></span> <span class='ocrx_word' id='word_1_45' title='bbox 1423 995 1567 1059; x_wconf 77' lang='lat' dir='ltr'><strong>trochaeo</strong></span> 
     </span>
     <span class='ocr_line' id='line_1_7' title="bbox 216 1095 1568 1188; baseline 0.001 -28"><span class='ocrx_word' id='word_1_46' title='bbox 216 1098 306 1160; x_wconf 72' lang='lat' dir='ltr'><strong>estve</strong></span> <span class='ocrx_word' id='word_1_47' title='bbox 335 1097 479 1178; x_wconf 85' lang='lat' dir='ltr'><strong>spontiio,</strong></span> <span class='ocrx_word' id='word_1_48' title='bbox 511 1095 611 1160; x_wconf 84' lang='lat' dir='ltr'><strong>tamen</strong></span> <span class='ocrx_word' id='word_1_49' title='bbox 642 1097 769 1159; x_wconf 86' lang='lat' dir='ltr'><strong>heroum</strong></span> <span class='ocrx_word' id='word_1_50' title='bbox 800 1095 910 1160; x_wconf 89' lang='lat' dir='ltr'><strong>dicitur</strong></span> <span class='ocrx_word' id='word_1_51' title='bbox 940 1105 971 1158; x_wconf 87' lang='lat' dir='ltr'><strong>et</strong></span> <span class='ocrx_word' id='word_1_52' title='bbox 1005 1098 1116 1188; x_wconf 76' lang='lat' dir='ltr'>recipit</span> <span class='ocrx_word' id='word_1_53' title='bbox 1143 1096 1198 1159; x_wconf 90' lang='lat' dir='ltr'><strong>hos</strong></span> <span class='ocrx_word' id='word_1_54' title='bbox 1226 1097 1302 1160; x_wconf 88' lang='lat' dir='ltr'><strong>duos</strong></span> <span class='ocrx_word' id='word_1_55' title='bbox 1330 1096 1435 1178; x_wconf 81' lang='lat' dir='ltr'><strong>peries.</strong></span> <span class='ocrx_word' id='word_1_56' title='bbox 1488 1100 1568 1180; x_wconf 84' lang='lat' dir='ltr'><strong>quoti</strong></span> 
     </span>
     <span class='ocr_line' id='line_1_8' title="bbox 242 1199 1568 1310; baseline 0.004 -49"><span class='ocrx_word' id='word_1_57' title='bbox 242 1199 370 1262; x_wconf 89' lang='lat' dir='ltr'><strong>heroum</strong></span> <span class='ocrx_word' id='word_1_58' title='bbox 395 1199 580 1282; x_wconf 85' lang='lat' dir='ltr'><strong>appeliatum</strong></span> <span class='ocrx_word' id='word_1_59' title='bbox 604 1210 658 1272; x_wconf 83' lang='lat' dir='ltr'><strong>est,</strong></span> <span class='ocrx_word' id='word_1_60' title='bbox 683 1200 761 1282; x_wconf 87' lang='lat' dir='ltr'><strong>quoti</strong></span> <span class='ocrx_word' id='word_1_61' title='bbox 787 1203 844 1262; x_wconf 88' lang='lat' dir='ltr'><strong>istc</strong></span> <span class='ocrx_word' id='word_1_62' title='bbox 857 1201 1001 1302; x_wconf 77' lang='lat' dir='ltr'><strong>carmine</strong></span> <span class='ocrx_word' id='word_1_63' title='bbox 1025 1199 1134 1310; x_wconf 79' lang='lat' dir='ltr'><strong>heroas</strong></span> <span class='ocrx_word' id='word_1_64' title='bbox 1154 1203 1349 1282; x_wconf 87' lang='lat' dir='ltr'><strong>potissimum</strong></span> <span class='ocrx_word' id='word_1_65' title='bbox 1374 1204 1568 1266; x_wconf 82' lang='lat' dir='ltr'><strong>vetustissimi</strong></span> 
     </span>
     <span class='ocr_line' id='line_1_9' title="bbox 161 1304 750 1368; baseline 0.003 -5"><span class='ocrx_word' id='word_1_66' title='bbox 161 1315 167 1322; x_wconf 85' lang='lat'><strong>·</strong></span> <span class='ocrx_word' id='word_1_67' title='bbox 243 1313 383 1366; x_wconf 77' lang='lat' dir='ltr'>auctores</span> <span class='ocrx_word' id='word_1_68' title='bbox 405 1306 556 1368; x_wconf 81' lang='lat' dir='ltr'><strong>cecinisse</strong></span> <span class='ocrx_word' id='word_1_69' title='bbox 579 1304 750 1368; x_wconf 85' lang='lat' dir='ltr'><strong>traduntur.</strong></span> 
     </span>
     <span class='ocr_line' id='line_1_10' title="bbox 330 1405 1275 1502; baseline 0.002 -32"><span class='ocrx_word' id='word_1_70' title='bbox 330 1405 511 1471; x_wconf 84' lang='lat' dir='ltr'><strong>Dinietrum</strong></span> <span class='ocrx_word' id='word_1_71' title='bbox 521 1407 729 1478; x_wconf 80' lang='lat' dir='ltr'><strong>acatalectum,</strong></span> <span class='ocrx_word' id='word_1_72' title='bbox 753 1407 834 1490; x_wconf 87' lang='lat' dir='ltr'><strong>quod</strong></span> <span class='ocrx_word' id='word_1_73' title='bbox 859 1407 1071 1502; x_wconf 80' lang='lat' dir='ltr'><strong>hpnenaicum</strong></span> <span class='ocrx_word' id='word_1_74' title='bbox 1095 1405 1275 1489; x_wconf 85' lang='lat' dir='ltr'><strong>appellatur.</strong></span> 
     </span>
     <span class='ocr_line' id='line_1_11' title="bbox 329 1508 1442 1610; baseline 0.001 -37"><span class='ocrx_word' id='word_1_75' title='bbox 329 1509 538 1575; x_wconf 86' lang='lat' dir='ltr'><strong>Octametrum</strong></span> <span class='ocrx_word' id='word_1_76' title='bbox 563 1510 781 1582; x_wconf 85' lang='lat' dir='ltr'><strong>catalecticum.</strong></span> <span class='ocrx_word' id='word_1_77' title='bbox 806 1529 866 1593; x_wconf 89' lang='lat' dir='ltr'><strong>quo</strong></span> <span class='ocrx_word' id='word_1_78' title='bbox 890 1517 964 1573; x_wconf 87' lang='lat' dir='ltr'><strong>usus&#39;</strong></span> <span class='ocrx_word' id='word_1_79' title='bbox 986 1519 1032 1572; x_wconf 89' lang='lat' dir='ltr'><strong>est</strong></span> <span class='ocrx_word' id='word_1_80' title='bbox 1057 1508 1279 1572; x_wconf 79' lang='lat' dir='ltr'><strong>Stesichorus</strong></span> <span class='ocrx_word' id='word_1_81' title='bbox 1272 1527 1306 1610; x_wconf 90' lang='grc' dir='ltr'><strong>ιιιΙ</strong></span> <span class='ocrx_word' id='word_1_82' title='bbox 1328 1509 1442 1590; x_wconf 85' lang='lat' dir='ltr'><strong>Sicilia,</strong></span> 
     </span>
     <span class='ocr_line' id='line_1_12' title="bbox 203 1609 1567 1736; baseline 0.001 -60"><span class='ocrx_word' id='word_1_83' title='bbox 203 1624 229 1666; x_wconf 86' lang='lat'><strong>1⁰</strong></span> <span class='ocrx_word' id='word_1_84' title='bbox 397 1614 499 1678; x_wconf 83' lang='lat' dir='ltr'><strong>audiat</strong></span> <span class='ocrx_word' id='word_1_85' title='bbox 523 1615 596 1676; x_wconf 91' lang='lat' dir='ltr'><strong>haec</strong></span> <span class='ocrx_word' id='word_1_86' title='bbox 620 1617 717 1678; x_wconf 79' lang='lat' dir='ltr'><strong>nostri</strong></span> <span class='ocrx_word' id='word_1_87' title='bbox 741 1613 818 1676; x_wconf 84' lang='lat' dir='ltr'><strong>meta</strong></span> <span class='ocrx_word' id='word_1_88' title='bbox 848 1613 990 1678; x_wconf 80' lang='lat' dir='ltr'><strong>carminis</strong></span> <span class='ocrx_word' id='word_1_89' title='bbox 1014 1609 1045 1677; x_wconf 82' lang='lat' dir='ltr'><strong>et</strong></span> <span class='ocrx_word' id='word_1_90' title='bbox 1067 1621 1139 1676; x_wconf 92' lang='lat' dir='ltr'><strong>tunc</strong></span> <span class='ocrx_word' id='word_1_91' title='bbox 1162 1631 1217 1694; x_wconf 89' lang='lat' dir='ltr'><strong>per</strong></span> <span class='ocrx_word' id='word_1_92' title='bbox 1240 1621 1289 1676; x_wconf 92' lang='lat' dir='ltr'><strong>tua</strong></span> <span class='ocrx_word' id='word_1_93' title='bbox 1313 1631 1384 1677; x_wconf 86' lang='lat' dir='ltr'><strong>rure</strong></span> <span class='ocrx_word' id='word_1_94' title='bbox 1400 1613 1536 1736; x_wconf 80' lang='lat' dir='ltr'><strong>rotabit.</strong></span> <span class='ocrx_word' id='word_1_95' title='bbox 1562 1615 1567 1694; x_wconf 73' lang='grc' dir='ltr'>Ι</span> 
     </span>
     <span class='ocr_line' id='line_1_13' title="bbox 328 1717 707 1789; baseline 0.005 -9"><span class='ocrx_word' id='word_1_96' title='bbox 328 1717 544 1782; x_wconf 80' lang='lat' dir='ltr'><strong>Hexametrum</strong></span> <span class='ocrx_word' id='word_1_97' title='bbox 568 1717 707 1789; x_wconf 85' lang='lat' dir='ltr'><strong>iteroum,</strong></span> 
     </span>
     <span class='ocr_line' id='line_1_14' title="bbox 193 1819 1583 1908; baseline 0.004 -25"><span class='ocrx_word' id='word_1_98' title='bbox 193 1903 197 1908; x_wconf 20' lang='lat'>⁸</span> <span class='ocrx_word' id='word_1_99' title='bbox 338 1847 342 1852; x_wconf 94' lang='lat'>·</span> <span class='ocrx_word' id='word_1_100' title='bbox 397 1824 624 1885; x_wconf 83' lang='lat' dir='ltr'><strong>conticuere</strong></span> <span class='ocrx_word' id='word_1_101' title='bbox 646 1839 777 1884; x_wconf 90' lang='lat' dir='ltr'><strong>omnes</strong></span> <span class='ocrx_word' id='word_1_102' title='bbox 799 1822 1020 1903; x_wconf 83' lang='lat' dir='ltr'><strong>intentique</strong></span> <span class='ocrx_word' id='word_1_103' title='bbox 1044 1840 1108 1885; x_wconf 88' lang='lat' dir='ltr'><strong>ora</strong></span> <span class='ocrx_word' id='word_1_104' title='bbox 1133 1819 1325 1884; x_wconf 85' lang='lat' dir='ltr'><strong>tenebant.</strong></span> <span class='ocrx_word' id='word_1_105' title='bbox 1581 1885 1583 1888; x_wconf 84' lang='lat'><em>.</em></span> 
     </span>
     <span class='ocr_line' id='line_1_15' title="bbox 241 1899 1565 2012; baseline 0.003 -28"><span class='ocrx_word' id='word_1_106' title='bbox 241 1899 330 1986; x_wconf 79' lang='lat' dir='ltr'><strong>iterius</strong></span> <span class='ocrx_word' id='word_1_107' title='bbox 354 1924 473 2005; x_wconf 87' lang='lat' dir='ltr'><strong>speeies</strong></span> <span class='ocrx_word' id='word_1_108' title='bbox 488 1933 559 1988; x_wconf 89' lang='lat' dir='ltr'><strong>sunt</strong></span> <span class='ocrx_word' id='word_1_109' title='bbox 581 1925 692 1987; x_wconf 89' lang='lat' dir='ltr'><strong>iunctis</strong></span> <span class='ocrx_word' id='word_1_110' title='bbox 709 1942 763 2004; x_wconf 92' lang='lat' dir='ltr'><strong>per</strong></span> <span class='ocrx_word' id='word_1_111' title='bbox 785 1925 865 1986; x_wconf 82' lang='lat' dir='ltr'><strong>vices</strong></span> <span class='ocrx_word' id='word_1_112' title='bbox 886 1924 1014 2006; x_wconf 85' lang='lat' dir='ltr'><strong>spondio</strong></span> <span class='ocrx_word' id='word_1_113' title='bbox 1038 1932 1067 1986; x_wconf 91' lang='lat' dir='ltr'><strong>et</strong></span> <span class='ocrx_word' id='word_1_114' title='bbox 1090 1923 1208 2008; x_wconf 76' lang='lat' dir='ltr'><strong>dactylo</strong></span> <span class='ocrx_word' id='word_1_115' title='bbox 1226 1921 1432 2012; x_wconf 85' lang='lat' dir='ltr'><strong>[compositis]</strong></span> <span class='ocrx_word' id='word_1_116' title='bbox 1417 1905 1565 2008; x_wconf 78' lang='lat' dir='ltr'><strong>]xtixtt.</strong></span> 
     </span>
     <span class='ocr_line' id='line_1_16' title="bbox 241 2026 1566 2120; baseline 0.001 -32"><span class='ocrx_word' id='word_1_117' title='bbox 241 2029 311 2089; x_wconf 87' lang='lat' dir='ltr'><strong>sunt</strong></span> <span class='ocrx_word' id='word_1_118' title='bbox 335 2033 494 2108; x_wconf 84' lang='lat' dir='ltr'><strong>praetereo</strong></span> <span class='ocrx_word' id='word_1_119' title='bbox 519 2027 605 2092; x_wconf 87' lang='lat' dir='ltr'><strong>heroi</strong></span> <span class='ocrx_word' id='word_1_120' title='bbox 630 2045 750 2098; x_wconf 87' lang='lat' dir='ltr'><strong>versus,</strong></span> <span class='ocrx_word' id='word_1_121' title='bbox 779 2026 890 2120; x_wconf 87' lang='lat' dir='ltr'><strong>quihus</strong></span> <span class='ocrx_word' id='word_1_122' title='bbox 913 2039 945 2088; x_wconf 88' lang='lat' dir='ltr'><strong>et</strong></span> <span class='ocrx_word' id='word_1_123' title='bbox 967 2027 1120 2090; x_wconf 83' lang='lat' dir='ltr'><strong>Homerus</strong></span> <span class='ocrx_word' id='word_1_124' title='bbox 1144 2039 1174 2092; x_wconf 92' lang='lat' dir='ltr'><strong>et</strong></span> <span class='ocrx_word' id='word_1_125' title='bbox 1195 2031 1376 2093; x_wconf 82' lang='lat' dir='ltr'><strong>Theocritus</strong></span> <span class='ocrx_word' id='word_1_126' title='bbox 1406 2027 1493 2091; x_wconf 88' lang='lat' dir='ltr'><strong>iaoiie</strong></span> <span class='ocrx_word' id='word_1_127' title='bbox 1521 2031 1566 2092; x_wconf 89' lang='lat' dir='ltr'><strong>usi</strong></span> 
     </span>
     <span class='ocr_line' id='line_1_17' title="bbox 203 2127 1566 2215; baseline 0.001 -23"><span class='ocrx_word' id='word_1_128' title='bbox 203 2141 227 2183; x_wconf 76' lang='lat'><strong>1⁵</strong></span> <span class='ocrx_word' id='word_1_129' title='bbox 240 2139 321 2201; x_wconf 87' lang='lat' dir='ltr'><strong>sunt,</strong></span> <span class='ocrx_word' id='word_1_130' title='bbox 345 2131 396 2212; x_wconf 89' lang='lat' dir='ltr'><strong>qui</strong></span> <span class='ocrx_word' id='word_1_131' title='bbox 420 2127 550 2194; x_wconf 88' lang='lat' dir='ltr'><strong>hucotici</strong></span> <span class='ocrx_word' id='word_1_132' title='bbox 564 2131 717 2215; x_wconf 80' lang='lat' dir='ltr'><strong>dicuntur,</strong></span> <span class='ocrx_word' id='word_1_133' title='bbox 742 2148 871 2210; x_wconf 86' lang='lat' dir='ltr'><strong>quorum</strong></span> <span class='ocrx_word' id='word_1_134' title='bbox 889 2149 1013 2194; x_wconf 86' lang='lat' dir='ltr'><strong>caesura</strong></span> <span class='ocrx_word' id='word_1_135' title='bbox 1032 2149 1092 2194; x_wconf 93' lang='lat' dir='ltr'><strong>nnn</strong></span> <span class='ocrx_word' id='word_1_136' title='bbox 1116 2133 1374 2213; x_wconf 83' lang='lat' dir='ltr'><strong>penthemimeres</strong></span> <span class='ocrx_word' id='word_1_137' title='bbox 1391 2149 1447 2194; x_wconf 87' lang='lat' dir='ltr'><strong>nec</strong></span> <span class='ocrx_word' id='word_1_138' title='bbox 1470 2132 1566 2213; x_wconf 89' lang='lat' dir='ltr'><strong>heph-</strong></span> 
     </span>
     <span class='ocr_line' id='line_1_18' title="bbox 240 2218 1566 2316; baseline -0.001 -20"><span class='ocrx_word' id='word_1_139' title='bbox 240 2233 447 2306; x_wconf 80' lang='lat' dir='ltr'><strong>themimeres,</strong></span> <span class='ocrx_word' id='word_1_140' title='bbox 470 2218 500 2296; x_wconf 67' lang='lat' dir='ltr'><strong>in</strong></span> <span class='ocrx_word' id='word_1_141' title='bbox 525 2235 623 2296; x_wconf 88' lang='lat' dir='ltr'><strong>estin</strong></span> <span class='ocrx_word' id='word_1_142' title='bbox 646 2235 779 2296; x_wconf 89' lang='lat' dir='ltr'><strong>secundo</strong></span> <span class='ocrx_word' id='word_1_143' title='bbox 804 2244 833 2296; x_wconf 92' lang='lat' dir='ltr'><strong>et</strong></span> <span class='ocrx_word' id='word_1_144' title='bbox 856 2233 982 2298; x_wconf 88' lang='lat' dir='ltr'><strong>tiimidio</strong></span> <span class='ocrx_word' id='word_1_145' title='bbox 1008 2233 1052 2296; x_wconf 79' lang='lat' dir='ltr'><strong>rei</strong></span> <span class='ocrx_word' id='word_1_146' title='bbox 1085 2238 1173 2298; x_wconf 87' lang='lat' dir='ltr'><strong>tertio</strong></span> <span class='ocrx_word' id='word_1_147' title='bbox 1197 2245 1227 2297; x_wconf 90' lang='lat' dir='ltr'><strong>et</strong></span> <span class='ocrx_word' id='word_1_148' title='bbox 1250 2233 1374 2298; x_wconf 85' lang='lat' dir='ltr'><strong>dimidio</strong></span> <span class='ocrx_word' id='word_1_149' title='bbox 1399 2234 1484 2316; x_wconf 90' lang='lat' dir='ltr'><strong>pede.</strong></span> <span class='ocrx_word' id='word_1_150' title='bbox 1513 2235 1566 2298; x_wconf 81' lang='lat' dir='ltr'><strong>seri</strong></span> 
     </span>
     <span class='ocr_line' id='line_1_19' title="bbox 240 2327 1567 2420; baseline 0 -22"><span class='ocrx_word' id='word_1_151' title='bbox 240 2338 271 2398; x_wconf 92' lang='lat' dir='ltr'><strong>in</strong></span> <span class='ocrx_word' id='word_1_152' title='bbox 295 2345 414 2419; x_wconf 85' lang='lat' dir='ltr'><strong>quarto,</strong></span> <span class='ocrx_word' id='word_1_153' title='bbox 432 2347 462 2400; x_wconf 90' lang='lat' dir='ltr'><strong>et</strong></span> <span class='ocrx_word' id='word_1_154' title='bbox 485 2338 566 2400; x_wconf 84' lang='lat' dir='ltr'><strong>rnrtu</strong></span> <span class='ocrx_word' id='word_1_155' title='bbox 583 2327 718 2420; x_wconf 86' lang='lat' dir='ltr'><strong>quidem</strong></span> <span class='ocrx_word' id='word_1_156' title='bbox 729 2346 816 2419; x_wconf 85' lang='lat' dir='ltr'><strong>parte</strong></span> <span class='ocrx_word' id='word_1_157' title='bbox 833 2339 989 2411; x_wconf 82' lang='lat' dir='ltr'><strong>orationis</strong></span> <span class='ocrx_word' id='word_1_158' title='bbox 1014 2355 1084 2406; x_wconf 88' lang='grc' dir='ltr'>ιιοιι,</span> <span class='ocrx_word' id='word_1_159' title='bbox 1110 2348 1143 2400; x_wconf 93' lang='lat' dir='ltr'><strong>nt</strong></span> <span class='ocrx_word' id='word_1_160' title='bbox 1157 2355 1188 2400; x_wconf 87' lang='lat' dir='ltr'><strong>tn</strong></span> <span class='ocrx_word' id='word_1_161' title='bbox 1205 2338 1274 2408; x_wconf 87' lang='lat' dir='ltr'><strong>this</strong></span> <span class='ocrx_word' id='word_1_162' title='bbox 1299 2336 1411 2420; x_wconf 77' lang='lat' dir='ltr'><strong>syllaba</strong></span> <span class='ocrx_word' id='word_1_163' title='bbox 1429 2340 1567 2419; x_wconf 85' lang='lat' dir='ltr'><strong>sequenti</strong></span> 
     </span>
     <span class='ocr_line' id='line_1_20' title="bbox 240 2439 1205 2523; baseline 0.001 -21"><span class='ocrx_word' id='word_1_164' title='bbox 240 2441 319 2523; x_wconf 92' lang='lat' dir='ltr'><strong>parti</strong></span> <span class='ocrx_word' id='word_1_165' title='bbox 341 2459 487 2504; x_wconf 73' lang='lat' dir='ltr'><strong>caesurae</strong></span> <span class='ocrx_word' id='word_1_166' title='bbox 512 2459 548 2503; x_wconf 83' lang='lat' dir='ltr'><strong>ex</strong></span> <span class='ocrx_word' id='word_1_167' title='bbox 572 2443 673 2523; x_wconf 87' lang='lat' dir='ltr'><strong>priore</strong></span> <span class='ocrx_word' id='word_1_168' title='bbox 695 2441 808 2505; x_wconf 89' lang='lat' dir='ltr'><strong>iuncta.</strong></span> <span class='ocrx_word' id='word_1_169' title='bbox 854 2441 942 2504; x_wconf 92' lang='lat' dir='ltr'><strong>huius</strong></span> <span class='ocrx_word' id='word_1_170' title='bbox 965 2439 1136 2522; x_wconf 85' lang='lat' dir='ltr'><strong>exemplum</strong></span> <span class='ocrx_word' id='word_1_171' title='bbox 1160 2450 1205 2505; x_wconf 85' lang='lat' dir='ltr'><strong>est</strong></span> 
     </span>
     <span class='ocr_line' id='line_1_21' title="bbox 394 2542 1323 2626; baseline 0.002 -22"><span class='ocrx_word' id='word_1_172' title='bbox 394 2543 443 2604; x_wconf 89' lang='lat' dir='ltr'><strong>dio</strong></span> <span class='ocrx_word' id='word_1_173' title='bbox 466 2561 532 2623; x_wconf 78' lang='lat' dir='ltr'><strong>age,</strong></span> <span class='ocrx_word' id='word_1_174' title='bbox 557 2542 605 2607; x_wconf 89' lang='lat' dir='ltr'><strong>dic</strong></span> <span class='ocrx_word' id='word_1_175' title='bbox 630 2543 713 2614; x_wconf 90' lang='lat' dir='ltr'><strong>mihi,</strong></span> <span class='ocrx_word' id='word_1_176' title='bbox 736 2544 760 2625; x_wconf 94' lang='lat'><em>†</em></span> <span class='ocrx_word' id='word_1_177' title='bbox 782 2543 858 2606; x_wconf 83' lang='lat' dir='ltr'><strong>hove</strong></span> <span class='ocrx_word' id='word_1_178' title='bbox 882 2543 1045 2607; x_wconf 78' lang='lat' dir='ltr'><strong>Liburnica</strong></span> <span class='ocrx_word' id='word_1_179' title='bbox 1070 2546 1122 2626; x_wconf 91' lang='lat' dir='ltr'><strong>qui</strong></span> <span class='ocrx_word' id='word_1_180' title='bbox 1145 2544 1221 2608; x_wconf 91' lang='lat' dir='ltr'><strong>coiis</strong></span> <span class='ocrx_word' id='word_1_181' title='bbox 1243 2561 1323 2606; x_wconf 87' lang='lat' dir='ltr'><strong>arva.</strong></span> 
     </span>
     <span class='ocr_line' id='line_1_22' title="bbox 199 2645 1566 2728; baseline -0.001 -18"><span class='ocrx_word' id='word_1_182' title='bbox 199 2656 226 2698; x_wconf 79' lang='lat'><strong>²⁰</strong></span> <span class='ocrx_word' id='word_1_183' title='bbox 327 2645 511 2728; x_wconf 77' lang='lat' dir='ltr'><strong>Dactylicum</strong></span> <span class='ocrx_word' id='word_1_184' title='bbox 545 2647 770 2723; x_wconf 83' lang='lat' dir='ltr'><strong>hexametrum,</strong></span> <span class='ocrx_word' id='word_1_185' title='bbox 806 2647 886 2728; x_wconf 83' lang='lat' dir='ltr'><strong>quoti</strong></span> <span class='ocrx_word' id='word_1_186' title='bbox 922 2645 1069 2710; x_wconf 84' lang='lat' dir='ltr'><strong>alcaicum</strong></span> <span class='ocrx_word' id='word_1_187' title='bbox 1108 2650 1285 2710; x_wconf 86' lang='lat' dir='ltr'><strong>nominetur</strong></span> <span class='ocrx_word' id='word_1_188' title='bbox 1317 2656 1350 2710; x_wconf 91' lang='lat' dir='ltr'><strong>et</strong></span> <span class='ocrx_word' id='word_1_189' title='bbox 1381 2655 1429 2710; x_wconf 89' lang='lat' dir='ltr'><strong>est</strong></span> <span class='ocrx_word' id='word_1_190' title='bbox 1461 2648 1566 2710; x_wconf 79' lang='lat' dir='ltr'><strong>variati</strong></span> 
     </span>
     <span class='ocr_line' id='line_1_23' title="bbox 239 2749 712 2830; baseline 0.002 -18"><span class='ocrx_word' id='word_1_191' title='bbox 239 2753 361 2830; x_wconf 81' lang='lat' dir='ltr'><strong>generis</strong></span> <span class='ocrx_word' id='word_1_192' title='bbox 383 2751 414 2813; x_wconf 92' lang='lat' dir='ltr'><strong>in</strong></span> <span class='ocrx_word' id='word_1_193' title='bbox 438 2751 550 2814; x_wconf 88' lang='lat' dir='ltr'><strong>initiis·</strong></span> <span class='ocrx_word' id='word_1_194' title='bbox 574 2749 712 2829; x_wconf 83' lang='lat' dir='ltr'><strong>spondio,</strong></span> 
     </span>
     <span class='ocr_line' id='line_1_24' title="bbox 395 2851 1357 2936; baseline 0.004 -22"><span class='ocrx_word' id='word_1_195' title='bbox 395 2853 640 2936; x_wconf 79' lang='lat' dir='ltr'><strong>inferretque</strong></span> <span class='ocrx_word' id='word_1_196' title='bbox 664 2851 751 2916; x_wconf 86' lang='lat' dir='ltr'><strong>deos</strong></span> <span class='ocrx_word' id='word_1_197' title='bbox 776 2855 882 2917; x_wconf 82' lang='lat' dir='ltr'><strong>hatto</strong></span> <span class='ocrx_word' id='word_1_198' title='bbox 905 2872 1025 2936; x_wconf 78' lang='lat' dir='ltr'><strong>genus</strong></span> <span class='ocrx_word' id='word_1_199' title='bbox 1049 2854 1147 2918; x_wconf 88' lang='lat' dir='ltr'><strong>unde</strong></span> <span class='ocrx_word' id='word_1_200' title='bbox 1169 2854 1357 2926; x_wconf 85' lang='lat' dir='ltr'><strong>Latinum.</strong></span> 
     </span>
    </p>
   </div>
   <div class='ocr_carea' id='block_1_4' title="bbox 113 2952 395 3030">
    <p class='ocr_par' dir='ltr' id='par_1_4' title="bbox 113 2952 395 3030">
     <span class='ocr_line' id='line_1_25' title="bbox 113 2952 395 3030; baseline -0.007 -10"><span class='ocrx_word' id='word_1_201' title='bbox 113 2952 129 2962; x_wconf 81' lang='grc'><strong>“</strong></span> <span class='ocrx_word' id='word_1_202' title='bbox 240 2955 395 3030; x_wconf 87' lang='lat' dir='ltr'><strong>trochaeo,</strong></span> 
     </span>
    </p>
   </div>
   <div class='ocr_carea' id='block_1_5' title="bbox 199 3055 1120 3236">
    <p class='ocr_par' dir='ltr' id='par_1_5' title="bbox 199 3055 1120 3236">
     <span class='ocr_line' id='line_1_26' title="bbox 307 3055 1120 3142; baseline 0.001 -20"><span class='ocrx_word' id='word_1_203' title='bbox 307 3127 313 3134; x_wconf 68' lang='grc'><em>,</em></span> <span class='ocrx_word' id='word_1_204' title='bbox 395 3058 487 3123; x_wconf 86' lang='lat' dir='ltr'><strong>Nisus</strong></span> <span class='ocrx_word' id='word_1_205' title='bbox 509 3059 623 3139; x_wconf 50' lang='lat' dir='ltr'><strong>asotia,</strong></span> <span class='ocrx_word' id='word_1_206' title='bbox 636 3055 794 3140; x_wconf 77' lang='lat' dir='ltr'><strong>chlamyde</strong></span> <span class='ocrx_word' id='word_1_207' title='bbox 818 3062 898 3140; x_wconf 86' lang='lat' dir='ltr'><strong>capit</strong></span> <span class='ocrx_word' id='word_1_208' title='bbox 920 3061 1027 3142; x_wconf 76' lang='lat' dir='ltr'><strong>integit</strong></span> <span class='ocrx_word' id='word_1_209' title='bbox 1051 3059 1120 3139; x_wconf 80' lang='lat' dir='ltr'><strong>alte,</strong></span> 
     </span>
     <span class='ocr_line' id='line_1_27' title="bbox 199 3163 351 3236; baseline -0.013 -8"><span class='ocrx_word' id='word_1_210' title='bbox 199 3171 226 3214; x_wconf 69' lang='lat'><strong>²³</strong></span> <span class='ocrx_word' id='word_1_211' title='bbox 241 3163 351 3236; x_wconf 83' lang='lat' dir='ltr'><strong>iambo,</strong></span> 
     </span>
    </p>
   </div>
   <div class='ocr_carea' id='block_1_6' title="bbox 189 3247 1565 3872">
    <p class='ocr_par' dir='ltr' id='par_1_6' title="bbox 189 3247 1565 3872">
     <span class='ocr_line' id='line_1_28' title="bbox 394 3247 1210 3349; baseline 0 -19"><span class='ocrx_word' id='word_1_212' title='bbox 394 3285 461 3330; x_wconf 83' lang='lat' dir='ltr'><strong>anta</strong></span> <span class='ocrx_word' id='word_1_213' title='bbox 483 3265 629 3349; x_wconf 83' lang='lat' dir='ltr'><strong>populeas</strong></span> <span class='ocrx_word' id='word_1_214' title='bbox 654 3267 787 3330; x_wconf 84' lang='lat' dir='ltr'><strong>medinm</strong></span> <span class='ocrx_word' id='word_1_215' title='bbox 810 3247 1050 3349; x_wconf 79' lang='lat' dir='ltr'><strong>superaethero</strong></span> <span class='ocrx_word' id='word_1_216' title='bbox 1074 3265 1210 3340; x_wconf 84' lang='lat' dir='ltr'><strong>incudes,</strong></span> 
     </span>
     <span class='ocr_line' id='line_1_29' title="bbox 239 3371 404 3470; baseline 0 -36"><span class='ocrx_word' id='word_1_217' title='bbox 239 3371 404 3470; x_wconf 70' lang='lat' dir='ltr'><strong>pyrrichio,</strong></span> 
     </span>
     <span class='ocr_line' id='line_1_30' title="bbox 394 3472 1188 3558; baseline 0 -22"><span class='ocrx_word' id='word_1_218' title='bbox 394 3477 479 3556; x_wconf 87' lang='lat' dir='ltr'><strong>quasi</strong></span> <span class='ocrx_word' id='word_1_219' title='bbox 503 3495 552 3538; x_wconf 87' lang='lat' dir='ltr'><strong>me</strong></span> <span class='ocrx_word' id='word_1_220' title='bbox 575 3473 693 3538; x_wconf 86' lang='lat' dir='ltr'><strong>celeres</strong></span> <span class='ocrx_word' id='word_1_221' title='bbox 716 3473 835 3554; x_wconf 79' lang='lat' dir='ltr'><strong>tugiunt</strong></span> <span class='ocrx_word' id='word_1_222' title='bbox 859 3492 956 3558; x_wconf 88' lang='lat' dir='ltr'><strong>prope</strong></span> <span class='ocrx_word' id='word_1_223' title='bbox 979 3472 1071 3538; x_wconf 85' lang='lat' dir='ltr'><strong>litora</strong></span> <span class='ocrx_word' id='word_1_224' title='bbox 1094 3477 1188 3538; x_wconf 86' lang='lat' dir='ltr'><strong>cerri.</strong></span> 
     </span>
     <span class='ocr_line' id='line_1_31' title="bbox 234 3559 1565 3660; baseline -0.002 -20"><span class='ocrx_word' id='word_1_225' title='bbox 234 3623 236 3628; x_wconf 84' lang='lat'>-</span> <span class='ocrx_word' id='word_1_226' title='bbox 325 3577 378 3640; x_wconf 84' lang='lat' dir='ltr'><strong>Est</strong></span> <span class='ocrx_word' id='word_1_227' title='bbox 404 3588 434 3640; x_wconf 93' lang='lat' dir='ltr'><strong>et</strong></span> <span class='ocrx_word' id='word_1_228' title='bbox 462 3576 521 3642; x_wconf 92' lang='lat' dir='ltr'><strong>hoc</strong></span> <span class='ocrx_word' id='word_1_229' title='bbox 550 3595 673 3641; x_wconf 90' lang='lat' dir='ltr'><strong>carmen</strong></span> <span class='ocrx_word' id='word_1_230' title='bbox 697 3577 893 3660; x_wconf 71' lang='lat' dir='ltr'><strong>dactylicum,</strong></span> <span class='ocrx_word' id='word_1_231' title='bbox 922 3559 1003 3659; x_wconf 72' lang='lat' dir='ltr'><strong>quoti</strong></span> <span class='ocrx_word' id='word_1_232' title='bbox 1033 3597 1070 3640; x_wconf 85' lang='lat' dir='ltr'><strong>ex</strong></span> <span class='ocrx_word' id='word_1_233' title='bbox 1099 3577 1248 3660; x_wconf 78' lang='lat' dir='ltr'><strong>dactylico</strong></span> <span class='ocrx_word' id='word_1_234' title='bbox 1277 3559 1511 3660; x_wconf 85' lang='lat' dir='ltr'><strong>penthentimeri</strong></span> <span class='ocrx_word' id='word_1_235' title='bbox 1534 3587 1565 3638; x_wconf 90' lang='lat' dir='ltr'><strong>et</strong></span> 
     </span>
     <span class='ocr_line' id='line_1_32' title="bbox 189 3665 898 3763; baseline 0.003 -22"><span class='ocrx_word' id='word_1_236' title='bbox 189 3665 225 3730; x_wconf 67' lang='lat'><strong>&#39;³⁰</strong></span> <span class='ocrx_word' id='word_1_237' title='bbox 241 3678 497 3761; x_wconf 84' lang='lat' dir='ltr'><strong>proceleumatico</strong></span> <span class='ocrx_word' id='word_1_238' title='bbox 519 3681 597 3763; x_wconf 83' lang='lat' dir='ltr'><strong>petie</strong></span> <span class='ocrx_word' id='word_1_239' title='bbox 621 3683 819 3763; x_wconf 89' lang='lat' dir='ltr'><strong>compositum</strong></span> <span class='ocrx_word' id='word_1_240' title='bbox 844 3689 898 3752; x_wconf 84' lang='lat' dir='ltr'><strong>est,</strong></span> 
     </span>
     <span class='ocr_line' id='line_1_33' title="bbox 394 3783 1034 3872; baseline 0 -26"><span class='ocrx_word' id='word_1_241' title='bbox 394 3785 501 3865; x_wconf 87' lang='lat' dir='ltr'><strong>siqua</strong></span> <span class='ocrx_word' id='word_1_242' title='bbox 525 3783 835 3872; x_wconf 55' lang='lat' dir='ltr'><strong>flagellatoque</strong></span> <span class='ocrx_word' id='word_1_243' title='bbox 861 3785 1034 3865; x_wconf 82' lang='lat' dir='ltr'><strong>itaiuga.</strong></span> 
     </span>
    </p>
   </div>
   <div class='ocr_carea' id='block_1_7' title="bbox 237 3911 444 3932">
    <p class='ocr_par' dir='ltr' id='par_1_7' title="bbox 237 3911 444 3932">
     <span class='ocr_line' id='line_1_34' title="bbox 237 3911 444 3932; baseline -0.01 0"><span class='ocrx_word' id='word_1_244' title='bbox 237 3911 444 3932; x_wconf 47' lang='grc' dir='ltr'>...ὲ-...ψ</span> 
     </span>
    </p>
   </div>
   <div class='ocr_carea' id='block_1_8' title="bbox 307 4005 1565 4076">
    <p class='ocr_par' dir='ltr' id='par_1_8' title="bbox 307 4005 1565 4076">
     <span class='ocr_line' id='line_1_35' title="bbox 307 4005 1565 4076; baseline -0.002 -16"><span class='ocrx_word' id='word_1_245' title='bbox 307 4005 399 4076; x_wconf 67' lang='lat' dir='ltr'><strong>teeti]</strong></span> <span class='ocrx_word' id='word_1_246' title='bbox 418 4017 443 4060; x_wconf 86' lang='lat' dir='ltr'><strong>et</strong></span> <span class='ocrx_word' id='word_1_247' title='bbox 461 4007 490 4059; x_wconf 83' lang='lat' dir='ltr'><em>B</em></span> <span class='ocrx_word' id='word_1_248' title='bbox 557 4007 773 4076; x_wconf 69' lang='lat' dir='ltr'><strong>Strymonaicum</strong></span> <span class='ocrx_word' id='word_1_249' title='bbox 792 4026 806 4060; x_wconf 86' lang='lat' dir='ltr'><strong>n</strong></span> <span class='ocrx_word' id='word_1_250' title='bbox 825 4008 1049 4074; x_wconf 72' lang='lat' dir='ltr'><strong>hpmeuicurnB:</strong></span> <span class='ocrx_word' id='word_1_251' title='bbox 1067 4009 1102 4076; x_wconf 80' lang='lat' dir='ltr'><strong>cs.</strong></span> <span class='ocrx_word' id='word_1_252' title='bbox 1116 4009 1188 4066; x_wconf 80' lang='lat' dir='ltr'><strong>Seru.</strong></span> <span class='ocrx_word' id='word_1_253' title='bbox 1203 4011 1235 4061; x_wconf 82' lang='lat' dir='ltr'><strong>de</strong></span> <span class='ocrx_word' id='word_1_254' title='bbox 1255 4015 1320 4064; x_wconf 86' lang='lat' dir='ltr'><strong>cent.</strong></span> <span class='ocrx_word' id='word_1_255' title='bbox 1334 4015 1405 4060; x_wconf 82' lang='lat' dir='ltr'><strong>metr.</strong></span> <span class='ocrx_word' id='word_1_256' title='bbox 1419 4025 1445 4075; x_wconf 88' lang='lat' dir='ltr'><strong>p.</strong></span> <span class='ocrx_word' id='word_1_257' title='bbox 1459 4011 1517 4069; x_wconf 74' lang='lat'><strong>400,</strong></span> <span class='ocrx_word' id='word_1_258' title='bbox 1532 4011 1565 4060; x_wconf 77' lang='lat'><strong>10</strong></span> 
     </span>
    </p>
   </div>
   <div class='ocr_carea' id='block_1_9' title="bbox 290 4103 1564 4214">
    <p class='ocr_par' dir='ltr' id='par_1_9' title="bbox 290 4103 1564 4214">
     <span class='ocr_line' id='line_1_36' title="bbox 290 4103 1564 4214; baseline -0.002 -16"><span class='ocrx_word' id='word_1_259' title='bbox 290 4143 507 4214; x_wconf 85' lang='lat' dir='ltr'><strong>tioetsmetrum]</strong></span> <span class='ocrx_word' id='word_1_260' title='bbox 526 4147 561 4210; x_wconf 78' lang='lat' dir='ltr'><strong>es.</strong></span> <span class='ocrx_word' id='word_1_261' title='bbox 576 4146 648 4198; x_wconf 83' lang='lat' dir='ltr'><strong>Mar.</strong></span> <span class='ocrx_word' id='word_1_262' title='bbox 665 4146 805 4213; x_wconf 88' lang='lat' dir='ltr'><strong>V.ietorp.</strong></span> <span class='ocrx_word' id='word_1_263' title='bbox 821 4150 862 4205; x_wconf 78' lang='grc'><strong>71,</strong></span> <span class='ocrx_word' id='word_1_264' title='bbox 877 4150 912 4198; x_wconf 78' lang='grc'><strong>21</strong></span> <span class='ocrx_word' id='word_1_265' title='bbox 982 4126 1126 4199; x_wconf 74' lang='lat' dir='ltr'><strong>teutobocus</strong></span> <span class='ocrx_word' id='word_1_266' title='bbox 1141 4146 1166 4197; x_wconf 89' lang='lat' dir='ltr'><em>B</em></span> <span class='ocrx_word' id='word_1_267' title='bbox 1239 4103 1524 4214; x_wconf 61' lang='lat' dir='ltr'><strong>intempestiuum</strong></span> <span class='ocrx_word' id='word_1_268' title='bbox 1539 4145 1564 4196; x_wconf 87' lang='lat' dir='ltr'><em>B</em></span> 
     </span>
    </p>
   </div>
   <div class='ocr_carea' id='block_1_10' title="bbox 135 4229 1565 4989">
    <p class='ocr_par' dir='ltr' id='par_1_10' title="bbox 135 4229 1565 4989">
     <span class='ocr_line' id='line_1_37' title="bbox 238 4229 1564 4300; baseline -0.003 -15"><span class='ocrx_word' id='word_1_269' title='bbox 238 4244 300 4285; x_wconf 91' lang='lat' dir='ltr'><strong>tunc</strong></span> <span class='ocrx_word' id='word_1_270' title='bbox 319 4233 406 4300; x_wconf 84' lang='lat' dir='ltr'><strong>pervia</strong></span> <span class='ocrx_word' id='word_1_271' title='bbox 426 4248 519 4286; x_wconf 81' lang='lat' dir='ltr'><strong>russo</strong></span> <span class='ocrx_word' id='word_1_272' title='bbox 603 4235 633 4284; x_wconf 83' lang='lat' dir='ltr'><strong>m</strong></span> <span class='ocrx_word' id='word_1_273' title='bbox 652 4229 811 4298; x_wconf 82' lang='lat' dir='ltr'><strong>conticuere]</strong></span> <span class='ocrx_word' id='word_1_274' title='bbox 835 4232 915 4299; x_wconf 85' lang='lat' dir='ltr'><strong>Verp.</strong></span> <span class='ocrx_word' id='word_1_275' title='bbox 935 4234 1003 4285; x_wconf 85' lang='lat' dir='ltr'><strong>Aen.</strong></span> <span class='ocrx_word' id='word_1_276' title='bbox 1023 4233 1092 4284; x_wconf 85' lang='lat' dir='ltr'><strong>H!</strong></span> <span class='ocrx_word' id='word_1_277' title='bbox 1183 4237 1213 4286; x_wconf 86' lang='grc'><strong>13</strong></span> <span class='ocrx_word' id='word_1_278' title='bbox 1229 4234 1347 4297; x_wconf 78' lang='lat' dir='ltr'><strong>sortasse</strong></span> <span class='ocrx_word' id='word_1_279' title='bbox 1367 4233 1443 4284; x_wconf 82' lang='lat' dir='ltr'><strong>tinius</strong></span> <span class='ocrx_word' id='word_1_280' title='bbox 1463 4231 1564 4299; x_wconf 86' lang='lat' dir='ltr'><strong>species</strong></span> 
     </span>
     <span class='ocr_line' id='line_1_38' title="bbox 239 4317 1565 4386; baseline -0.002 -16"><span class='ocrx_word' id='word_1_281' title='bbox 239 4331 302 4370; x_wconf 87' lang='lat' dir='ltr'><strong>sont</strong></span> <span class='ocrx_word' id='word_1_282' title='bbox 319 4331 423 4370; x_wconf 80' lang='lat' dir='ltr'><strong>mutuus</strong></span> <span class='ocrx_word' id='word_1_283' title='bbox 443 4318 497 4384; x_wconf 84' lang='lat' dir='ltr'><strong>(oei</strong></span> <span class='ocrx_word' id='word_1_284' title='bbox 515 4318 638 4384; x_wconf 80' lang='lat' dir='ltr'><strong>attenuas)</strong></span> <span class='ocrx_word' id='word_1_285' title='bbox 659 4319 795 4386; x_wconf 84' lang='lat' dir='ltr'><strong>pervices</strong></span> <span class='ocrx_word' id='word_1_286' title='bbox 816 4319 929 4385; x_wconf 86' lang='lat' dir='ltr'><strong>spondio</strong></span> <span class='ocrx_word' id='word_1_287' title='bbox 954 4328 979 4370; x_wconf 89' lang='lat' dir='ltr'><strong>et</strong></span> <span class='ocrx_word' id='word_1_288' title='bbox 996 4319 1098 4385; x_wconf 72' lang='lat' dir='ltr'><strong>dactylo</strong></span> <span class='ocrx_word' id='word_1_289' title='bbox 1123 4319 1276 4385; x_wconf 86' lang='lat' dir='ltr'><strong>compositis</strong></span> <span class='ocrx_word' id='word_1_290' title='bbox 1297 4317 1412 4370; x_wconf 81' lang='lat' dir='ltr'><strong>xxxii:</strong></span> <span class='ocrx_word' id='word_1_291' title='bbox 1435 4317 1471 4380; x_wconf 76' lang='lat' dir='ltr'><strong>ef.</strong></span> <span class='ocrx_word' id='word_1_292' title='bbox 1493 4317 1565 4368; x_wconf 76' lang='grc' dir='ltr'>Μαι.</span> 
     </span>
     <span class='ocr_line' id='line_1_39' title="bbox 241 4399 1561 4472; baseline -0.002 -15"><span class='ocrx_word' id='word_1_293' title='bbox 241 4407 342 4459; x_wconf 85' lang='lat' dir='ltr'><strong>Victor.</strong></span> <span class='ocrx_word' id='word_1_294' title='bbox 361 4421 388 4470; x_wconf 87' lang='lat' dir='ltr'><strong>p.</strong></span> <span class='ocrx_word' id='word_1_295' title='bbox 409 4408 450 4464; x_wconf 82' lang='grc'><strong>72,</strong></span> <span class='ocrx_word' id='word_1_296' title='bbox 471 4409 504 4455; x_wconf 84' lang='grc'><strong>17</strong></span> <span class='ocrx_word' id='word_1_297' title='bbox 574 4406 605 4457; x_wconf 84' lang='lat' dir='ltr'><strong>lt</strong></span> <span class='ocrx_word' id='word_1_298' title='bbox 624 4399 689 4472; x_wconf 85' lang='lat' dir='ltr'><strong>tttts]</strong></span> <span class='ocrx_word' id='word_1_299' title='bbox 707 4403 811 4454; x_wconf 84' lang='lat' dir='ltr'><strong>siiieB</strong></span> <span class='ocrx_word' id='word_1_300' title='bbox 883 4401 1194 4472; x_wconf 76' lang='lat' dir='ltr'><strong>tetnn0n1reutetn3</strong></span> <span class='ocrx_word' id='word_1_301' title='bbox 1269 4407 1304 4456; x_wconf 78' lang='grc'><strong>20</strong></span> <span class='ocrx_word' id='word_1_302' title='bbox 1322 4400 1460 4471; x_wconf 83' lang='lat' dir='ltr'><strong>eioaicnm]</strong></span> <span class='ocrx_word' id='word_1_303' title='bbox 1480 4402 1561 4454; x_wconf 84' lang='lat' dir='ltr'><strong>senii-</strong></span> 
     </span>
     <span class='ocr_line' id='line_1_40' title="bbox 203 4488 1564 4556; baseline -0.003 -14"><span class='ocrx_word' id='word_1_304' title='bbox 203 4507 208 4512; x_wconf 79' lang='grc'><strong>’</strong></span> <span class='ocrx_word' id='word_1_305' title='bbox 237 4507 296 4542; x_wconf 89' lang='lat' dir='ltr'><strong>cnm</strong></span> <span class='ocrx_word' id='word_1_306' title='bbox 311 4507 326 4553; x_wconf 82' lang='lat' dir='ltr'><strong>o</strong></span> <span class='ocrx_word' id='word_1_307' title='bbox 394 4492 427 4542; x_wconf 75' lang='lat'><strong>21</strong></span> <span class='ocrx_word' id='word_1_308' title='bbox 447 4492 560 4556; x_wconf 78' lang='lat' dir='ltr'><strong>‘generis</strong></span> <span class='ocrx_word' id='word_1_309' title='bbox 574 4493 601 4542; x_wconf 85' lang='lat' dir='ltr'><strong>in</strong></span> <span class='ocrx_word' id='word_1_310' title='bbox 618 4493 676 4543; x_wconf 82' lang='lat' dir='ltr'><strong>cod.</strong></span> <span class='ocrx_word' id='word_1_311' title='bbox 690 4488 956 4542; x_wconf 79' lang='lat' dir='ltr'><strong>lineolaettbtinct&#39;tur&#39;</strong></span> <span class='ocrx_word' id='word_1_312' title='bbox 976 4491 1063 4544; x_wconf 82' lang='lat' dir='ltr'><strong>editor</strong></span> <span class='ocrx_word' id='word_1_313' title='bbox 1079 4490 1294 4543; x_wconf 83' lang='lat' dir='ltr'><strong>Vindobonensie.</strong></span> <span class='ocrx_word' id='word_1_314' title='bbox 1325 4492 1443 4554; x_wconf 75' lang='lat' dir='ltr'><strong>sortasse</strong></span> <span class='ocrx_word' id='word_1_315' title='bbox 1456 4489 1564 4541; x_wconf 81' lang='lat' dir='ltr'><strong>variatis</strong></span> 
     </span>
     <span class='ocr_line' id='line_1_41' title="bbox 238 4561 1563 4643; baseline -0.001 -17"><span class='ocrx_word' id='word_1_316' title='bbox 238 4578 318 4628; x_wconf 84' lang='lat' dir='ltr'><strong>initiis</strong></span> <span class='ocrx_word' id='word_1_317' title='bbox 390 4577 522 4643; x_wconf 83' lang='lat' dir='ltr'><strong>spouuiou</strong></span> <span class='ocrx_word' id='word_1_318' title='bbox 541 4577 568 4628; x_wconf 84' lang='lat' dir='ltr'><em>B</em></span> <span class='ocrx_word' id='word_1_319' title='bbox 624 4561 670 4628; x_wconf 53' lang='grc'><strong>’22</strong></span> <span class='ocrx_word' id='word_1_320' title='bbox 689 4571 858 4642; x_wconf 78' lang='lat' dir='ltr'><strong>inferretque]</strong></span> <span class='ocrx_word' id='word_1_321' title='bbox 882 4573 961 4643; x_wconf 82' lang='lat' dir='ltr'><strong>Verp.</strong></span> <span class='ocrx_word' id='word_1_322' title='bbox 981 4579 1049 4629; x_wconf 80' lang='lat' dir='ltr'><strong>Aen.</strong></span> <span class='ocrx_word' id='word_1_323' title='bbox 1071 4576 1122 4627; x_wconf 81' lang='lat'><strong>10</strong></span> <span class='ocrx_word' id='word_1_324' title='bbox 1191 4575 1424 4642; x_wconf 67' lang='lat' dir='ltr'><strong>tichiumptieB</strong></span> <span class='ocrx_word' id='word_1_325' title='bbox 1501 4572 1563 4642; x_wconf 82' lang='lat' dir='ltr'><strong>uite]</strong></span> 
     </span>
     <span class='ocr_line' id='line_1_42' title="bbox 135 4659 1564 4740; baseline -0.001 -26"><span class='ocrx_word' id='word_1_326' title='bbox 135 4717 139 4721; x_wconf 77' lang='grc'><em>,</em></span> <span class='ocrx_word' id='word_1_327' title='bbox 232 4661 333 4740; x_wconf 74' lang='lat' dir='ltr'><strong>&#39;uith</strong></span> <span class='ocrx_word' id='word_1_328' title='bbox 422 4661 628 4728; x_wconf 70' lang='lat' dir='ltr'><strong>tt-exdactpio</strong></span> <span class='ocrx_word' id='word_1_329' title='bbox 648 4659 869 4730; x_wconf 86' lang='lat' dir='ltr'><strong>pentemimeriB</strong></span> <span class='ocrx_word' id='word_1_330' title='bbox 962 4665 994 4714; x_wconf 82' lang='lat'><strong>31</strong></span> <span class='ocrx_word' id='word_1_331' title='bbox 1014 4663 1091 4726; x_wconf 79' lang='lat' dir='ltr'><strong>siquo</strong></span> <span class='ocrx_word' id='word_1_332' title='bbox 1111 4662 1187 4730; x_wconf 81' lang='lat' dir='ltr'><strong>hugei</strong></span> <span class='ocrx_word' id='word_1_333' title='bbox 1208 4661 1564 4730; x_wconf 78' lang='lat' dir='ltr'><strong>iugssitingaB,qusndo</strong></span> 
     </span>
     <span class='ocr_line' id='line_1_43' title="bbox 239 4747 1564 4816; baseline -0.001 -18"><span class='ocrx_word' id='word_1_334' title='bbox 239 4747 342 4814; x_wconf 75' lang='lat' dir='ltr'><strong>ungeris</strong></span> <span class='ocrx_word' id='word_1_335' title='bbox 360 4749 447 4816; x_wconf 77' lang='lat' dir='ltr'><strong>iuges,</strong></span> <span class='ocrx_word' id='word_1_336' title='bbox 467 4750 503 4798; x_wconf 85' lang='lat' dir='ltr'><strong>its</strong></span> <span class='ocrx_word' id='word_1_337' title='bbox 521 4749 583 4814; x_wconf 78' lang='lat' dir='ltr'><strong>iuga</strong></span> <span class='ocrx_word' id='word_1_338' title='bbox 607 4748 775 4800; x_wconf 80' lang='lat' dir='ltr'><strong>Terentianus</strong></span> <span class='ocrx_word' id='word_1_339' title='bbox 793 4765 815 4798; x_wconf 87' lang='grc' dir='ltr'><strong>ι.</strong></span> <span class='ocrx_word' id='word_1_340' title='bbox 836 4748 914 4812; x_wconf 84' lang='lat'><em>2001,</em></span> <span class='ocrx_word' id='word_1_341' title='bbox 934 4751 1009 4813; x_wconf 84' lang='lat' dir='ltr'><strong>siquo</strong></span> <span class='ocrx_word' id='word_1_342' title='bbox 1030 4748 1132 4816; x_wconf 80' lang='lat' dir='ltr'><strong>hugelia</strong></span> <span class='ocrx_word' id='word_1_343' title='bbox 1152 4749 1270 4815; x_wconf 67' lang='lat' dir='ltr'><strong>inprobis,</strong></span> <span class='ocrx_word' id='word_1_344' title='bbox 1294 4759 1353 4799; x_wconf 86' lang='lat' dir='ltr'><strong>ante</strong></span> <span class='ocrx_word' id='word_1_345' title='bbox 1376 4757 1468 4814; x_wconf 77' lang='lat' dir='ltr'><strong>putere</strong></span> <span class='ocrx_word' id='word_1_346' title='bbox 1491 4747 1564 4798; x_wconf 87' lang='lat' dir='ltr'><strong>decet</strong></span> 
     </span>
     <span class='ocr_line' id='line_1_44' title="bbox 239 4833 1565 4901; baseline 0.001 -17"><span class='ocrx_word' id='word_1_347' title='bbox 239 4833 306 4885; x_wconf 81' lang='lat' dir='ltr'><strong>Iuba</strong></span> <span class='ocrx_word' id='word_1_348' title='bbox 324 4837 397 4901; x_wconf 82' lang='lat' dir='ltr'><strong>apud</strong></span> <span class='ocrx_word' id='word_1_349' title='bbox 414 4836 576 4886; x_wconf 71' lang='lat' dir='ltr'><strong>priscianum</strong></span> <span class='ocrx_word' id='word_1_350' title='bbox 594 4837 627 4886; x_wconf 84' lang='lat' dir='ltr'><strong>de</strong></span> <span class='ocrx_word' id='word_1_351' title='bbox 645 4843 719 4886; x_wconf 81' lang='lat' dir='ltr'><strong>metr.</strong></span> <span class='ocrx_word' id='word_1_352' title='bbox 744 4834 847 4885; x_wconf 72' lang='lat' dir='ltr'><strong>iterent.</strong></span> <span class='ocrx_word' id='word_1_353' title='bbox 865 4851 891 4898; x_wconf 87' lang='lat' dir='ltr'><strong>p.</strong></span> <span class='ocrx_word' id='word_1_354' title='bbox 913 4837 972 4898; x_wconf 72' lang='lat'><strong><em>4:²1,</em></strong></span> <span class='ocrx_word' id='word_1_355' title='bbox 992 4841 1017 4888; x_wconf 78' lang='grc'><strong>5.</strong></span> <span class='ocrx_word' id='word_1_356' title='bbox 1056 4835 1180 4900; x_wconf 84' lang='lat' dir='ltr'><strong>Septimio</strong></span> <span class='ocrx_word' id='word_1_357' title='bbox 1205 4836 1303 4887; x_wconf 83' lang='lat' dir='ltr'><strong>Sereno</strong></span> <span class='ocrx_word' id='word_1_358' title='bbox 1328 4850 1428 4886; x_wconf 80' lang='lat' dir='ltr'><strong>versum</strong></span> <span class='ocrx_word' id='word_1_359' title='bbox 1451 4833 1565 4886; x_wconf 81' lang='lat' dir='ltr'><strong>tribrmnt</strong></span> 
     </span>
     <span class='ocr_line' id='line_1_45' title="bbox 222 4918 1562 4989; baseline 0.001 -21"><span class='ocrx_word' id='word_1_360' title='bbox 222 4922 344 4974; x_wconf 78' lang='lat' dir='ltr'><strong>..Varius</strong></span> <span class='ocrx_word' id='word_1_361' title='bbox 367 4923 517 4975; x_wconf 80' lang='lat' dir='ltr'><strong>Victorinus</strong></span> <span class='ocrx_word' id='word_1_362' title='bbox 534 4937 560 4986; x_wconf 88' lang='lat' dir='ltr'><strong>p.</strong></span> <span class='ocrx_word' id='word_1_363' title='bbox 581 4923 641 4988; x_wconf 75' lang='lat' dir='ltr'><strong>tat,</strong></span> <span class='ocrx_word' id='word_1_364' title='bbox 662 4926 702 4982; x_wconf 84' lang='lat'><strong>15,</strong></span> <span class='ocrx_word' id='word_1_365' title='bbox 723 4935 750 4972; x_wconf 91' lang='lat' dir='ltr'><strong>ut</strong></span> <span class='ocrx_word' id='word_1_366' title='bbox 768 4932 808 4972; x_wconf 88' lang='lat' dir='ltr'><strong>est</strong></span> <span class='ocrx_word' id='word_1_367' title='bbox 825 4921 889 4974; x_wconf 85' lang='lat' dir='ltr'><strong>ittutt</strong></span> <span class='ocrx_word' id='word_1_368' title='bbox 908 4921 978 4987; x_wconf 83' lang='lat' dir='ltr'><strong>sputi</strong></span> <span class='ocrx_word' id='word_1_369' title='bbox 998 4919 1153 4989; x_wconf 83' lang='lat' dir='ltr'><strong>Septimium</strong></span> <span class='ocrx_word' id='word_1_370' title='bbox 1173 4923 1307 4984; x_wconf 76' lang='lat' dir='ltr'><strong>Serenum,</strong></span> <span class='ocrx_word' id='word_1_371' title='bbox 1332 4919 1441 4980; x_wconf 84' lang='lat' dir='ltr'><strong>Quando</strong></span> <span class='ocrx_word' id='word_1_372' title='bbox 1461 4918 1562 4989; x_wconf 75' lang='lat' dir='ltr'><strong>{ingeila</strong></span> 
     </span>
    </p>
   </div>
   <div class='ocr_carea' id='block_1_11' title="bbox 0 0 1930 5560">
    <p class='ocr_par' dir='ltr' id='par_1_11' title="bbox 0 0 1930 5560">
     <span class='ocr_line' id='line_1_46' title="bbox 0 0 1930 5560; baseline 0 0"><span class='ocrx_word' id='word_1_373' title='bbox 0 0 1930 5560; x_wconf 95' lang='lat' dir='ltr'><strong> </strong></span> 
     </span>
    </p>
   </div>
  </div>
 </body>
</html>
