3850 5560
772 217 782 246 Ι

364 318 488 386 592·
659 300 662 306 ’
775 351 777 358 2
861 331 972 382 usoor
997 327 1184 380 runouoar

867 448 875 462 .
1511 411 1690 466 emmo

455 514 585 577 lletrum
609 491 791 596 dactylicum
814 505 986 572 trimetrum
1003 513 1122 570 constat
1145 523 1180 568 ex
1202 487 1322 586 'dactylo
1345 511 1376 565 et
1396 500 1514 566 duobus
1536 500 1689 581 trochaeis

369 622 430 682 sive
454 635 491 680 ex
515 614 632 699 dactylo
656 625 686 678 et
708 613 851 678 trochaeo
876 597 905 674 et
927 609 1065 692 spondio.
1111 608 1201 672 huius
1224 603 1395 686 exemplum

524 729 563 783 tu
586 737 707 800 genus
730 719 798 780 hoo
821 723 1014 779 memento.

457 824 587 886 hletrum
621 819 801 904 dactylicum
831 821 1002 882 trimetrum
1031 815 1258 900 pherecratium
1286 821 1403 878 constat
1436 831 1472 874 ex
1500 813 1625 893 spondio
1658 822 1689 872 et
1753 901 1755 904 Ι
1803 823 1806 826 ·
1861 811 1864 814 ’

371 926 489 1009 dactylo
510 935 540 988 et
561 926 692 1004 apostolic
714 925 776 985 slve
799 921 953 994 trochaeo,
977 931 1010 985 ut
1032 931 1078 984 est
1101 920 1177 1002 apud
1201 919 1359 982 Horatium
1701 931 1718 972 a

412 1069 415 1080 ·
523 1015 1006 1110 gratoPyrra·sub.antru.

261 1148 264 1156 ’
321 1161 324 1165 ·
405 1115 411 1122 ’
456 1132 585 1195 bleisum
602 1128 782 1213 dactylicum
806 1132 977 1193 trimetrum
994 1129 1168 1212 glyconium
1186 1135 1304 1188 constat
1327 1139 1362 1186 es
1379 1123 1506 1203 spondio
1529 1121 1690 1187 etduobus

371 1235 508 1315 dactylis,
534 1243 566 1320 ut
589 1243 635 1296 est
657 1233 736 1316 apud
761 1233 916 1296 Horatium
1032 1291 1036 1298 .

527 1339 583 1400 sic
607 1346 643 1400 te
667 1337 750 1400 dira
775 1345 912 1419 potens
935 1335 1058 1418 Cypri.
1116 1383 1121 1390 .

460 1441 591 1506 lletrum
614 1440 792 1521 dactylicum
815 1443 986 1516 dimetrum,
1013 1455 1073 1516 quo
1096 1455 1187 1518 saepe
1210 1445 1255 1498 est
1278 1454 1330 1508 usa
1353 1423 1490 1518 Sappho.
1515 1444 1631 1499 constat
1654 1452 1691 1496 ex
1705 1445 1734 1486 ιο

374 1545 492 1626 dactylo
517 1554 546 1607 et
569 1545 697 1627 epoudio
720 1545 781 1605 sive
805 1542 957 1605 trochaeo.
1004 1541 1095 1604 liuius
1117 1537 1289 1621 exemplum

529 1645 627 1711 unde
652 1647 823 1710 Latinum

528 1759 756 1831 postrenus
778 1753 928 1826 ortum!

530 1851 685 1932 altaque
708 1869 863 1932 magnae

530 1954 842 2019 moeniallomae.
914 2013 919 2024 ,
1336 1941 1337 1944 ¹
1708 1964 1735 2006 ¹⁵

374 2073 377 2079 ’
464 2059 596 2123 lletrum
613 2057 792 2140 dactylicum
810 2059 1035 2140 heptametrum
1050 2065 1169 2136 constat
1192 2077 1228 2121 ex
1245 2058 1365 2121 duobus
1381 2055 1507 2139 dactylis
1521 2065 1552 2120 et
1572 2058 1698 2140 spoudlo

377 2171 408 2224 et
431 2161 549 2247 dactylo
573 2170 603 2225 et
625 2160 724 2226 tribus
748 2163 907 2233 trochaeis,
932 2172 965 2226 ut
989 2172 1036 2226 est
1057 2161 1136 2243 apud
1151 2159 1320 2224 'Horatium

532 2260 700 2340 solvitur*
717 2268 820 2328 acris
843 2266 962 2328 hiems
984 2264 1089 2346 'grata
1113 2266 1194 2327 alce
1218 2267 1319 2328 reris
1342 2272 1378 2325 et
1401 2263 1540 2328 iaroni.

468 2367 554 2432 Eillci
579 2387 667 2453 posse
691 2367 762 2432 alias
785 2370 989 2432 etlammetri
1013 2366 1150 2451 dactylici
1167 2372 1328 2431 varietates
1349 2382 1410 2428 non
1433 2365 1511 2430 olam
1535 2366 1621 2430 nobis
1643 2377 1697 2438 est.

378 2471 419 2534 lta
443 2481 477 2534 ut
499 2472 571 2533 dant
594 2489 700 2534 versus
716 2471 811 2552 aliqui
834 2471 1044 2550 productiores
1060 2482 1112 2534 aut
1134 2472 1227 2535 iidem
1251 2469 1345 2552 pedes
1360 2467 1448 2532 alitor
1470 2472 1550 2533 inter
1572 2489 1605 2532 se
1627 2487 1696 2532 con·
1710 2479 1736 2520 ¹⁰

377 2575 484 2638 iuncti.
531 2574 584 2637 scd
609 2563 664 2638 nos
688 2591 722 2636 ea
745 2576 897 2655 persecuti
920 2593 1038 2646 sumtis,
1070 2591 1146 2655 ottae
1170 2581 1272 2637 essent
1295 2581 1325 2636 et
1352 2572 1455 2636 auditu
1482 2572 1696 2638 iucundissima

269 2669 273 2674 ’
382 2677 514 2756 et.apud
538 2685 643 2755 poetas
665 2694 792 2757 graecos
815 2687 846 2740 et
868 2679 977 2742 latinos
993 2697 1081 2760 quam
1106 2681 1235 2742 maxime
1251 2675 1417 2747 celebrata:
1440 2676 1550 2758 quibus
1565 2676 1698 2759 prolecto

218 2831 220 2840 .
299 2783 301 2786 ’
357 2789 411 2845 tc
434 2797 500 2844 esse
523 2789 713 2861 ceterosque.
737 2783 790 2863 qui
808 2799 898 2846 suum
923 2782 1056 2845 studium
1072 2781 1108 2844 ad
1135 2781 1211 2842 hauc
1234 2799 1299 2843 rem
1316 2779 1519 2862 replicabunt,
1544 2787 1699 2842 contentos

240 2957 243 2964 ¹
350 2879 353 2890 ’
385 2881 549 2966 oportebit,
575 2902 643 2946 cum
667 2887 857 2962 quantamvis
884 2883 1082 2971 subtilitatem
1105 2885 1221 2964 lngenll
1253 2894 1284 2946 et
1311 2883 1464 2946 scribendi
1493 2883 1698 2946 adsiduitatem

384 2996 474 3068 atquc
499 2988 672 3050 instantiam
698 2985 820 3068 explere
843 2985 930 3051 lacile
954 2989 1050 3068 possit
1080 2997 1245 3050 metrorum
1270 2995 1350 3049 tanta
1375 2986 1544 3058 diversitas,
1574 2991 1740 3068 cumquetl

385 3109 418 3154 ee
443 3093 475 3152 in
498 3108 532 3152 re
557 3092 587 3153 ln
611 3107 669 3170 quta
692 3113 710 3152 a
733 3090 931 3173 reperiendae
955 3093 1095 3154 novitatis
1117 3091 1211 3172 possit
1234 3098 1286 3152 aut
1307 3089 1424 3152 dulcius
1446 3088 1584 3152 alicuius.

453 3401 469 3450 2
489 3409 514 3450 et
531 3405 592 3450 nate
610 3398 733 3450 trochaeo
751 3415 799 3450 om.
820 3401 844 3451 A
925 3412 949 3451 et
967 3400 1080 3466 apondio
1099 3415 1146 3452 om.
1167 3399 1191 3450 P
1268 3401 1285 3453 3
1304 3411 1331 3452 tu
1349 3395 1444 3467 mnus]
1467 3399 1614 3451 Terentina.
1633 3402 1715 3452 teat.

454 3485 711 3553 detspondioorn.
733 3484 870 3548 PA‚add.
891 3484 920 3536 H
999 3481 1122 3552 tigrem]
1141 3485 1308 3540 Horam.
1328 3485 1347 3538 1
1362 3488 1427 3551 5,3
1515 3487 1636 3552 porraA

385 3571 550 3637 'llyconium
571 3569 731 3622 Pllconium
750 3571 776 3621 A
846 3571 902 3622 isi
923 3581 947 3621 te
967 3569 1031 3622 PA:
1049 3571 1311 3632 Hor.carrse.1³.l
1384 3573 1415 3622 to
1433 3572 1570 3623 dimetrum
1589 3589 1635 3624 osc
1655 3571 1700 3622 PA

438 3653 501 3723 quo]
522 3671 574 3724 que
592 3655 618 3706 P
637 3719 642 3730 ι
698 3658 730 3706 12
749 3652 831 3722 unde]
855 3655 1002 3708 Terentiae.
1025 3659 1095 3709 21⁷3
1184 3657 1215 3708 te
1234 3655 1308 3717 Quod
1328 3657 1446 3722 sequitur
1465 3657 1593 3708 metrum?
1611 3657 1719 3723 Dacty-

386 3744 462 3794 licum
482 3741 680 3810 heptametrum,
700 3741 772 3806 quod
790 3741 886 3793 dicitur
903 3741 1087 3793 archilochium
1107 3741 1303 3810 ithyphallicum
1323 3743 1441 3796 lulianus
1460 3759 1485 3809 p.
1498 3747 1535 3796 5³
1605 3755 1630 3795 et
1646 3752 1703 3795 aste

386 3827 500 3897 spondis
521 3843 568 3884 oar.
586 3827 637 3880 PA
727 3829 758 3882 te
776 3823 898 3893 solvitur]
919 3825 987 3880 Hor.
1008 3845 1086 3882 corn.
1106 3827 1123 3879 1
1142 3830 1167 3888 4,
1188 3833 1202 3880 l
1308 3841 1333 3880 et
1350 3826 1593 3896 lauonl]'etea.uon
1613 3833 1637 3882 A

389 3917 421 3968 te
439 3915 573 3966 uarietatis
592 3915 618 3966 A
697 3915 731 3968 il)
750 3913 924 3981 productioris
944 3916 969 3965 A
1044 3925 1089 3964 eut
1107 3914 1174 3966 idem
1196 3915 1245 3968 ΡΑ
1323 3917 1355 3966 at
1375 3915 1454 3966 iuncti
1474 3917 1499 3967 A
1579 3918 1611 3968 22
1629 3931 1703 3980 quem

387 4014 466 4067 quam
484 4001 598 4050 maxime
618 4001 643 4051 A
739 4002 773 4052 23
792 4010 955 4066 contemptos
977 3999 1024 4051 ΡΑ
1120 4001 1155 4051 24
1173 4015 1230 4050 cum
1250 4002 1389 4066 quantauis
1407 4001 1549 4053 subtilitate
1568 4003 1664 4069 ingenii
1682 4015 1706 4054 et

387 4086 516 4138 scribendi
535 4084 688 4137 assiduitate
707 4085 811 4154 explere
835 4085 909 4136 iacile
930 4083 1009 4152 atque
1031 4086 1155 4137 instantia
1178 4092 1218 4149 tre
1240 4089 1301 4139 odd.
1326 4087 1430 4148 Bono.)
1453 4087 1541 4154 possit
1557 4089 1583 4138 P
1603 4095 1630 4140 et
1649 4089 1703 4140 cod.

389 4173 481 4226 Burni.
501 4187 558 4222 cum
582 4173 722 4236 quantouis
747 4171 890 4238 suptilitate
910 4171 1008 4238 ingenii
1031 4181 1056 4222 et
1074 4171 1202 4222 scribendi
1225 4171 1388 4224 adsiduetate
1410 4172 1515 4240 explere
1537 4173 1611 4224 lacile
1631 4186 1706 4238 etque

280 4257 282 4264 ’
388 4258 524 4309 inistantla
542 4271 582 4308 rea
602 4259 689 4324 possit
701 4259 727 4310 A
745 4271 804 4308 cum
822 4258 960 4322 quantouis
973 4257 1114 4309 subtilitate
1132 4258 1229 4324 ingenii
1249 4271 1275 4309 et
1292 4258 1422 4310 scribendi
1440 4259 1595 4311 assiduitate
1612 4259 1706 4326 expleri

389 4343 464 4395 iaclle
487 4351 564 4405 atque
588 4333 726 4393 instaurari
752 4345 835 4408 possit
857 4345 914 4396 cod
939 4343 1072 4411 Serapem.
1097 4357 1155 4393 cum
1179 4345 1344 4408 quantamvis
1373 4343 1542 4396 subtilitatem
1566 4347 1661 4412 ingenii
1684 4357 1707 4396 et

390 4428 519 4479 scribendi
543 4427 723 4480 aaslduitatem
746 4429 853 4497 explere
876 4429 950 4480 iacile
972 4439 1050 4493 atqua
1073 4429 1218 4480 instaurare
1246 4431 1333 4497 possit
1356 4432 1391 4481 H.
1433 4447 1467 4482 aa
1489 4445 1547 4482 cum
1573 4431 1706 4496 quantavis

391 4514 532 4566 subtilitate
550 4515 649 4580 ingenii
668 4526 693 4566 et
710 4515 839 4566 scribendi
857 4515 1015 4566 adsiduitate
1033 4527 1110 4580 atque
1128 4515 1252 4568 instantia
1270 4517 1369 4585 expleri
1388 4516 1458 4569 haud
1476 4515 1550 4569 lacile
1568 4518 1668 4584 possit?

426 4601 460 4654 bb
478 4614 589 4663 eumque
608 4600 681 4651 eain
701 4617 728 4652 re
748 4615 889 4666 numquam
908 4601 966 4652 llnis
986 4617 1043 4652 esse
1062 4602 1149 4668 possit
1171 4601 1340 4671 reperiendae
1362 4603 1483 4654 novitatis
1505 4613 1550 4654 eut
1567 4601 1707 4654 dulcedinis

391 4686 500 4736 alicuius
519 4687 629 4737 coniecit
647 4687 827 4754 Heuaioperua
839 4690 897 4740 coll.
913 4705 942 4754 p.
957 4689 1015 4740 601.
1047 4692 1143 4740 rectius
1161 4691 1254 4742 lacuna
1267 4692 1341 4758 padre
1358 4691 1473 4742 indicari
1488 4689 1595 4752 llnsm
1607 4691 1709 4756 captes-t

390 4773 498 4836 poterit,
516 4785 627 4836 cumque
645 4788 675 4822 ea
688 4774 713 4822 in
733 4787 769 4836 re,
788 4775 813 4823 in
828 4788 879 4836 qua
891 4783 962 4825 tanta
980 4775 1092 4826 venetas
1105 4776 1148 4836 sit,
1166 4775 1225 4826 linis
1239 4777 1364 4828 constitui
1378 4789 1428 4827 non
1448 4775 1534 4842 possit
1545 4773 1709 4841 reperiendae

353 4875 356 4882 ’
381 4858 515 4908 norimus
533 4867 579 4908 aut
595 4856 739 4910 dulcedinis
757 4859 866 4910 allenius
983 4925 987 4932 .
