3858 5560
477 367 480 374 ι
584 350 724 406 samur
741 349 931 406 neronum
950 351 1000 406 ns
1020 301 1102 406 aar.
1119 311 1231 408 unns.
1331 367 1337 374 ·
1507 347 1570 415 211

218 513 221 520 ³
273 453 444 511 attestor.
913 459 922 490 1
1384 451 1544 508 pstea-llll..

383 555 459 610 tum
481 544 661 610 lateralis
683 543 812 618 dolor,
840 544 1086 610 certissimus
1110 545 1273 609 nuntius
1296 547 1432 608 mortis

247 667 304 732 pm
523 765 588 819 tom
611 751 728 818 laterali
752 751 838 817 dolor
861 755 1035 817 certissimu
1058 754 1166 817 nuntio
1189 729 1296 817 mortis

249 839 308 942 [sic
330 855 460 921 habetur
489 855 589 948 quasi]
619 856 784 922 subtractis
807 857 906 921 tribus
928 854 1088 928 alitteris,
1123 859 1194 939 quia
1224 856 1511 941 licentius'antiqui
1540 865 1570 920 et

174 1049 176 1056 Ι
224 963 313 1043 sipsa
337 962 424 1046 quasi
447 979 503 1045 pro
526 954 845 1042 liquenti'utebantor
872 958 1024 1023 inerudita
1051 959 1151 1023 adltuc
1179 963 1326 1033 novitate,
1359 959 1439 1046 quod
1467 971 1568 1044 poste·
1671 1025 1680 1039 ,

249 1067 348 1130 riores
371 1075 478 1148 poetae
501 1084 563 1129 non
585 1066 738 1136 iecerunt,
772 1081 833 1127 non
855 1061 935 1144 quod
964 1065 1022 1128 ista
1044 1063 1181 1127 defensio
1204 1073 1267 1126 rata
1297 1083 1356 1128 non
1387 1075 1480 1139 esset,
1514 1063 1568 1130 secl
1604 1046 1622 1143 f

249 1169 333 1252 quod
357 1187 462 1234 tersus
484 1187 555 1233 suos
578 1167 723 1251 liquidius
745 1167 911 1232 decurrere
935 1163 1027 1232 nullis
1049 1165 1179 1232 salebris
1202 1153 1371 1233 volucrunt.

286 1333 293 1346 ,
330 1272 500 1362 ¹Liquentrs
523 1281 623 1336 autern
646 1290 831 1353 cognoscere
854 1289 1013 1353 possumus
1031 1271 1063 1334 in
1085 1269 1138 1334 illo
1159 1271 1286 1353 Vergilii
1308 1291 1414 1346 versu,

491 1375 556 1439 'sesi
579 1373 671 1439 haec
693 1374 799 1439 lento
822 1394 898 1438 mos
922 1385 979 1439 est
1001 1383 1133 1459 aptare
1155 1373 1327 1456 flagello,

210 1482 334 1564 aequasi
357 1479 511 1544 subtracta
534 1479 543 1542 l
565 1478 666 1543 littera
691 1477 799 1562 iagello
822 1479 943 1543 dixerit
990 1482 1035 1542 sie
1057 1488 1088 1542 et
1109 1481 1141 1541 in
1163 1476 1229 1551 illo,

305 1627 308 1636 ·
402 1583 554 1649 Phoebe
576 1587 704 1664 gravis
727 1583 864 1648 Troiae
887 1601 1036 1666 semper
1058 1583 1239 1647 miserate
1264 1580 1431 1656 labores,
1554 1657 1558 1667 ¹

247 1691 333 1772 quasi
355 1687 510 1752 subtracta
533 1706 549 1751 r
571 1687 670 1751 littera
692 1690 776 1770 garis
808 1685 933 1759 dixerit,
968 1705 1031 1750 nou
1059 1689 1166 1768 gravls.
1190 1683 1202 1772 ΙΙ
1225 1686 1298 1750 anilii
1326 1695 1426 1752 autem
1455 1688 1492 1752 dc
1521 1691 1568 1752 itis
1602 1753 1606 1760 ,

247 1793 343 1873 magis
365 1792 485 1870 ridetur
506 1791 590 1865 iilud,
614 1791 695 1874 quod
718 1789 870 1874 liquentes
892 1790 1022 1862 litterae,
1047 1789 1083 1854 de
1107 1788 1219 1871 quibus
1235 1787 1239 1872 l
1257 1789 1396 1864 diximus.
1420 1800 1491 1856 tunc
1515 1793 1567 1856 de·

247 1896 420 1968 mabuntur,
444 1913 512 1959 cuca
536 1895 660 1960 breuem
682 1893 828 1978 syllabam
852 1895 929 1958 duae
945 1903 1163 1964 consonantes,
1187 1911 1313 1974 marum
1332 1894 1425 1960 altera
1448 1893 1567 1977 liquens

168 2055 171 2060 .
208 2001 321 2072 uerit,
342 2003 398 2063 ita
428 2009 612 2083 sequuntur.
645 2009 677 2062 ιιι
705 2002 737 2064 in
766 1998 841 2063 duas
869 1998 999 2082 syllabas
1027 2017 1060 2062 se
1088 1997 1230 2060 dividant.
1278 1998 1358 2078 qnod
1389 1999 1455 2064 ‹lioo
1479 1999 1567 2064 huius

246 2101 416 2166 modi-est:
440 2103 616 2166 ‘tutantibus
631 2105 757 2186 parris’.
780 2111 874 2184 setp
891 2101 1006 2166 litterae
1029 2102 1059 2162 in
1083 2099 1159 2164 duas
1173 2099 1304 2184 syllabas
1325 2121 1358 2166 se
1379 2102 1565 2173 diuiserunt:

246 2207 315 2270 nam
343 2207 418 2271 saal
441 2206 498 2270 bus
527 2205 670 2290 syllabam
699 2213 849 2290 partinet,
877 2224 897 2288 p
920 2205 956 2268 atl
980 2205 1092 2288 parvis.
1139 2206 1279 2287 quotiens
1305 2223 1378 2286 ergo
1401 2225 1434 2270 se
1456 2208 1496 2270 lta
1520 2207 1566 2272 di·

245 2308 365 2381 vidunt,
395 2319 467 2374 tunc
489 2309 640 2393 liquentes
663 2319 761 2374 erunt.
800 2309 931 2392 alioquin
955 2327 1024 2381 curn
1048 2308 1124 2372 duae
1148 2303 1349 2373 consonantes
1371 2312 1412 2374 ita
1435 2300 1565 2394 aliquam

246 2412 367 2476 breuem
396 2411 541 2498 syllabam
570 2423 753 2497 sequuntur,
788 2422 821 2477 ut
850 2432 902 2478 eac
936 2416 1020 2496 ipsae
1048 2423 1249 2476 consonantes
1278 2411 1402 2478 alterius
1434 2413 1565 2497 syllabae

206 2523 232 2576 'ao
245 2519 306 2580 sint
328 2534 383 2579 nec
406 2515 607 2608 senicidant,
631 2527 703 2581 tunc
719 2517 768 2581 illa
785 2515 913 2598 syllaba.
937 2526 971 2580 nt
987 2527 1092 2597 poetae
1108 2517 1271 2600 voluerint,
1295 2516 1381 2598 longa
1399 2526 1450 2581 aut
1466 2516 1566 2582 breuis

245 2622 318 2693 erit,
342 2619 400 2683 hoc
423 2622 577 2704 exemplo,
601 2621 773 2686 ‘Atridas
796 2613 1095 2702 Prla'tnumque’.
1141 2618 1280 2684 alittera
1303 2621 1453 2704 positione
1476 2621 1570 2704 longa·

110 2742 128 2768 ·-
246 2733 306 2797 est,
327 2725 412 2808 quod
434 2742 500 2788 eam
524 2728 681 2808 excipiunt
703 2723 779 2788 duae
803 2731 1003 2790 consonantes
1027 2733 1039 2786 t
1062 2733 1092 2787 et
1114 2744 1139 2789 r.
1179 2725 1230 2788 sed
1255 2727 1397 2808 qnoniam
1418 2744 1472 2789 eae
1493 2744 1565 2789 con·

245 2836 388 2893 sonantes
417 2827 454 2892 ad
484 2827 609 2894 alteram
638 2827 782 2912 syllabam
817 2829 985 2910 pertinent,
1020 2849 1079 2892 non
1111 2846 1233 2912 semper
1264 2831 1414 2910 positione
1444 2829 1565 2911 longam

245 2929 548 3013 iaciuntsyllabam,
587 2951 677 3017 quarn
713 2934 881 3016 excipiunt,
920 2941 954 2994 ot
988 2941 1032 2996 est
1070 2934 1341 3015 ‘geminosque
1369 2934 1406 2994 in
1435 2930 1564 2998 limine

205 3035 431 3100 mitridas’.
478 3035 528 3100 hic
556 3055 573 3100 a
604 3034 704 3100 brevis
735 3045 799 3108 est,
832 3038 975 3119 quoniam
1008 3045 1208 3098 consonantes
1236 3035 1339 3122 ambas
1365 3035 1478 3118 syllaba
1506 3037 1564 3101 sibi
1667 3051 1670 3058 ’

244 3142 396 3222 posterior
418 3139 561 3214 vindicat,
585 3156 714 3221 eaeque,
738 3149 772 3204 ut
793 3147 900 3224 poetae
923 3138 1060 3203 uoluntas
1084 3149 1143 3209 est,
1167 3139 1295 3222 proinde
1311 3139 1493 3204 auxiliantur
1513 3152 1565 3205 aut

314 3384 329 3434 1
347 3381 461 3433 uentae
480 3389 506 3433 er
523 3385 540 3436 a
557 3346 657 3434 reema
675 3380 763 3446 ecs
780 3381 894 3433 latorem
918 3389 945 3432 er
961 3380 1062 3432 uranu
1084 3389 1112 3432 aa
1129 3383 1230 3434 amm
1249 3381 1274 3433 a·
1357 3383 1374 3432 t
1395 3382 1434 3432 ste
1457 3381 1565 3434 coetu·-

244 3453 319 3515 qussi
342 3451 497 3510 substractis
518 3466 584 3502 sss
608 3451 699 3503 litteris
718 3450 741 3504 0
764 3452 803 3502 sic
821 3451 956 3502 habebitur
973 3451 1114 3502 subtrensis
1133 3467 1145 3502 s
1165 3450 1256 3502 litteris
1275 3449 1300 3500 B
1326 3450 1402 3512 qrctsi
1425 3451 1564 3503 subtractis

244 3535 309 3570 sss
328 3518 419 3572 litteris
437 3519 463 3570 F
538 3519 601 3584 quis
617 3519 735 3571 licentius
755 3519 929 3572 PumbiuB
951 3521 1012 3583 quia
1031 3521 1171 3584 liquentius
1192 3519 1213 3570 0
1237 3521 1299 3584 quia
1316 3519 1438 3582 liquentia
1459 3521 1561 3576 Frorr,
1680 3557 1682 3562 -

243 3590 332 3652 -tess
396 3583 517 3656 bquesi}
537 3604 604 3653 quas
622 3589 649 3641 F
715 3591 800 3640 bnon
820 3601 914 3657 gerunt
931 3588 988 3640 FG
1010 3603 1058 3640 non
1079 3600 1172 3654 genunt
1188 3589 1367 3655 superscripto
1385 3587 1411 3639 lu
1429 3593 1469 3640 oel
1486 3589 1511 3640 la
1529 3589 1564 3650 B',

125 3680 129 3690 ·
243 3659 311 3710 sade
330 3657 468 3709 :columnus
489 3658 599 3710 coateri
617 3657 817 3714 erumnam.
842 3673 893 3709 nou
918 3671 1026 3724 egerttnt
1044 3661 1174 3724 ceierptc
1191 3655 1340 3709 Bemeaain
1359 3657 1453 3725 Harpen
1471 3661 1563 3711 saecri.

244 3727 321 3782 Hele.
331 3743 360 3794 p.
374 3725 476 3779 oen11
528 3741 588 3777 nam
605 3727 676 3792 quod
695 3727 720 3779 F
774 3727 891 3780 delensio
911 3738 966 3778 rats
985 3726 1010 3778 B
1028 3726 1139 3779 difinitio
1163 3741 1218 3778 naa
1239 3727 1295 3778 CF
1350 3729 1519 3780 idecsarrera
1538 3728 1563 3780 B

143 3843 147 3851 .
243 3795 463 3850 discurreraFG
549 3795 625 3858 nullis
648 3797 758 3849 salebris
777 3794 912 3858 (salubris)
931 3795 1071 3846 uoluerunt
1087 3795 1148 3848 Bc
1170 3795 1228 3847 ullis
1251 3796 1361 3847 salubris
1385 3797 1523 3849 noluerunt
1540 3797 1566 3848 F

246 3925 252 3938 .
310 3867 671 3943 semismtentimosest
690 3889 715 3942 B
733 3889 845 3942 sednon
864 3891 1002 3942 lentomos
1021 3900 1060 3942 ast
1079 3890 1162 3942 csso
1182 3891 1245 3942 haec
1263 3891 1379 3943 iumenta
1392 3907 1448 3943 mos
1467 3903 1507 3943 est
1525 3893 1562 3943 F:

247 3961 327 4028 Verp.
349 3961 415 4013 Aen.
439 3958 498 4012 Vn
517 3963 570 4014 est
652 3958 754 4028 flagello
774 3959 972 4028 BCfsssgillo
990 3959 1016 4011 F
1054 3995 1056 4000 -
1092 3961 1219 4026 aequasi
1238 3959 1368 4011 sttbttarta
1388 3961 1470 4012 littera
1490 3962 1495 4010 Ι
1516 3961 1563 4011 lla·

243 4029 309 4098 gdlo
327 4032 510 4096 superscripta
527 4035 587 4082 sunl
605 4029 630 4079 la
649 4027 674 4080 B
744 4029 837 4096 lagello
854 4031 897 4095 [ς
917 4028 1019 4096 llagollo
1038 4028 1060 4080 0
1078 4027 1176 4100 bagillo
1194 4029 1219 4081 F
1291 4032 1323 4082 ll
1342 4025 1456 4098 Phoebe]
1481 4031 1562 4099 Verp.

243 4101 311 4178 ᾼειι.
335 4097 378 4178 Vi
394 4101 429 4180 5ti
489 4113 584 4166 granos
603 4097 661 4178 rc
720 4099 847 4162 laquaci
866 4099 1029 4150 subtractas
1048 4099 1132 4149 littera
1151 4098 1344 4182 grauedisarit
1363 4111 1563 4167 congressas

146 4288 150 4294 ,
189 4283 220 4307 ,.
294 4165 1565 4306 ιιιιιιῐιιιοιμιι511111111111111111θιιιιιιιιιιιιιιι

243 4317 282 4358 est
299 4304 419 4358 infantib.
438 4305 465 4357 B
483 4305 553 4372 quntl
572 4305 630 4357 dieo
649 4304 803 4356 huiusmodi·
817 4321 857 4356 est
875 4306 1022 4373 exemplam
1042 4317 1070 4356 ut
1088 4305 1210 4361 iniantlba
1230 4305 1252 4358 0
1269 4307 1338 4369 qaroti
1358 4305 1561 4372 (superuenere)

243 4373 356 4444 emplum
374 4375 434 4426 (lieo
451 4373 602 4427 huiusmodi
621 4387 660 4424 est
679 4373 801 4438 infantib;
819 4373 846 4425 F
909 4377 941 4426 1¹1
959 4375 994 4424 'tta
1013 4389 1042 4425 se
1060 4375 1179 4426 diuidant
1197 4375 1223 4426 F
1237 4375 1273 4424 irat
1291 4389 1319 4424 sa
1337 4373 1459 4426 dissidunt
1478 4374 1499 4427 C

244 4446 275 4496 18
293 4439 420 4512 alioquin]
439 4446 702 4511 superscriptionem
720 4445 795 4510 ipsae
812 4443 877 4494 roni
893 4442 920 4494 B
989 4445 1022 4495 is
1040 4455 1184 4509 sequuntur
1203 4443 1228 4494 F
1248 4455 1442 4506 consequuntur
1460 4443 1480 4494 0
1498 4459 1562 4495 con·
1651 4479 1653 4488 .

242 4528 364 4565 munstar
381 4511 408 4564 B
471 4512 644 4566 tollatecus
661 4512 682 4563 C
744 4513 776 4564 21
795 4512 844 4564 boc
863 4509 983 4579 exemplo
1002 4515 1167 4580 conspiciunt
1184 4513 1290 4565 Acrillas
1309 4511 1420 4574 (atrides
1440 4511 1471 4576 Ο)
1490 4513 1560 4562 Prin-

244 4579 447 4646 muanuaGG:
470 4580 673 4647 Verp.Aen.1
691 4583 744 4634 658
820 4579 1316 4644 alitterquuaealitteraBaF
1387 4582 1420 4632 ii
1440 4597 1470 4631 eu
1489 4583 1560 4646 quod
1667 4587 1670 4592 '

244 4666 299 4702 mm
317 4651 340 4704 G
425 4665 472 4713 aaa
489 4665 663 4708 consonantes
681 4649 708 4701 B
725 4649 775 4702 hae
793 4651 859 4701 tlnae
878 4661 1052 4701 consonantes
1069 4650 1096 4702 F
1110 4661 1284 4702 consonantes
1304 4649 1352 4700 ltee
1369 4649 1436 4699 tiriae
1454 4649 1475 4701 G

242 4721 276 4771 at
293 4721 466 4788 geminosque
484 4721 589 4772 studes
607 4733 625 4778 ς
642 4719 812 4789 geminosque
830 4718 929 4769 strides
950 4718 984 4771 G:
1005 4719 1085 4787 Verp.
1105 4722 1173 4772 Aen.
1195 4718 1228 4770 ΙΙ
1246 4721 1297 4770 500
1361 4720 1394 4770 to
1412 4733 1562 4771 consonan-

244 4800 281 4840 tes
303 4789 395 4840 ambas
417 4787 516 4856 syllaba
539 4789 589 4841 sibi
612 4791 741 4858 posterior
762 4787 885 4839 candicat
906 4803 1003 4851 eaeque
1026 4787 1051 4840 B
1080 4789 1170 4839 ambas
1193 4798 1367 4838 consonantes
1390 4789 1439 4840 sibi
1460 4789 1561 4854 syllaba

244 4859 373 4924 posterior
384 4859 505 4910 uendieat
515 4873 598 4923 aeque
615 4860 641 4910 F
655 4871 829 4911 consonantes
846 4857 936 4908 ambas
953 4858 1002 4908 sibi
1020 4856 1119 4924 syllaba
1137 4857 1266 4924 posterior
1278 4857 1397 4908 stendicat
1409 4858 1528 4923 hecquae
1541 4859 1563 4912 C

217 4973 224 4986 ,
311 4927 345 4977 28
363 4927 466 4994 prolate
483 4943 554 4983 corr.
574 4929 683 4996 proinde
700 4927 727 4979 B
796 4924 953 4978 auxilientur
970 4942 1042 4979 coar.
1059 4926 1187 4979 -antan
