3866 5562
594 351 597 356 ·
641 367 646 376 ·
697 297 1188 429 sisr.nntu.u1e.1ioo-so
1214 344 1217 350 ·
1543 325 1606 394 481

278 443 302 484 p·
316 435 350 476 58.
365 433 392 474 tt)
405 433 435 475 V.

280 523 367 592 lecti:
394 539 470 594 non,
494 529 528 584 nt
549 523 674 606 quidam
691 523 825 606 imperiti
848 522 968 593 dicunt,
992 519 1088 586 huius
1106 522 1212 586 lectus.
1258 542 1328 588 uam
1346 523 1452 588 Cicero
1476 524 1548 586 ‘tue
1570 523 1607 584 in

280 644 357 690 tneo
380 625 509 699 lecto’,
535 628 587 707 qui
610 625 758 691 ablativus
782 626 819 690 ab
844 629 854 690 i
878 625 978 690 littera
1003 627 1162 690 terminato
1186 631 1326 708 genetivo
1349 631 1447 698 renit,
1472 645 1532 690 non
1558 645 1607 696 us;

280 739 311 792 et
332 729 493 792 Terentius
517 723 659 792 ‘lectos
683 731 804 793 sterni
827 729 942 802 iube’,
968 733 1021 812 qui
1043 732 1229 794 accusativus
1252 749 1286 794 os
1300 734 1489 795 terminatus
1512 747 1532 792 ct
1555 748 1608 810 ge-

281 835 380 896 netivo
412 835 493 896 venit
522 833 732 903 iterminato‚
763 851 823 896 non
852 851 898 894 ns.
943 850 1036 896 unum
1065 836 1216 914 excipitur
1250 836 1364 908 tertiae,
1396 831 1609 897 declinationis
1710 891 1711 894 ,
1765 867 1778 900 ,-
1862 831 1864 834 ’

252 937 319 1000 stis
347 937 462 1000 taciens
491 939 646 1016 genetivo,
676 944 818 999 senectus
847 925 1021 1000 senectutis.
1066 946 1135 1018 ptus
1164 939 1247 1001 linita
1271 941 1406 1010 nentina,
1431 939 1456 1000 si
1481 937 1610 1000 iecerint
1655 925 1664 936 ’

168 1113 174 1122 .
280 1039 360 1103 aliud
391 1059 426 1103 ex
450 1057 483 1102 se
506 1057 616 1120 genus,
648 1037 799 1102 secundae
827 1045 899 1112 suot
921 1038 1148 1112 declinationis,
1173 1044 1218 1128 pti
1235 1042 1361 1118 socient
1381 1044 1535 1119 ponctiano,
1559 1039 1609 1102 hio

280 1153 384 1224 raptus
407 1143 495 1206 ineius
518 1145 610 1226 rapti;
635 1145 660 1206 si
689 1145 805 1216 minus,
830 1149 966 1225 quartae,
991 1152 1061 1226 ptus
1083 1145 1196 1208 sacient
1217 1148 1375 1226 genetivo,
1399 1146 1449 1209 hic
1472 1154 1609 1224 sumpius
1672 1159 1677 1167 ·

280 1247 369 1312 huius
385 1257 524 1330 sumptus
545 1269 563 1310 a
586 1250 696 1326 ‘quos
720 1266 809 1327 ergo
833 1245 1013 1318 iaciunt’;
1034 1239 1185 1330 sumptus,
1202 1258 1355 1331 acceptus,
1372 1250 1463 1312 huius
1478 1246 1607 1329 sumpti:

280 1354 353 1415 lacit
376 1353 457 1434 enim
481 1350 556 1414 haec
574 1361 705 1430 sumpta.
750 1359 831 1413 stus:
855 1351 938 1412 linita
954 1353 1076 1413 nomina
1093 1352 1147 1414 ista
1172 1351 1297 1434 syllaba.
1322 1357 1348 1416 si
1372 1355 1500 1416 iecerint
1523 1351 1604 1414 aliud

243 1475 317 1520 roes
348 1475 380 1519 se
410 1473 506 1536 genus
535 1463 565 1516 et
594 1455 618 1515 si
642 1455 765 1536 propria
789 1455 862 1526 sint,
893 1453 1045 1516 secundae
1069 1464 1159 1517 erunt
1181 1455 1407 1529 declinationis,
1436 1455 1485 1518 hic
1509 1465 1608 1519 castus

281 1559 370 1622 huius
393 1559 484 1629 casti,
507 1557 560 1620 hic
574 1558 727 1647 Augustus
743 1557 832 1620 huius
847 1557 990 1636 dogustit
1015 1577 1076 1620 non
1099 1560 1240 1622 iacientia
1257 1568 1356 1622 antem
1374 1567 1499 1641 quartae
1515 1569 1606 1624 erunt

281 1661 506 1733 declinationis,
536 1669 600 1724 stus
624 1660 735 1723 taciens
756 1661 896 1740 genetivo
920 1670 1046 1744 excepto
1071 1680 1131 1725 uno
1155 1672 1272 1726 mustus
1296 1642 1405 1735 musti,
1434 1661 1484 1725 hic
1507 1671 1609 1726 aestus

282 1767 371 1830 innius
394 1771 510 1838 aestus,
535 1763 585 1828 hic
608 1770 752 1847 quaestus
768 1763 857 1826 huius
873 1774 1027 1845 quaestus.
1072 1766 1123 1828 hic
1144 1777 1282 1846 questus,
1305 1767 1332 1829 si
1347 1767 1541 1846 participium
1558 1768 1607 1836 sit,

282 1870 371 1932 huius
393 1871 509 1952 questi;
539 1869 565 1932 si
588 1885 649 1932 non
672 1869 781 1932 lecerit
802 1865 883 1929 aliud
907 1884 1020 1947 genus,
1051 1869 1141 1933 huius
1164 1876 1302 1952 questus:
1327 1869 1476 1950 Vergilius
1499 1873 1606 1952 ‘que-
1631 1905 1635 1910 -

244 1983 423 2056 reatuque·
439 1975 653 2058 cruentus’.
699 1973 848 2052 excipitur
872 1988 981 2042 unum.
1006 1973 1086 2053 quod
1118 1981 1148 2034 et
1170 1973 1209 2034 sti
1231 1973 1305 2035 lacit
1328 1981 1357 2034 et
1380 1983 1444 2036 stus
1459 1973 1607 2054 genetivo,

282 2077 329 2138 hie
351 2085 467 2147 cestus.
492 2077 592 2138 tunica
609 2074 752 2146 Veneris,
777 2074 867 2136 huius
882 2072 973 2146 cesti,
998 2075 1049 2138 hic
1071 2084 1191 2152 caestus
1206 2074 1341 2156 pugilum
1358 2073 1450 2139 huius
1473 2084 1607 2140 caestus:
1686 2130 1689 2136 ,

207 2261 211 2268 .
283 2178 435 2260 Vergilius
470 2165 579 2258 ‘quid
609 2179 731 2260 siquis
760 2186 916 2240 caestus
944 2177 1150 2260 ipsiusll.'.
1196 2187 1226 2240 et
1248 2179 1465 2262 orthographia
1496 2179 1610 2242 distant

283 2292 312 2345 et
334 2281 547 2346 declinatione.
594 2300 668 2363 ergo
692 2283 790 2344 omnia
813 2282 850 2344 sti
874 2281 988 2344 iaciunt
1009 2283 1149 2363 genetivo
1178 2283 1312 2362 exceptis
1335 2291 1493 2364 quattuor,
1517 2299 1608 2362 quae·

275 2396 360 2459 -stus,
391 2396 505 2464 aestus,
535 2396 670 2463 caestus,
699 2395 823 2465 qttestur
852 2383 995 2466 querella.
1043 2387 1110 2448 thas
1139 2404 1232 2448 rentem
1256 2385 1420 2448 barbarum
1444 2386 1520 2466 legi,
1549 2385 1607 2449 hoc
1644 2462 1648 2466 .

212 2529 215 2534 ·
243 2489 433 2572 sonsphthns
461 2491 553 2554 huius
580 2489 743 2572 naphthae.
790 2491 827 2552 de
850 2490 908 2554 hoo
932 2497 961 2551 et
984 2508 1076 2572 supra
1100 2489 1206 2566 docui;
1236 2489 1288 2552 sed
1312 2488 1420 2552 melius
1443 2487 1608 2552 indeclina-

283 2594 345 2658 bile
368 2595 435 2657 erit.
462 2591 468 2677 Ι
494 2593 563 2656 thes
583 2612 727 2674 graecum
750 2597 867 2666 inveni,
897 2593 950 2657 sed
974 2594 1171 2675 productum,
1203 2593 1281 2676 apud
1305 2592 1463 2664 Ovidium,
1488 2591 1609 2654 lanthes

284 2695 396 2761 lanthis
419 2699 468 2762 rel
491 2697 645 2761 lanthidis.
691 2696 750 2760 this
773 2701 881 2761 tertiae
904 2695 1115 2761 declinationis
1140 2695 1200 2760 this
1223 2697 1269 2760 vel
1294 2695 1340 2760 dis
1364 2696 1435 2760 iacit
1457 2696 1607 2787 genetivo,

286 2820 490 2831 -—--—--

276 2885 279 2890 -
352 2853 433 2910 Psoi.
451 2849 545 2908 carnot.
565 2845 744 2914 that-so,
763 2855 796 2904 19
866 2854 900 2904 20
919 2851 1049 2920 naphthae
1066 2869 1094 2919 p.
1114 2855 1173 2915 180,
1195 2856 1212 2905 3

353 2995 368 3045 1
387 2993 502 3060 imperiti
520 2992 599 3043 huius
618 2990 702 3043 lectus
721 2991 810 3041 dicunt
828 3005 886 3042 nam
909 2989 933 3041 B
1014 2988 1115 3059 Cicero]
1137 2993 1164 3042 t'rr
1184 2991 1258 3042 datii.
1281 2992 1296 3042 I
1314 2995 1338 3052 1,
1358 2994 1373 3041 t
1393 2990 1470 3057 panio
1490 3000 1550 3040 ante
1569 2990 1607 3038 ln·

281 3085 341 3141 'cent
359 3095 401 3132 nte
423 3079 449 3130 in
469 3093 526 3130 meo
545 3076 639 3130 lectolo
658 3075 836 3128 interlectnros
855 3077 1045 3144 pollicerentur.
1081 3077 1116 3142 os.
1134 3094 1161 3144 p.
1180 3078 1243 3129 Sult.
1264 3079 1304 3136 13,
1324 3079 1358 3128 52
1377 3091 1418 3126 me
1436 3077 1462 3125 in
1481 3090 1539 3125 meo
1559 3075 1610 3125 leo·
1669 3107 1689 3120 ψ,

188 3151 192 3162 ’
233 3196 236 3202 ‚
285 3167 338 3218 tulo
357 3167 497 3218 trucidaret
566 3164 634 3215 sao
653 3164 660 3213 l
680 3163 764 3214 littera
781 3164 918 3216 terminato
937 3165 1058 3232 genetivo
1077 3164 1155 3222 venit,
1176 3177 1227 3214 uon
1247 3179 1289 3223 ns,
1308 3175 1333 3212 et
1350 3161 1485 3213 Terentius
1505 3162 1608 3213 Probas

264 3319 267 3324 Ι
285 3253 317 3304 ab
336 3253 344 3302 i
367 3251 451 3304 littere
474 3250 613 3302 terrulente
635 3251 759 3317 genetiuo
783 3251 831 3300 ctis
851 3249 913 3301 iacit
931 3265 982 3302 non
1007 3267 1038 3301 us
1057 3259 1086 3300 ut
1103 3251 1227 3302 terentius
1245 3248 1287 3300 B:
1305 3249 1418 3314 Adeiph.
1439 3248 1472 3299 11
1491 3251 1515 3310 1,
1534 3251 1568 3298 21
1587 3259 1612 3298 et

285 3338 393 3390 lectulos
411 3337 471 3388 iube
489 3336 570 3388 sterni
589 3335 666 3388 nobis
736 3337 786 3387 da
805 3352 856 3390 oss.
876 3338 898 3388 Β
968 3338 984 3388 6
1003 3335 1101 3388 incitent
1118 3338 1240 3403 genetivo
1258 3343 1319 3402 post
1336 3335 1440 3402 pti-orn.
1455 3334 1488 3394 B,
1507 3335 1569 3386 odd.
1586 3351 1610 3388 o.

320 3427 335 3476 't
355 3425 395 3475 ein
414 3425 528 3474 mittuso
598 3431 704 3487 quartos
723 3437 793 3473 corr.
813 3433 921 3486 quartae
934 3421 959 3473 B
1029 3423 1072 3474 hie
1089 3435 1210 3490 sumptus
1230 3423 1307 3472 linins
1327 3432 1448 3486 sumptus
1467 3435 1534 3483 qnos
1548 3434 1610 3486 ergo

287 3509 420 3561 lirciuntB
431 3511 487 3561 sine
506 3511 607 3569 lemno,
626 3515 654 3559 ut
672 3510 782 3572 ridetur,
803 3509 843 3558 liic
862 3519 981 3575 sumptus
995 3507 1073 3558 huius
1092 3521 1227 3582 sumptus,
1246 3507 1381 3557 Terentius
1401 3515 1523 3572 sumptus
1543 3519 1611 3569 qnos

287 3611 349 3663 ergo
370 3579 468 3646 iaciunt
484 3611 499 3646 o
517 3593 559 3644 hic
577 3607 699 3660 sumptus
718 3595 835 3660 erogatio
855 3594 932 3644 huius
951 3607 1086 3660 sumptus:
1110 3593 1245 3645 Terentius
1264 3599 1397 3659 ‘sumptus
1416 3575 1483 3655 qnos
1504 3590 1611 3640 iacinnt’

288 3681 397 3735 Proba.
416 3683 454 3732 ud
474 3681 533 3732 Ter.
554 3681 666 3746 Adelph.
689 3681 715 3729 V
732 3683 759 3738 3,
779 3683 814 3730 21
832 3679 972 3746 principio,
991 3683 1014 3730 si
1034 3679 1060 3729 ld
1080 3691 1103 3728 te
1122 3681 1231 3742 mordet,
1250 3689 1384 3745 strnrptnm
1403 3675 1448 3727 lilii
1468 3675 1549 3737 Qtrem
1573 3677 1610 3725 in-

286 3769 358 3819 cinnt
374 3769 474 3819 rettulit
486 3769 572 3818 editor
588 3766 803 3819 Wndodorrensis.
838 3765 873 3826 cs.
887 3765 955 3816 Hae.
970 3765 1040 3816 1111
1054 3769 1078 3829 1,
1097 3768 1132 3818 33
1145 3777 1270 3831 sumptus
1290 3779 1357 3828 quos
1377 3763 1469 3826 iecisti,
1488 3763 1612 3814 Heauton

287 3857 338 3907 tim
357 3855 375 3906 I
393 3859 415 3913 1,
435 3857 468 3906 73
490 3861 611 3919 sumptus
629 3853 699 3904 domi
725 3863 810 3904 tantos
830 3865 879 3919 ego
898 3851 971 3904 solus
991 3852 1084 3902 iscium
1190 3853 1205 3902 s
1225 3851 1285 3900 iacit
1303 3853 1372 3900 enim
1391 3849 1454 3900 lineo
1473 3859 1578 3915 sumpta
1598 3866 1611 3899 n

287 3940 385 3992 inciont
403 3940 470 3991 enim
489 3938 538 3990 hac
556 3949 661 4005 sumpta
680 3937 705 3988 B
776 3940 808 3990 12
826 3949 883 3990 stus
901 3937 1088 3990 iacientotns
1108 3937 1202 3988 iactent
1221 3936 1246 3987 B
1317 3938 1349 3988 ts
1369 3936 1410 3986 hio
1428 3945 1539 3998 questus
1559 3949 1609 3984 om.

288 4025 313 4076 B
396 4027 537 4093 pacticiam
556 4024 582 4076 B
675 4027 707 4077 11
725 4025 803 4076 huius
823 4021 922 4093 questi]
943 4025 1020 4077 hnius
1040 4025 1142 4089 quaesti
1162 4022 1202 4074 Bo
1271 4021 1349 4072 huius
1369 4033 1477 4086 questus
1497 4038 1511 4071 o
1530 4018 1609 4070 lenius

288 4123 411 4176 ‹praestns
431 4111 458 4162 B
545 4110 961 4175 qnestoqneoqnaestnqneB:
987 4108 1308 4178 Verp.Aen.V115ttt
1398 4109 1429 4158 td
1448 4105 1490 4157 hic
1508 4117 1612 4156 caestus

289 4200 400 4248 tereticam
420 4196 504 4265 (corr.
524 4223 557 4234 -·
575 4198 617 4261 ca)
638 4197 737 4246 ueneris
756 4195 834 4248 huius
853 4199 933 4248 ettesti
953 4197 985 4248 B.
1022 4213 1077 4248 com
1095 4213 1111 4248 o
1129 4201 1215 4248 cetere
1232 4196 1398 4260 prornrnotieo
1417 4203 1520 4243 caestus
1539 4198 1611 4242 ntro-

288 4301 337 4352 qne
354 4285 553 4351 sipnifieoia'orre,
577 4289 604 4332 ut
623 4282 735 4340 videtur,
753 4269 865 4347 positum
883 4290 952 4336 esset
972 4282 1019 4348 (cf.
1038 4283 1113 4334 Paul.
1131 4283 1202 4334 Fert.
1220 4298 1246 4346 p.
1268 4285 1310 4342 15,
1331 4281 1385 4345 12),
1404 4283 1549 4336 recentior,
1569 4279 1613 4344 qni

289 4372 356 4423 iltius
373 4371 569 4422 commentarios
588 4369 730 4434 excerpsit,
749 4371 924 4436 neptepesrttus
942 4369 984 4419 hie
1002 4379 1090 4420 cestus
1108 4369 1238 4420 secundae
1257 4368 1437 4420 declinationis
1455 4370 1481 4418 et
1500 4364 1542 4413 hio
1554 4377 1611 4412 cae-

289 4469 345 4508 stus
369 4463 480 4524 quortoe
503 4457 640 4506 distinxit:
663 4454 699 4518 cf.
719 4452 794 4510 Sero.
819 4457 846 4505 in
874 4455 954 4522 Verp.
973 4456 1041 4508 Aen.
1065 4454 1092 4504 V
1114 4457 1154 4504 69.
1192 4467 1217 4504 et
1240 4452 1429 4520 orthographia
1446 4477 1478 4488 -
1498 4449 1612 4514 querella

288 4558 339 4610 pro
356 4544 511 4610 ptossemote
535 4541 623 4593 hodntt
641 4540 764 4606 Steupr'ns
787 4540 820 4592 ds
838 4531 919 4593 l'rod.¹
938 4557 1043 4607 promen.
1061 4557 1089 4606 p.
1110 4542 1163 4590 133
1269 4541 1301 4589 it
1320 4539 1380 4602 qnid
1407 4539 1519 4600 siquisq.
1542 4551 1612 4586 corr.

290 4628 353 4696 quid
366 4628 451 4692 siquis
470 4625 509 4677 B:
532 4628 611 4694 Verp.
631 4627 698 4680 Aes.
722 4624 748 4674 V
766 4628 817 4676 110
905 4627 937 4677 19
956 4637 1064 4690 questas
1083 4641 1131 4676 om.
1152 4623 1184 4684 B,
1203 4626 1262 4676 odd.
1283 4641 1297 4674 o
1379 4625 1413 4676 20
1431 4622 1480 4673 hoc
1500 4621 1612 4688 napthns

288 4710 532 4779 huiusnepthaeB
584 4713 616 4761 21
630 4711 701 4778 apud
714 4709 853 4761 oboediam
867 4711 989 4766 Brootd.
1002 4718 1100 4763 metam.
1115 4709 1211 4762 VIIII
1223 4713 1274 4760 715
1286 4725 1343 4776 sqq.
1396 4707 1611 4760 lantheslanthis
1694 4717 1697 4723 “

290 4797 328 4848 rel
344 4798 468 4850 lantliidis
486 4815 501 4850 o
519 4797 621 4848 ianthee
639 4797 722 4848 ianthi
747 4795 787 4846 nel
806 4795 975 4866 ianthidis'B
998 4793 1198 4846 lanthes'hnins
1218 4793 1321 4844 luuthes
1341 4792 1380 4843 rel
1399 4793 1524 4844 lanthirlis
1544 4794 1612 4847 Pro·

291 4883 344 4935 dees.
377 4886 541 4950 promouent
565 4885 653 4936 errori
670 4883 830 4935 tribuendum
850 4891 902 4944 est,
922 4884 992 4950 quod
1006 4885 1147 4950 praecisum
1166 4880 1268 4932 lunthes
1286 4895 1337 4946 pro
1356 4883 1508 4933 nontinotioo
1525 4883 1624 4950 posuit·
1703 4933 1707 4940 ,
