3888 5550
683 329 762 381 tor.
787 328 897 380 onon.
920 329 992 380 ute.
1015 331 1029 379 1
1052 326 1155 378 ee-so
1345 329 1347 336 ’
1521 313 1586 382 449

262 418 417 470 nmmo

350 505 393 569 oe
416 507 557 572 diaeresi.
604 507 756 572 Dioeresis
780 517 839 590 εει,
863 527 931 570 enm
955 508 1033 571 duee
1051 506 1169 571 voeoies
1192 510 1224 571 in
1241 506 1384 590 sylisbem
1401 507 1509 574 duotoe
1525 511 1589 573 sio·

264 609 367 690 putere
392 613 603 692 pronuntiatae
627 611 811 682 dividuntur,
834 620 868 673 ut
890 611 988 675 ‘auiae
1012 613 1042 673 iu
1067 610 1179 674 medto'
1204 619 1234 673 et
1256 611 1431 692 frugiferae.
1457 609 1534 675 nutet
1556 621 1588 685 ει
1698 625 1700 628 ·
1738 633 1742 638 ·

264 713 428 794 imgiierei.
474 715 545 778 huto
568 715 718 776 contrarie
743 722 789 776 est
810 716 1018 795 synaeresis!
1085 755 1088 760 -

352 817 394 882 De
416 818 583 900 synaeresi.
608 833 610 836 ·
629 818 805 899 Syneeresis
827 827 888 890 εει,
913 837 980 880 cunr
999 818 1089 880 tiietio
1106 818 1235 880 duorum
1251 816 1434 899 syllabarum
1451 819 1480 880 in
1498 837 1588 882 unam

238 923 396 1003 teogitor,
419 931 453 986 ut
476 921 622 984 ‘fixerit
644 921 860 1004 seripidem’
884 939 939 1002 pro
955 921 1133 1003 oiripidern,
1157 928 1187 982 et
1203 919 1386 984 ‘hortator
1409 921 1588 984 scelerum

265 1023 429 1088 Oelides’
453 1042 509 1106 pro
533 1022 682 1090 Aeolides.
721 1009 726 1094 ᾗ
993 1024 996 1034 “

349 1127 391 1190 iie
414 1129 512 1192 tmesi.
557 1127 688 1200 Tmesis,
723 1127 780 1190 troo
810 1138 857 1190 est
879 1129 1051 1200 intercisio,
1081 1129 1126 1190 sio
1149 1127 1196 1197 tit.
1224 1145 1293 1190 oum
1318 1129 1347 1190 in
1371 1129 1471 1192 medio
1496 1131 1586 1192 unius

210 1313 217 1320 .
264 1231 349 1294 serbi
373 1231 498 1294 aiterum
523 1233 743 1313 interponitur.
773 1240 806 1294 ut
828 1239 873 1294 est
896 1233 1052 1311 ‘septem
1076 1239 1253 1312 oonpoote
1279 1233 1426 1295 trioni’:
1456 1233 1588 1312 positum

265 1347 310 1398 εει
332 1333 457 1397 verbum
482 1345 627 1416 oonpeete
650 1336 731 1396 inter
753 1335 999 1415 septemtriones.
1595 1331 1598 1336 ’

227 1451 253 1492 1⁰
353 1438 395 1502 ue
419 1437 546 1500 enoitaxi
571 1437 786 1516 rel'enaiiege.
832 1437 985 1500 Enniioxis
1005 1435 1052 1498 rei
1069 1436 1204 1517 enoitnge
1228 1447 1287 1509 εει,
1313 1455 1381 1499 oum
1406 1447 1512 1502 contro
1538 1456 1589 1501 ne·

203 1563 216 1626 '.
269 1552 367 1604 turem
391 1560 476 1604 soom
501 1540 626 1604 verbum
651 1543 782 1624 positum
806 1541 864 1602 hoc
887 1541 1051 1622 significet.
1076 1558 1111 1602 ac
1133 1542 1158 1601 si
1175 1544 1343 1620 proprium
1357 1540 1482 1604 verbum
1498 1561 1591 1622 pone·

265 1655 362 1716 retur,
387 1654 421 1706 ut
444 1655 490 1707 εει
513 1662 650 1715 rursum.
674 1645 732 1708 hoo
755 1645 907 1725 significet
929 1646 1009 1727 quod
1033 1663 1151 1708 rursus.

352 1748 437 1812 Nunc
453 1748 491 1809 de
506 1745 686 1810 soloecismo
703 1749 871 1828 ceterisque
895 1749 974 1810 vitiis
997 1745 1209 1818 tractabimus,
1234 1748 1344 1828 quibus
1367 1751 1515 1829 expositis
1537 1749 1590 1810 do·

267 1851 404 1915 cebimus
427 1851 499 1935 quid
524 1853 619 1912 vitare
644 1849 688 1912 vel
711 1851 815 1913 dicere
839 1849 1009 1913 debemus·
1186 1841 1187 1844 '

227 2049 253 2092 o
502 2127 504 2130 Ι
769 2039 818 2102 oe
841 2039 1082 2104 sotosnsuo

351 2196 553 2261 Soloeeismus
580 2206 625 2258 est
652 2194 736 2258 latini
764 2195 914 2258 sermonis
941 2197 1098 2278 inproprie
1129 2179 1294 2267 ordinatio,
1324 2199 1421 2258 oratio
1450 2199 1589 2263 inconse-

266 2318 377 2383 quens,
400 2299 562 2362 rerborum
579 2301 658 2361 inter
681 2315 713 2360 se
738 2316 797 2361 non
813 2318 869 2362 suo
893 2297 958 2361 ioco
981 2299 1150 2381 positorum
1169 2299 1271 2362 vitiose
1295 2308 1460 2370 structure,
1485 2319 1591 2365 cerens

265 2385 373 2466 ordine
396 2421 511 2470 sermo.
542 2401 634 2465 dictio
658 2421 717 2465 non
742 2401 919 2465 cohaerens.
965 2401 1162 2465 soloecismus
1186 2403 1284 2465 dietus
1314 2412 1360 2465 εει
1383 2403 1501 2468 duobus
1525 2425 1591 2467 mo·

266 2507 325 2580 dis,
350 2506 396 2569 rel
418 2506 499 2588 quod
523 2507 562 2568 sit
583 2504 646 2569 τοῦ
669 2495 763 2588 op'ov
785 2503 893 2584 λόγου
916 2501 1087 2587 αἰκισμός,
1111 2505 1139 2568 id
1164 2514 1208 2568 εει
1231 2507 1366 2586 integrae
1388 2505 1480 2570 laesio
1503 2510 1591 2573 dicti·

226 2613 351 2685 eoonis,
379 2610 425 2672 ret
455 2611 534 2690 quod
564 2609 723 2692 aliquando
755 2603 934 2688 Σόλοικοι,
966 2607 1142 2672 Ciiieienses
1177 2612 1273 2680 cives,
1303 2610 1434 2674 Athenas
1463 2613 1591 2694 proiecti

266 2732 326 2776 non
359 2715 475 2794 integre
509 2714 668 2795 loquentes
698 2713 804 2775 vitioso
845 2715 980 2775 sermoni
1015 2712 1051 2775 de
1085 2711 1232 2776 vocabulo
1266 2731 1321 2775 suo
1354 2733 1463 2776 nomen
1499 2714 1591 2778 dete·

263 2829 343 2880 runt.
389 2818 421 2880 iit
457 2827 557 2880 eutem
596 2815 794 2879 soloecismus
827 2815 925 2878 modis
953 2813 1036 2878 xvt:
1073 2833 1128 2898 per
1164 2817 1401 2880 immutationem
1440 2835 1590 2898 generum

264 2923 495 3002 pronominum,
526 2929 560 2982 ut
581 2919 746 2982 Terentius
776 2917 938 2982 ‘habeas
962 2921 1111 2998 quicum
1135 2921 1316 2983 cantites’
1344 2939 1400 3001 pro
1424 2922 1506 2984 ‘cnm
1531 2938 1590 3001 quo

264 3027 418 3096 cantites’,
448 3032 478 3086 et
501 3022 625 3087 Plautus
654 3021 733 3086 ‘sed
762 3024 851 3106 quis
872 3019 985 3085 iiteeo
1010 3021 1150 3086 mutier
1173 3023 1249 3085 est’
1281 3041 1336 3104 pro
1364 3023 1429 3086 ‘sed
1453 3043 1531 3106 quoe
1554 3026 1592 3087 it-

270 3145 474 3156 ffl-

333 3199 351 3248 t
370 3196 407 3247 De
425 3195 561 3263 synaeresi
577 3211 608 3261 p.
628 3197 690 3259 463,
710 3199 725 3246 1
796 3196 812 3246 'i
831 3194 863 3246 de
882 3196 956 3246 tmesi
975 3212 1002 3262 p.
1022 3197 1083 3258 466,
1104 3198 1138 3245 26

335 3322 348 3369 1
367 3318 400 3369 de
418 3317 535 3384 diheresi
554 3317 682 3368 diheresie
702 3315 727 3366 B
829 3317 947 3382 sortasse
966 3329 1024 3366 eum
1044 3313 1111 3367 dune
1124 3315 1227 3367 vocales
1247 3317 1272 3366 in
1286 3330 1364 3368 onem
1382 3317 1510 3382 epiiebem
1528 3333 1592 3369 eon·

266 3405 369 3454 iuncone
391 3403 513 3455 diduotne
530 3415 565 3453 -et
594 3403 740 3469 singulares
767 3405 950 3470 pronuntiatae
972 3401 1138 3454 dividuntur:
1162 3403 1198 3466 rs.
1220 3399 1334 3470 [Pron]
1360 3405 1393 3455 de
1415 3406 1460 3458 nit.
1484 3407 1543 3471 epti.
1561 3421 1589 3471 p.

267 3491 328 3549 263,
347 3491 383 3540 21
469 3486 590 3558 2ειι1εε]
620 3489 699 3556 Verp.
724 3487 865 3541 Aenttl
885 3487 1024 3539 364ευ1εἰ
1044 3488 1130 3540 medio
1218 3497 1245 3540 ει
1262 3487 1354 3556 irugee
1372 3489 1440 3540 nutui
1465 3499 1489 3540 et
1507 3490 1592 3558 trugni

268 3574 301 3640 B,
320 3573 440 3641 eriugen
459 3574 527 3626 nutai
546 3585 571 3624 et
588 3574 660 3642 iogni
680 3593 702 3640 o,
716 3575 759 3626 nbi
775 3573 849 3642 iugoi
867 3576 904 3626 od
921 3575 1027 3626 Lueret.
1047 3574 1145 3625 41647
1163 3581 1188 3626 ει
1207 3574 1279 3625 1111
1291 3577 1345 3627 773
1362 3578 1496 3641 pertinere
1514 3579 1592 3630 notuit

265 3661 360 3712 editor.
398 3659 537 3726 irugiierne
550 3667 575 3712 et
588 3660 720 3728 irrugiiemi
735 3650 845 3712 roniedr't
863 3661 949 3712 editor
972 3660 1191 3719 Vindoboneneie,
1210 3661 1280 3728 qnod
1296 3663 1333 3712 od
1351 3661 1432 3712 Ennii
1449 3665 1592 3728 exemptum

265 3747 343 3796 terrei
365 3743 500 3812 irugiierei
524 3763 541 3796 o
565 3746 682 3799 Cnore'sio
704 3763 731 3812 p.
756 3749 795 3804 19,
820 3750 831 3795 1
855 3762 915 3797 ene.
938 3745 1017 3797 Giton.
1042 3763 1069 3812 p.
1095 3747 1158 3806 636,
1180 3749 1213 3797 27
1228 3747 1323 3811 srnpnr.
1343 3746 1410 3798 Bod.
1429 3749 1461 3799 de
1481 3763 1546 3799 nom.
1563 3765 1593 3814 p.

266 3835 325 3890 555,
346 3833 364 3882 3
387 3833 491 3883 motum
517 3835 630 3898 pertinet
706 3832 890 3898 3synireresis
915 3831 949 3890 B,
973 3835 1066 3882 iternt
1154 3830 1275 3883 itineris
1296 3833 1427 3900 eripedem
1447 3832 1487 3883 B:
1510 3832 1591 3899 Verp.

268 3921 332 3969 Aen.
361 3917 403 3968 VI
425 3920 480 3970 803
568 3914 697 3984 irortetor]
725 3920 804 3982 Verp.
830 3921 896 3970 Aen.
925 3916 967 3968 VI
988 3919 1041 3968 623
1128 3918 1210 3984 tipro
1237 3917 1335 3970 eoiides
1363 3916 1390 3968 B
1460 3919 1591 3977 itenerin,

266 4018 331 4070 quoe
355 4003 427 4066 infra
452 4020 480 4070 p.
505 4006 563 4072 466,
582 4007 618 4054 25
640 4005 709 4055 inter
732 4012 825 4071 tropos
848 4005 978 4068 refertor,
1002 4007 1093 4054 rnottos
1116 4005 1184 4055 inter
1206 4005 1388 4070 metaplasmos
1407 4019 1536 4070 reponere
1554 4006 1592 4056 eit

267 4089 421 4141 Consentius
443 4107 471 4156 p.
496 4091 559 4154 320,
578 4091 621 4144 23.
653 4103 701 4142 'noe
724 4091 773 4144 doc
799 4093 855 4143 toeo
878 4097 980 4142 secretos
1003 4097 1042 4140 est
1063 4093 1253 4155 prnrnrnntienn.
1290 4091 1379 4142 eodern
1401 4091 1500 4142 rettulit
1522 4094 1593 4141 enot-

265 4178 340 4241 tnpen
359 4177 428 4226 inter
439 4175 569 4227 retenone
588 4177 713 4228 dinnoeor
723 4179 836 4242 positorn
853 4177 919 4227 rdet.
937 4179 985 4228 tot.
1003 4179 1046 4228 ed.
1059 4177 1137 4228 Hotrn
1154 4194 1180 4242 p.
1200 4179 1240 4235 76,
1259 4180 1284 4228 8.
1321 4193 1378 4226 nono
1400 4177 1437 4226 od
1454 4182 1592 4227 tractatum

266 4262 298 4312 de
321 4264 495 4328 rnetnptoenris
517 4265 601 4317 omnia
624 4279 691 4330 preoe
708 4270 817 4328 praeter
834 4263 950 4314 ordinem
968 4268 1029 4312 rento
1047 4264 1252 4314 commentorium
1275 4264 1307 4313 de
1323 4263 1473 4315 eotoeor'enro
1490 4263 1593 4328 erriptn

263 4355 323 4398 eunt
340 4349 473 4413 pertinent
541 4350 558 4400 8
576 4351 688 4416 septem]
711 4349 790 4414 Verp.
807 4363 897 4414 peorp.
914 4347 967 4400 ΙΙΙ
985 4350 1037 4401 334
1056 4359 1157 4415 septem
1176 4348 1292 4400 eubieote
1310 4349 1402 4399 trioni:
1422 4349 1457 4414 rs.
1479 4347 1593 4400 Ribbeck

262 4434 334 4498 proi.
347 4434 383 4484 ad
398 4432 481 4499 Verp.
492 4452 521 4501 p.
534 4439 586 4488 241
634 4432 864 4488 9ue1·bumestB
919 4433 1225 4500 tttestuetenotiageB
1279 4432 1631 4486 tlensiuerbomBeofl

266 4522 288 4572 si
309 4537 430 4574 uerumn
502 4523 534 4573 13
553 4533 693 4574 teneremus
718 4521 742 4572 B
812 4523 847 4574 20
865 4520 1006 4586 ntiquondo
1026 4519 1344 4572 eoioeeoeeieitiensesB
1423 4523 1454 4572 21
1476 4521 1591 4572 sermoni

267 4608 353 4659 editor
369 4606 578 4676 Vindobonenrto
596 4623 716 4660 sermone
729 4608 754 4660 B
824 4609 858 4659 23
872 4603 987 4676 itabens]
1011 4605 1114 4658 Terent.
1129 4607 1241 4672 Adetptt.
1257 4604 1335 4666 1111,
1350 4611 1374 4671 7,
1388 4608 1423 4657 32
1493 4607 1528 4657 24
1547 4606 1593 4657 sed
1631 4625 1634 4632 ·

267 4690 339 4761 quie]
357 4694 394 4745 od
411 4693 497 4746 Ptnot.
519 4693 620 4746 renero.
640 4696 693 4754 11.
712 4697 748 4746 76.
762 4695 809 4746 sed
828 4693 892 4745 hneo
910 4693 969 4757 quis
987 4690 1080 4743 mulier
1098 4691 1205 4758 (quibus
1224 4693 1316 4742 meiius
1329 4694 1441 4752 codices,
1461 4692 1519 4757 quis
1532 4707 1592 4743 mu·

266 4777 314 4829 tier
331 4779 509 4844 Camerarius)
533 4781 592 4832 est!
630 4779 788 4848 Astaphium
812 4778 958 4831 onoitluieet
979 4780 1116 4846 pertinere
1134 4780 1244 4832 ridetur.
1280 4779 1316 4844 rs.
1340 4781 1391 4830 rnii.
1413 4781 1448 4845 pt.
1473 4779 1508 4831 ΙΙ
1531 4781 1593 4846 4,3

266 4862 301 4930 p.
316 4867 368 4917 ser
386 4866 420 4934 n)
440 4867 522 4932 opto.
541 4866 614 4919 1111
630 4870 655 4928 r,
675 4871 692 4920 e
