3904 5556
335 345 456 394 unit·
596 419 601 424 ι
777 327 779 332 ’
840 314 842 318 ’
931 343 1133 394 ranararro

369 522 405 585 de
429 521 566 602 syllabis,
589 523 786 603 significatur.
832 515 893 584 non
927 525 1074 586 maiorem
1104 524 1317 584 auctoritatem
1341 521 1371 583 in
1396 521 1474 584 libro
1497 523 1534 584 de
1558 520 1699 585 finalibus

285 697 290 707 ι
367 626 593 688 liabetnomen
617 625 788 694 liarirninl,
820 624 899 703 quod
925 627 954 684 in
978 624 1200 688 recentioribus
1223 625 1381 687 codicibus
1412 645 1449 688 er
1472 625 1696 707 subscriptione

367 729 580 809 praecedentis
604 728 681 798 libri,
708 737 740 788 nt
763 726 890 798 videtur,
916 725 1078 810 repetitura
1105 743 1226 791 etcum
1251 737 1395 806 corrupto
1411 729 1551 790 iletroril
1574 731 1697 792 nomine

369 835 564 894 coniunctum
588 827 643 892 est.
689 830 807 892 accedit
829 832 909 911 quod
933 833 1025 894 multa
1050 851 1127 913 quae
1150 833 1200 894 liic
1222 830 1365 912 leguntur
1389 830 1528 893 similiter
1553 835 1583 894 iu
1601 832 1696 894 Servii

369 933 446 996 libro
470 935 507 996 de
531 933 671 998 finalibus
694 933 729 994 ad
753 932 927 1013 Aquilinum
951 935 1062 1015 scripta
1093 946 1177 1004 sunt:
1209 955 1310 1016 ueqne
1339 943 1456 996 constat
1485 936 1696 1016 qntsrprnnos
1797 920 1806 948 '¹

370 1036 427 1098 lroc
461 1053 556 1115 genus
578 1035 782 1115 regularum,
818 1036 899 1115 qnod
934 1045 1038 1115 postea
1072 1037 1214 1100 diuturno
1248 1037 1421 1100 sclrolarnm
1453 1054 1511 1100 usu
1545 1057 1562 1100 a
1595 1036 1696 1099 multis

371 1149 531 1202 tractatum
555 1149 610 1208 est,
634 1143 851 1220 composuerit.
897 1144 1020 1201 omnino
1044 1151 1144 1204 autern
1168 1143 1198 1204 in
1222 1142 1312 1204 liuius
1337 1140 1417 1200 modi
1440 1140 1541 1211 libris,
1575 1143 1607 1201 in
1624 1141 1695 1220 ‘qui-

311 1235 314 1244 '
367 1243 424 1304 bus
460 1252 512 1304 aut
540 1259 634 1322 panca
664 1253 716 1304 aut
744 1242 825 1305 nulla
854 1243 1030 1322 antiquioris
1058 1243 1214 1306 doctrinae
1246 1247 1369 1324 vestigia
1399 1242 1505 1306 relicta
1536 1255 1622 1314 aunt,
1658 1243 1695 1304 de

371 1344 524 1408 veteribus
552 1341 727 1424 auctoribus
755 1363 903 1427 quaerere
932 1339 1039 1427 parum
1071 1345 1142 1408 utile
1177 1358 1206 1410 et
1234 1359 1340 1410 natura
1374 1367 1436 1426 sua
1459 1349 1609 1409 incertum
1640 1357 1694 1409 est.

370 1459 506 1511 ceterum
537 1466 575 1509 ne
605 1449 642 1511 de
671 1451 787 1510 ratione
817 1458 984 1510 metrorum
1014 1449 1137 1530 quidem
1175 1453 1327 1531 integrum
1360 1453 1472 1512 veteris
1500 1453 1690 1530 grammatici
1716 1507 1726 1524 ,

366 1553 478 1616 ιιΙιειιιιι
513 1549 655 1615 relicturo
691 1571 756 1613 esse
791 1553 983 1614 manifestum
1019 1561 1073 1614 est.
1127 1572 1196 1614 nam
1230 1571 1291 1616 non
1324 1554 1423 1616 solum
1457 1574 1472 1615 a
1508 1553 1694 1635 liquentibus

367 1656 477 1717 litteris
501 1673 608 1736 parom
632 1665 700 1736 apte
724 1655 842 1718 initium
866 1655 908 1726 ut,
932 1655 984 1716 sed
1008 1655 1038 1715 io
1062 1653 1189 1734 reliquis
1212 1659 1300 1720 etiarn
1326 1658 1464 1738 partibus
1491 1657 1527 1718 de
1552 1675 1692 1719 mensura

366 1757 550 1838 syllabarum
576 1767 607 1819 et
629 1757 666 1819 de
689 1759 848 1820 scansione
872 1777 1012 1820 versuum
1036 1755 1078 1818 ita
1102 1758 1289 1838 disputatur,
1319 1769 1352 1821 ut
1379 1770 1408 1820 et
1437 1761 1516 1822 insta
1539 1763 1616 1822 ratio
1640 1759 1692 1821 dc-

366 1863 535 1933 sideretur,
567 1869 596 1922 ει
625 1861 717 1923 molta
748 1863 857 1924 omissa
887 1880 952 1923 esse
977 1871 1129 1942 appareat.
1177 1863 1261 1924 cuins
1290 1862 1499 1942 neglegentiae
1521 1861 1692 1942 exemplum

366 1945 506 2028 relictum
532 1973 578 2026 est
600 1983 628 2046 p.
652 1960 726 2035 219,
750 1961 802 2034 23.
826 1965 976 2042 quidquid
997 1967 1077 2026 enim
1100 1968 1131 2024 ia
1154 1975 1205 2028 tar
1226 1968 1347 2045 syllaba
1373 1970 1491 2058 liniter,
1521 1967 1612 2028 breve
1639 1976 1691 2041 est,

367 2077 399 2130 ιιι
419 2079 527 2148 postea
552 2070 704 2130 dicemus:
727 2087 760 2129 ea
786 2069 865 2129 enim
889 2067 1003 2148 syllaba
1027 2069 1056 2127 in
1081 2067 1220 2132 iioalibus
1249 2069 1370 2150 syllabis
1395 2069 1557 2130 verborum
1581 2071 1691 2131 ontis-sa
1728 2099 1730 2104 .

367 2183 422 2234 est.
462 2172 564 2250 itaque
589 2180 618 2232 et
641 2171 725 2242 liaeo,
749 2190 825 2252 qnae
849 2172 938 2232 iidem
962 2189 1052 2233 manu
1077 2174 1261 2252 scriptorum
1284 2171 1432 2234 librorum
1454 2173 1549 2234 secuti
1565 2171 1693 2235 llarimo
1747 2181 1751 2190 ’

284 2273 288 2280 “
366 2275 521 2336 Victorino
545 2273 719 2344 tribuimus,
752 2295 787 2336 ex
811 2275 925 2336 maiore
949 2291 1042 2354 opere
1065 2284 1277 2355 excerpta,‘et
1299 2275 1424 2356 regulae
1448 2271 1582 2337 ilnalium
1605 2273 1693 2354 sylla-

367 2377 491 2448 barum,
526 2397 604 2458 qnae
637 2377 674 2438 ab
703 2377 761 2440 alio
792 2388 916 2438 auctore
944 2380 1130 2458 compositae
1163 2388 1269 2448 erant,
1305 2388 1429 2459 propter
1465 2376 1693 2440 similitudinem

367 2484 539 2562 argumenti
563 2483 713 2560 excerptis
736 2481 856 2543 llaximi
882 2480 1024 2542 Victorini
1048 2480 1202 2546 subiectae
1226 2492 1307 2544 sunt.
1381 2557 1389 2566 ·

454 2586 555 2647 illinus
585 2592 701 2646 certum
731 2584 875 2645 iodicium
906 2593 952 2644 est
978 2584 1015 2645 de
1039 2584 1158 2646 duobus
1180 2583 1266 2646 libris
1295 2584 1333 2646 de
1356 2599 1420 2646 arte
1444 2587 1640 2664 grammatica
1664 2593 1694 2646 et

366 2690 403 2750 de
427 2692 541 2757 metris,
567 2689 617 2765 qut
642 2705 702 2748 non
727 2687 823 2748 solum
847 2689 886 2748 ita
911 2689 1065 2749 coniuncti
1093 2688 1124 2748 in
1147 2688 1328 2768 quibusdam
1359 2688 1514 2750 codicibus
1538 2688 1692 2767 leguntur,
1725 2752 1730 2758 ,

367 2781 534 2854 ιιιίιοιιιειι
559 2790 716 2860 Victorini,
740 2790 819 2871 quod
844 2791 937 2872 priori
960 2791 1180 2869 praescriptam
1206 2801 1266 2860 est,
1291 2789 1328 2852 ad
1352 2800 1513 2873 utrumqne
1538 2792 1692 2871 pertinere

324 2901 336 2942 -'
369 2895 513 2962 rideatur,
539 2895 591 2956 sed
616 2896 704 2956 etiam
729 2903 855 2976 propter
877 2893 1005 2955 similem
1029 2893 1176 2954 rationem
1200 2893 1369 2956 disserendi
1401 2903 1431 2956 et
1454 2913 1558 2972 genus.
1574 2893 1694 2956 dicendi

367 3003 419 3060 oni
449 2999 565 3060 auctori
594 2995 674 3058 baud
703 2996 795 3058 dubie
822 2996 976 3059 tribuendi
1007 3004 1084 3058 sunl.
1131 2997 1183 3058 sed
1208 2998 1329 3059 eosdem
1360 3016 1396 3058 ει
1420 3001 1591 3079 antiquiore
1615 2995 1693 3058 libro

369 3102 567 3182 neglegenter
601 3099 745 3162 collectos
778 3110 808 3162 et
848 3099 1027 3180 perturbato
1061 3100 1167 3161 ordine
1212 3101 1376 3163 verborum
1411 3100 1590 3180 depravatos
1625 3118 1691 3162 esse

179 3251 183 3258 ·
262 3222 274 3258 -·
367 3215 503 3287 apparet.
551 3222 650 3285 neque
679 3223 715 3264 ex
745 3214 847 3265 vetere
879 3203 998 3264 deiectu
1028 3201 1182 3284 archetypi
1209 3202 1255 3265 rel
1285 3201 1692 3283 transpositionemembra·

341 3327 490 3378 marum,
521 3307 558 3368 de
588 3325 647 3388 qua
676 3326 709 3368 re
740 3306 810 3369 olim
840 3306 1020 3388 Spengelius
1050 3306 1168 3384 allgem.
1199 3304 1359 3368 Seliulzeit.
1390 3326 1417 3370 a.
1451 3303 1534 3370 1832
1570 3327 1599 3388 p.
1629 3304 1694 3369 ‘285

367 3411 529 3492 cogitabat,
554 3413 652 3472 ornois
675 3410 724 3470 illa
749 3410 920 3492 depravatio
945 3409 1075 3471 derivari
1100 3419 1213 3490 potest,
1242 3411 1294 3472 sed
1317 3422 1439 3493 praeter
1464 3431 1497 3473 ea
1521 3429 1598 3491 quae
1622 3428 1692 3471 caso

263 3581 270 3592 .
368 3518 528 3598 perierunt
556 3511 602 3574 vel
632 3513 810 3593 perturbata
838 3524 922 3583 sunt,
955 3523 1081 3594 uterquc
1106 3511 1183 3574 libor
1206 3533 1310 3576 curam
1335 3515 1525 3594 grannnaiici
1550 3521 1693 3593 expertus

367 3629 428 3690 est,
460 3621 513 3700 qni
542 3637 575 3678 ea
607 3636 683 3697 quae
713 3637 794 3679 nurtc
818 3614 945 3696 legimus
967 3615 1088 3695 collegit
1117 3629 1146 3678 et
1169 3619 1199 3678 in
1224 3618 1300 3679 lianc
1324 3619 1453 3680 iornram
1481 3616 1610 3694 redegit.
1656 3615 1693 3676 de

368 3725 476 3784 metria
500 3719 627 3799 'quidem
657 3729 788 3782 retorem
818 3729 972 3783 auctorem
1002 3718 1089 3800 plora
1118 3721 1277 3800 scripsisse
1309 3718 1352 3782 rel
1380 3721 1562 3800 scriptorum
1592 3717 1691 3788 inisse,

269 3823 273 3830 ’
368 3845 457 3906 qoam
488 3841 568 3886 nunc
598 3833 776 3904 supersunt,
807 3825 836 3884 in
868 3826 925 3884 line
954 3825 1166 3884 connneuterii
1194 3823 1231 3884 de
1261 3823 1436 3886 lrerarnetro
1459 3820 1623 3884 indicatum
1649 3831 1694 3884 est

317 3916 318 3919 ¹
367 3949 397 4008 p.
421 3925 495 3998 215,
519 3925 571 3999 24,
595 3930 743 3989 lectotenus
766 3929 805 3988 de
833 3929 1010 3988 hexametro
1033 3928 1186 4004 dactylico
1193 3971 1202 4006 ‚
1232 3929 1270 3988 de
1297 3930 1407 3988 celeris
1435 3944 1506 3987 uero
1525 3945 1587 3988 -ειιυ
1614 3927 1691 3987 loce.

228 4093 230 4097 ,
274 4033 289 4112 ᾗ
368 4033 457 4094 ιιΙῑειιι
492 4043 592 4093 ειιιειιι
627 4029 999 4109 recensionem'eamqoe
1034 4049 1069 4090 ex
1103 4040 1188 4110 parte
1222 4027 1380 4091 meliorem
1414 4028 1544 4091 babebat
1578 4029 1690 4090 Audax.

370 4153 552 4215 quamquam
578 4137 658 4195 enim
684 4151 744 4194 ιιοιι
769 4135 884 4201 oninia,
914 4131 1045 4216 quae-ln
1076 4127 1142 4212 eins
1166 4135 1316 4214 excerptis
1340 4131 1441 4194 addila
1465 4141 1550 4200 sont,
1582 4151 1616 4193 ex
1647 4131 1693 4192 iris
1776 4151 1780 4159 ·

368 4238 592 4304 commentariis
616 4238 728 4316 petivit,
753 4235 806 4296 sed
831 4235 979 4318 quaedam
1003 4237 1092 4299 etiam
1111 4256 1146 4298 eu
1162 4237 1221 4298 alio
1238 4236 1321 4298 iente
1338 4235 1432 4304 duxit,
1458 4244 1557 4297 tamen
1575 4245 1692 4296 certum

368 4350 413 4404 εει
435 4361 504 4403 ειιιιι
530 4351 559 4403 ει
582 4343 694 4403 ιειιιιιε
718 4339 881 4421 dispositos
904 4348 933 4400 et
956 4358 1016 4400 non
1041 4339 1130 4401 nullis
1153 4338 1229 4402 locis
1252 4341 1403 4420 pleniores
1427 4339 1570 4400 babuisse
1586 4337 1691 4400 libros.

291 4431 297 4437 ⁴
367 4464 462 4526 qnare
487 4465 524 4506 ne
548 4444 623 4506 lraec
646 4445 725 4504 iuter
749 4462 780 4504 se
805 4443 1082 4512 confunderentur,
1114 4453 1214 4524 aptam
1239 4461 1306 4504 esse
1335 4443 1430 4502 cisum
1455 4453 1500 4503 est
1523 4459 1603 4504 nunc
1627 4459 1692 4502 eam

370 4549 510 4627 immam,
535 4567 612 4629 quae
637 4547 792 4610 codicibus
816 4546 925 4607 tradita
951 4558 1005 4616 est,
1032 4545 1192 4614 oxlribere:
1217 4555 1319 4626 postea
1344 4534 1381 4606 ex¹
1395 4544 1524 4607 Audacia
1541 4547 1693 4624 excerptis
1782 4597 1786 4604 .

368 4670 402 4712 ea
432 4669 508 4732 quae
538 4655 685 4714 memoria
714 4651 804 4729 digna
833 4661 903 4711 snnt
932 4651 1030 4711 edam.
1057 4668 1168 4728 ¹quom
1196 4650 1284 4712 iidem
1315 4658 1415 4710 aetem
1441 4649 1561 4709 nomina
1586 4647 1692 4709 Scauri

369 4764 398 4814 et
421 4753 547 4816 l'alladii
571 4757 601 4816 in
625 4754 864 4837 praescriptione
888 4765 1100 4835 excerptorum
1123 4755 1160 4814 ab
1184 4752 1304 4816 duriaco
1336 4755 1430 4834 posita
1456 4752 1600 4821 balmam,
1631 4771 1692 4813 non

369 4865 495 4924 constat.
543 4877 610 4920 naun
635 4860 740 4920 Scauri
764 4877 883 4927 nomeu,
909 4869 938 4917 ιιι
964 4857 1091 4930 ridetur,
1116 4857 1152 4920 ad
1178 4861 1309 4939 priorem
1334 4867 1544 4938 exrerptormn
1562 4867 1692 4938 partem,
