3888 5550
372 401 438 470 462
646 415 752 466 manu
774 413 897 464 moun
921 399 972 481 [u.
996 397 1158 483 cuuvuu]
1184 411 1404 464 sacaaooms

373 519 395 558 p.
408 507 440 549 38.
454 506 480 548 89
494 505 522 548 V.
642 503 648 512 ’

375 595 447 658 ioris
476 601 541 656 erat
565 591 666 662 rubei,
696 590 748 653 sed
778 591 870 655 animi
893 573 1099 676 inverecundi,
1123 589 1252 671 ‘quem
1277 608 1347 652 non
1371 589 1489 672 pudet
1512 598 1546 653 et
1570 591 1700 664 rubet,

376 717 445 762 non
477 707 535 759 est
564 696 687 764 homo,
719 694 782 756 sed
813 696 949 776 ropio'.
995 695 1082 776 ropio
1105 701 1205 754 autem
1231 702 1279 754 est
1307 701 1360 755 aut
1383 694 1508 756 minium
1533 703 1585 757 aut
1606 695 1699 776 piscis

376 797 489 862 rohe'us
512 807 563 861 aut
585 797 681 880 penis.
897 791 902 798 ’

463 902 506 966 De
529 919 691 965 sarcasmo.
739 901 914 964 sarcasmos
935 907 981 962 est
1003 901 1100 964 oratio
1124 917 1191 962 oum
1216 896 1430 970 insultatione.
1455 909 1488 962 ut
1512 910 1557 962 est
1808 975 1812 986 .

533 1025 575 1068 eu
605 1022 715 1085 agros
739 1013 774 1066 et
797 1023 902 1085 qnam
926 1001 1042 1073 heilo,
1067 1003 1248 1076 Troiane,
1273 1003 1421 1086 petisti,
1713 1021 1726 1061 s

532 1107 755 1188 Hesperiam
780 1110 917 1170 metire
941 1109 1085 1178 iacens,
1113 1123 1115 1128 ·
1421 1102 1428 1112 '

378 1221 409 1274 et
424 1213 530 1276 Cicero
555 1211 617 1273 ‘on
642 1211 809 1292 crimen.¹
828 1227 871 1272 en
895 1229 1021 1282 eausa,
1046 1227 1113 1272 cur
1135 1209 1483 1290 regemiugitirus.
1508 1209 1699 1273 dominnm

369 1304 510 1378 'servus
534 1317 715 1380 accuset’.
762 1315 841 1377 inter
864 1315 992 1375 ironiam
1018 1331 1089 1395 crgo
1114 1323 1144 1374 et
1166 1330 1339 1376 sarcasmon
1364 1312 1507 1385 horest,
1538 1313 1615 1394 quod
1640 1315 1699 1376 iro-

379 1414 428 1480 nia
460 1417 645 1479 contrarium
676 1415 801 1478 dictioni
833 1417 967 1478 continet
996 1435 1118 1478 sensum
1148 1435 1215 1478 eum
1246 1417 1407 1488 inrisione,
1439 1434 1607 1478 sarcasmos
1630 1435 1700 1479 uero

342 1561 349 1568 -
380 1520 486 1582 eodem
511 1519 600 1581 modo
623 1539 683 1602 quo
700 1520 810 1582 dicitur
827 1517 1018 1599 intellegatur
1036 1537 1160 1582 necesse
1184 1527 1246 1590 cst,
1271 1522 1408 1602 quamvis
1431 1537 1499 1582 cunr
1524 1520 1678 1580 inrisione.
1696 1516 1699 1529 '
1715 1534 1738 1572 u

466 1623 508 1686 De
538 1622 716 1704 antiphrasi.
762 1622 952 1704 antiphrasis
981 1632 1040 1692 est,
1076 1641 1144 1684 eum
1179 1625 1303 1703 ponitur
1337 1622 1463 1684 verhum
1497 1621 1609 1683 honum
1647 1642 1702 1704 pro

380 1726 473 1796 maio,
504 1724 615 1788 maium
646 1734 745 1787 tamen
775 1725 976 1806 signidcatnr,
1007 1734 1039 1786 ut
1063 1725 1173 1789 Parcae
1197 1726 1233 1788 ah
1258 1745 1293 1787 eo
1317 1726 1398 1806 qnod
1423 1744 1482 1788 non
1506 1735 1649 1808 parcant,
1675 1735 1704 1787 et

380 1829 564 1894 Eumenides
588 1826 625 1890 ah
649 1847 684 1889 eo
709 1827 789 1909 quod
813 1828 885 1890 nulii
910 1821 1065 1908 εὐμενεῖς
1087 1832 1162 1901 sint,
1186 1830 1277 1892 idest
1301 1831 1459 1910 propitiae.
1507 1826 1701 1910 antiphrasim

379 1931 428 1994 alii
452 1931 633 2013 euphemiae
658 1941 775 1994 vocant.

467 2035 510 2097 Be
534 2033 741 2116 cacophemia.
787 2033 986 2116 cacophomia
1004 2031 1096 2118 [est],
1121 2053 1209 2118 quam
1233 2035 1354 2118 quidam
1372 2035 1569 2116 dysphcmian
1586 2045 1740 2106 vocantu

329 2169 332 2176 ·
382 2141 575 2216 ε’,ροηῑητὶο
599 2138 776 2220 euphemiae
802 2139 848 2200 lrt:
874 2157 941 2200 nam
966 2138 1091 2212 rjerhum
1110 2136 1219 2199 maium
1245 2157 1300 2219 pro
1324 2137 1404 2201 hono
1427 2141 1564 2220 ponitur,
1589 2139 1642 2202 sed
1660 2149 1701 2200 ta-

362 2261 452 2324 ‘men
470 2243 583 2306 honum
599 2241 799 2327 intellegitur,
825 2252 858 2304 ut
874 2253 919 2303 est
942 2245 1025 2321 ‘pro
1041 2259 1218 2323 supreme
1236 2241 1441 2324 luppiter',
1466 2243 1495 2303 id
1520 2251 1564 2306 est
1576 2261 1701 2312 summe,

382 2365 443 2409 non
465 2333 578 2408 intime.

471 2449 512 2512 De
536 2451 715 2529 aenigmate.
760 2449 905 2528 heuigma
929 2447 974 2510 sel
991 2448 1118 2530 griphus
1142 2457 1188 2510 ost
1211 2447 1301 2510 dictio
1317 2447 1461 2518 obseura,
1486 2451 1625 2530 quaestio
1641 2449 1703 2510 ved·

316 2533 319 2540 ’
382 2553 477 2644 garis,
502 2550 644 2632 allegoria
662 2548 810 2621 diflicilia,
835 2560 994 2632 autequam
1012 2553 1102 2614 tuerit
1125 2550 1290 2620 intellecta,
1314 2563 1418 2632 postea
1442 2551 1587 2623 ridicula,
1612 2559 1740 2613 oresio

539 2665 636 2717 mater
659 2672 706 2716 me
729 2657 851 2735 gennit,
876 2653 980 2716 eadem
1005 2673 1074 2716 mox
1099 2657 1232 2734 gignitur
1256 2675 1291 2716 ex
1316 2671 1374 2724 me,

372 2759 426 2821 'de
449 2758 560 2838 glacie,
584 2756 714 2838 quaeda
732 2777 807 2840 aqrra
825 2767 981 2839 procreata
998 2777 1104 2839 aquam
1122 2758 1218 2821 soluta
1236 2761 1330 2840 parit;
1356 2755 1401 2819 rei
1418 2757 1510 2821 carbo
1529 2757 1566 2820 de
1583 2759 1701 2822 hamma

383 2861 471 2926 natus
491 2867 647 2940 flammam
671 2862 774 2941 gignit.
821 2859 970 2940 Vergilius
994 2859 1031 2921 de
1055 2879 1107 2922 ore
1130 2863 1212 2944 putei

404 2963 408 2968 '
540 2967 611 3027 tris
634 2972 762 3045 pateat
786 2962 882 3025 caeii
907 2965 1068 3044 spatium
1094 2981 1164 3025 non
1189 2963 1351 3045 amplius
1374 2963 1492 3028 ninas.

471 3068 513 3131 De
536 3070 700 3150 paroemia.
749 3067 904 3128 Paroemia
934 3075 980 3127 cst
1003 3063 1133 3146 vulgaris
1158 3066 1300 3146 proverbi
1330 3073 1488 3147 usurpatio
1512 3062 1548 3131 ad
1574 3067 1702 3152 aliquam
1717 3081 1741 3122 2⁵

358 3169 724 3260 *rem'signideandom
753 3189 821 3232 curn
846 3168 925 3232 atiud
952 3167 1151 3249 intellegitur,
1180 3189 1268 3251 quam
1293 3171 1371 3251 qarod
1396 3170 1528 3233 dictione
1557 3183 1704 3236 monstra·

333 3277 336 3284 '
385 3285 448 3346 tur.
473 3285 507 3336 ut
534 3273 748 3336 ‘adversum
779 3272 971 3336 stimulum
995 3271 1149 3340 calcos’.
1182 3291 1241 3354 quo
1264 3275 1458 3353 significatur
1482 3285 1586 3338 contra
1610 3277 1703 3356 pessi·

97 3401 106 3410 ·
182 3393 184 3398 ·
233 3429 237 3442 ,
385 3397 450 3440 mos
474 3375 520 3439 rei
543 3379 733 3457 potentiores
755 3377 868 3439 audere
891 3375 1015 3439 stultum
1041 3393 1115 3437 esse.

418 3505 421 3510 ·
472 3478 515 3542 De
538 3479 729 3574 anastrophe.
777 3479 966 3562 hnastrophe
996 3485 1041 3541 est
1069 3478 1196 3541 duorum
1221 3479 1381 3541 rerhorum
1412 3489 1581 3543 transversa
1606 3481 1702 3554 dictio,

453 3723 487 3772 es
507 3719 544 3770 os.
562 3720 720 3786 anraropne
736 3736 763 3785 p.
783 3722 842 3780 eso,
862 3722 904 3770 el.
924 3697 981 3780 loa,
1002 3721 1034 3768 η

455 3905 576 3976 lquem]
600 3923 698 3960 uersum
721 3907 859 3960 Sotadeum
887 3923 963 3971 quem
984 3902 1042 3956 ‘uon
1068 3909 1147 3975 pudet
1172 3919 1199 3959 et
1215 3909 1302 3969 rubet,
1323 3927 1373 3961 non
1394 3921 1433 3962 est
1451 3909 1540 3974 homo,
1564 3913 1610 3964 sed
1631 3915 1704 3981 ropio

386 3997 519 4047 coustituit
543 3995 676 4060 Hauptiua
703 3996 719 4046 l.
738 4011 760 4047 c.
787 3996 924 4046 contriciam
948 4009 966 4066 e
985 3995 1091 4044 militari
1117 3996 1229 4046 carmine
1249 3999 1356 4062 pelilrmr
1375 4013 1432 4050 esse
1455 4001 1603 4049 coniecerat
1622 4000 1706 4051 editor

390 4080 606 4142 Vindodoaenrlo‚
627 4082 670 4146 qui
688 4079 834 4132 Sallustium
853 4081 926 4145 apud
943 4077 1091 4131 Suetonium
1109 4081 1141 4131 rie
1158 4097 1264 4146 prmum.
1283 4099 1306 4133 c.
1326 4087 1359 4134 15
1377 4086 1410 4135 cle
1429 4083 1551 4149 Pompeio
1570 4087 1704 4150 scripsisse

387 4155 452 4217 ‘oris
476 4165 553 4233 probi
575 4165 662 4216 animo
687 4164 872 4218 invereeuudo'
892 4167 1033 4216 adnotavit.
1069 4170 1155 4232 ltaque
1173 4165 1321 4219 Sallustium
1342 4173 1523 4234 armentaticus
1541 4177 1645 4221 secretus
1662 4177 1708 4225 est.

388 4254 463 4319 ropio
482 4259 574 4312 aretela,
595 4253 621 4302 in
640 4269 689 4318 quo
708 4253 782 4303 ruhei
792 4255 887 4304 eoloris
898 4253 1051 4316 significatio
1065 4255 1139 4314 inest,
1161 4253 1248 4305 clublto
1262 4271 1317 4304 utrm
1330 4257 1505 4322 incon-uptam
1522 4257 1556 4306 eil
1627 4257 1642 4304 '2
1661 4257 1707 4305 mi-

389 4341 459 4390 nium
483 4339 633 4391 omimium
653 4337 678 4388 B
766 4339 846 4406 piceis
865 4353 935 4390 eurr.
960 4338 1041 4404 piscis
1064 4335 1091 4386 B
1166 4340 1275 4406 Sparsis
1300 4357 1399 4408 upene
1418 4340 1443 4391 B
1513 4345 1607 4392 icum
1627 4340 1706 4391 inord-

388 4425 483 4474 tatione
502 4423 588 4476 editor
605 4423 812 4476 Vindobonensio
837 4439 892 4474 cum
913 4424 1071 4473 exrrirntioue
1084 4423 1118 4474 B.
1137 4424 1172 4487 es.
1198 4425 1305 4492 Pompei
1320 4443 1347 4494 p.
1369 4429 1429 4486 312,
1449 4433 1465 4479 5
1484 4427 1590 4477 insultat
1609 4427 1631 4475 ei
1651 4444 1705 4476 rum

388 4524 490 4562 stimma
513 4511 638 4580 inrisione
708 4515 772 4562 hen
797 4507 886 4576 agros]
908 4508 989 4575 Verp.
1010 4511 1076 4562 Aen.
1096 4509 1157 4562 XII
1177 4513 1229 4562 359
1299 4509 1436 4580 timetire]
1461 4516 1522 4564 orire
1548 4512 1572 4561 B
1644 4515 1706 4563 ien

388 4597 585 4658 crimen]Cr'e.
603 4613 630 4664 p.
649 4597 735 4649 liciat.
755 4601 778 4654 o,
799 4601 831 4646 17
903 4595 1411 4668 10qnodicituroquodigitan·
1450 4601 1481 4650 12
1500 4598 1675 4666 signifieatB

426 4686 457 4736 tu
477 4682 540 4732 nulii
559 4685 675 4733 eumenis
694 4695 754 4732 sum
772 4681 798 4730 B
853 4684 884 4734 li
903 4697 950 4749 pro
970 4699 1109 4750 suppreme
1128 4683 1168 4734 B:
1191 4685 1295 4738 Terent.
1314 4687 1427 4752 Adelph.
1447 4685 1481 4736 ll
1499 4688 1523 4749 l,
1543 4689 1577 4736 42
1614 4687 1647 4738 22
1665 4703 1707 4739 so-

389 4767 467 4818 lutam
486 4769 556 4835 perit
573 4785 587 4820 u
606 4765 717 4819 solutum
737 4783 801 4835 puro
820 4767 846 4819 B
915 4770 948 4819 23
968 4769 1098 4821 hammam
1121 4787 1169 4824 om.
1187 4773 1226 4830 Β,
1246 4773 1339 4824 addo
1426 4773 1459 4824 24
1481 4773 1526 4822 tiis
1546 4783 1652 4839 potentat
1669 4771 1707 4824 B:

394 4853 472 4918 Verp.
492 4853 573 4906 hucol.
588 4856 613 4912 3,
629 4857 677 4904 105
686 4865 691 4870 ·
747 4855 780 4904 25
799 4853 831 4904 de
844 4853 993 4920 parhoemiu
1008 4857 1159 4921 parhoenria
1174 4857 1197 4908 B
1248 4859 1301 4912 ,27
1319 4853 1470 4926 adversum]
1489 4858 1593 4911 Terent.
1607 4859 1705 4912 Phorm.

391 4936 450 4999 12,
470 4940 504 4988 28
592 4939 808 5003 quooqttodB
1514 4945 1521 4952 “
