3888 5550
705 390 788 438 cnr.
813 389 921 440 cnam.
946 389 1016 437 nra.
1040 389 1066 437 11
1089 383 1176 434 a-to
1225 399 1237 416 ·-
1336 379 1341 393 ¹
1553 370 1618 434 473

288 477 442 534 mmmm

290 567 424 650 luppiter
447 586 465 628 o
489 567 631 650 luppiter.
680 585 747 630 narn
771 569 823 650 qul
847 566 976 632 declinat
1004 566 1051 628 lic
1076 565 1210 647 luppiter
1233 565 1325 628 huius
1348 565 1439 637 loris,
1465 571 1564 646 potest
1588 573 1618 625 et

262 717 263 720 ,
290 671 338 732 lric
361 669 502 733 Phoebus
532 671 623 735 ltuins
645 670 795 751 Apollinis
823 669 988 732 declinare.
1034 670 1215 750 pronomina
1245 687 1316 732 vero
1345 687 1360 730 e
1385 677 1525 749 correpta
1555 678 1617 730 ter·

290 775 401 836 minata
431 776 552 854 generis
583 774 705 858 quidem
736 772 895 836 masculini
920 775 965 835 ius
996 772 1108 835 iactent
1135 774 1276 851 genetivo
1304 773 1475 848 alacriori,
1505 770 1633 852 plurali,
1713 836 1716 843 ,

291 879 431 957 genetivo
455 895 536 950 rum,
561 877 658 942 dativo
676 886 706 940 et
722 875 851 939 ablativo
874 876 908 946 is,
933 874 983 937 ille
1006 877 1081 956 ipse,
1103 873 1185 940 illius
1201 876 1305 957 ipsius,
1329 871 1451 936 illorum
1467 875 1619 954 ipsorum;
1727 883 1728 886 ’
1837 889 1843 898 ·

263 983 412 1060 ogeneris
436 999 508 1043 vern
533 983 635 1044 neutri
656 981 798 1062 genetivo
821 977 966 1058 singulari
987 981 1013 1040 is
1036 979 1160 1051 facient,
1183 980 1323 1059 genetivo
1347 975 1456 1059 plurali
1480 997 1542 1050 um,
1566 978 1617 1039 da·

289 1086 350 1148 tiro
382 1094 411 1146 et
440 1082 570 1146 ablativo
600 1083 673 1156 bus,
707 1093 739 1147 ut
763 1081 821 1145 tale
845 1081 948 1164 quale,
974 1081 1041 1145 talis
1064 1081 1176 1164 qualis,
1200 1081 1304 1144 talium
1329 1080 1479 1163 qualium,
1508 1079 1618 1143 talibus

289 1183 437 1266 qualibus.
484 1205 554 1249 nam
579 1207 594 1250 c
618 1197 759 1268 correpta
792 1185 836 1247 vel
860 1187 1008 1268 producta
1033 1189 1213 1248 terminatus
1236 1185 1438 1248 nominativus
1460 1186 1619 1266 participi·

289 1309 376 1354 orum
401 1289 511 1353 nullius
534 1295 656 1371 generis
679 1291 840 1352 invenitur.

375 1393 501 1475 liuh:
528 1393 706 1456 disinteria
730 1396 892 1456 terminata
918 1394 1039 1455 nomina
1064 1409 1122 1454 non
1147 1394 1232 1471 potui
1256 1395 1402 1474 reperire,
1427 1411 1482 1454 nec
1506 1412 1617 1474 prono·

251 1513 276 1551 tc
291 1499 371 1560 urina
397 1515 452 1560 nec
476 1499 645 1579 participia.

375 1599 387 1661 l
411 1599 510 1663 littero
537 1603 698 1673 terminata
723 1600 843 1663 nomina
868 1608 1010 1682 qtrattuor
1034 1608 1149 1662 tantum
1171 1600 1261 1662 nrodo
1284 1603 1407 1683 repperi
1429 1600 1494 1663 sine
1517 1599 1616 1682 aliqua

289 1703 502 1767 declinatione.
549 1721 617 1766 nam
643 1712 818 1786 monoptota
841 1715 912 1765 sunt
935 1703 994 1766 duo
1018 1704 1139 1782 generis
1162 1704 1268 1774 curuis,
1289 1695 1340 1766 hic
1364 1715 1393 1766 ct
1415 1704 1490 1766 haec
1514 1713 1544 1766 ct
1560 1703 1617 1765 hoc

289 1805 394 1878 nihili,
423 1805 472 1869 hic
502 1815 532 1868 et
558 1807 634 1870 haec
663 1817 692 1868 et
721 1806 779 1870 hoc
809 1809 906 1887 lrugl,
942 1817 973 1869 et
1000 1807 1060 1868 duo
1084 1809 1204 1887 generis
1228 1807 1328 1870 neutri
1351 1808 1470 1870 nunteri
1500 1815 1616 1869 tantum

289 1908 379 1972 niodo
411 1908 593 1990 singularis,
625 1909 683 1973 hoc
715 1911 844 1989 gummi,
869 1911 927 1972 hoc
950 1911 1062 1997 sinapi;
1095 1911 1230 1992 quamvis
1257 1911 1377 1974 Plautus
1408 1912 1439 1972 in
1468 1907 1618 1973 Pseudulo

197 2049 201 2054 -
253 2027 277 2067 to
292 2013 367 2076 irasc
390 2015 505 2096 sinapis
523 2011 736 2081 declinaverit.
781 2017 884 2076 inveni
908 2024 938 2077 ct
961 2013 1021 2076 duo
1045 2015 1219 2076 innumero
1245 2013 1355 2094 plurali
1378 2011 1562 2086 masculina,
1588 2014 1616 2074 iu

289 2116 436 2196 singulari
460 2128 587 2186 neutra,
610 2117 729 2197 lailrgl
752 2116 810 2179 lrnc
825 2121 931 2198 Argos,
955 2116 986 2179 lri
1010 2119 1094 2197 porri
1117 2117 1174 2180 hoc
1195 2135 1331 2198 porrum.
1393 2154 1399 2168 ι

377 2219 417 2282 li:
441 2221 498 2282 hnc
524 2220 629 2283 litteru-
648 2219 764 2306 nullum
788 2239 898 2293 nomen
923 2224 1104 2284 terminatur
1120 2223 1237 2284 ratione
1255 2224 1285 2282 in
1308 2221 1406 2302 primo
1431 2220 1510 2282 libro
1533 2239 1618 2282 uron-

290 2331 393 2385 strata.

379 2425 403 2487 L
428 2427 529 2490 littera
553 2429 714 2490 terminata
738 2429 858 2491 nomina
882 2427 974 2492 latina
998 2428 1120 2508 generis
1143 2428 1300 2491 masculini
1315 2428 1361 2491 rel
1384 2428 1523 2490 leminini
1542 2430 1547 2509 l
1568 2447 1619 2491 ex·

250 2547 277 2591 ac
291 2533 387 2612 ceptis
409 2539 552 2613 quattuor
576 2529 657 2594 uuita
675 2535 828 2614 reperies,
853 2531 904 2595 laic
928 2531 989 2604 sol,
1013 2531 1088 2592 haec
1111 2531 1276 2610 Tanaquil,
1300 2529 1355 2593 hic·
1372 2530 1489 2603 consul,
1513 2532 1565 2595 lrlc
1589 2544 1616 2594 ct

291 2634 365 2696 iraec
388 2644 418 2695 et
441 2634 499 2696 hoc
522 2633 605 2704 exul;
630 2638 751 2715 generis
775 2654 848 2698 vero
862 2637 965 2698 neutri
989 2633 1129 2716 plurima,
1154 2653 1231 2717 quae
1253 2635 1278 2695 si
1295 2644 1384 2696 eruut
1403 2633 1617 2717 monosyllaba,

291 2739 323 2797 in
354 2738 495 2816 genetivo
518 2742 530 2798 t
552 2736 682 2801 litteram
711 2737 927 2820 duplicabunt,
952 2737 1011 2800 mel
1034 2736 1146 2808 mellis,
1172 2736 1212 2800 iel
1235 2737 1327 2799 iellis:
1352 2739 1501 2821 excipitur
1525 2757 1618 2802 unum

290 2838 335 2903 sal
361 2839 451 2910 salis,
487 2839 567 2902 unde
587 2841 710 2922 qttidam
741 2841 796 2904 lroc
825 2841 887 2904 sale
917 2837 1077 2904 declinant.
1123 2841 1223 2903 omnia
1248 2851 1348 2903 tamen
1373 2841 1488 2903 ratione
1511 2844 1618 2904 tertiae
1650 2920 1652 2928 Α

291 2941 501 3034 declinationis
529 2943 711 3008 flectuntur:
742 2961 812 3008 nam
844 2948 868 3008 is
892 2943 1004 3026 syllaba
1035 2947 1206 3024 genetivum
1237 2943 1407 3026 proferunt.
1453 2945 1539 3022 siqua
1562 2945 1619 3007 alin

251 3047 411 3127 minuente
437 3045 564 3118 luerint,
590 3050 728 3130 exceptis
744 3030 842 3130 xsupra
866 3051 988 3130 positis,
1012 3047 1314 3128 generismasculini
1337 3047 1382 3110 rel
1405 3048 1525 3119 lentini,
1549 3047 1635 3111 bat···
1663 3028 1678 3036 '¹

291 3148 362 3210 bara
392 3159 473 3220 sunt,
505 3159 537 3212 ut
560 3151 710 3214 llannibal
733 3151 891 3214 Asdrubal.
938 3152 1133 3244 inveniuntur
1165 3159 1193 3213 ct
1217 3153 1340 3230 generis
1363 3154 1463 3212 neutri
1490 3149 1617 3214 barbara

290 3250 421 3315 llittera
451 3256 627 3324 terminata,
658 3255 715 3316 hoc
745 3255 878 3326 Muthul,
909 3255 967 3316 lroo
998 3253 1125 3320 Suthul,
1157 3253 1338 3336 appulorum
1372 3255 1502 3316 nomina.
1549 3265 1619 3316 sttnt

290 3357 362 3417 item
386 3358 507 3435 generis
524 3357 683 3420 masculini
700 3360 706 3421 Ι
725 3358 825 3420 littera
850 3361 972 3419 nomina
996 3359 1165 3428 terminata,
1189 3357 1310 3420 Samuel
1335 3357 1440 3420 Daniel
1464 3357 1617 3434 IsdrulreI,

292 3457 382 3521 lucius
405 3459 556 3521 Samuelis
579 3459 714 3524 Danielis
739 3459 912 3522 Isdralrelis.

249 3579 276 3619 so
324 3549 328 3558 ’
376 3561 524 3624 illittera
548 3565 741 3626 terminatum
767 3581 876 3626 nomen
899 3561 1021 3645 genueris
1049 3561 1208 3624 masculini
1233 3561 1277 3625 rcl
1301 3563 1453 3634 leminlui,
1494 3572 1619 3645 excepto

294 3682 355 3725 rino
383 3667 506 3744 generis
535 3667 634 3728 omnis
663 3676 857 3749 monoptoto,
889 3665 1019 3728 latinitas
1048 3683 1109 3727 raon
1139 3663 1247 3736 habet,
1278 3667 1327 3728 iric
1356 3676 1385 3730 et
1408 3666 1483 3728 haec
1508 3675 1538 3728 et
1561 3666 1618 3728 hor

293 3785 433 3849 nequam.
481 3772 582 3832 nentri
606 3771 728 3848 generis
756 3770 884 3850 plurima
909 3771 1063 3851 reperies,
1094 3785 1171 3848 quac
1195 3773 1334 3850 genetivo
1359 3787 1429 3832 casu
1452 3756 1504 3832 aut
1528 3773 1620 3833 uoai

298 3881 350 3933 aut
371 3872 490 3946 duabus
512 3871 772 3943 terminabuntur;
796 3883 869 3936 tunc
892 3891 967 3944 uua,
998 3875 1023 3935 si
1047 3881 1115 3934 ante
1141 3892 1189 3935 um
1214 3871 1361 3954 syllabam
1385 3875 1589 3937 nominativus
1611 3875 1619 3934 i

294 3993 354 4038 non
378 3974 532 4048 habuerit,
562 3985 594 4036 ut
617 3974 728 4039 bellum
754 3995 880 4057 regnum
906 3987 1075 4057 sceptrum,
1101 3973 1171 4037 helil
1196 3980 1282 4057 regni
1308 3980 1432 4057 sceptri.
1472 3980 1497 4039 si
1521 3977 1619 4039 lrnbn·
1724 4005 1726 4010 ¹

252 4081 364 4154 escrit,
388 4080 527 4160 genetivo
551 4077 669 4141 duabus
692 4079 701 4138 i
725 4079 984 4149 terminabuntur,
1010 4089 1043 4140 ut
1067 4081 1123 4140 troc
1140 4081 1322 4152 sacrillcium
1347 4078 1437 4142 lanius
1461 4081 1618 4148 sacrificiu

297 4201 501 4209 -m-

356 4249 442 4303 Proh.
461 4251 555 4302 cctlcl.
574 4251 598 4315 8,
617 4251 706 4301 9-30
806 4255 894 4301 lnam
912 4253 957 4316 qui
975 4249 1086 4302 declinat
1104 4277 1139 4287 -
1157 4250 1286 4302 declinare
1308 4251 1386 4306 Prod.
1408 4254 1447 4312 17,
1465 4254 1483 4302 8
1502 4251 1616 4317 Pompei.

295 4339 354 4394 172,
373 4339 417 4387 21.
437 4339 494 4396 186,
515 4339 548 4387 12
1316 4363 1319 4370 =

300 4441 506 4451 ψ

361 4493 523 4562 asingulsrl
542 4509 589 4548 om.
608 4472 652 4542 B⁴
711 4487 816 4559 lipsa]
837 4492 921 4558 ipsius
941 4491 966 4542 B
1051 4493 1082 4542 14
1101 4493 1126 4543 in
1146 4492 1274 4557 spendnlo
1294 4490 1333 4543 B:
1355 4492 1449 4542 Pseud.
1469 4490 1567 4556 1112,
1589 4495 1621 4543 25

294 4583 359 4650 (817
377 4579 412 4646 li)
432 4582 521 4632 teritur
538 4579 646 4646 senapis
666 4578 763 4630 scelera
833 4579 878 4629 .to
897 4578 946 4628 lroc
964 4591 1072 4644 porrum
1091 4578 1117 4627 lti
1136 4580 1208 4644 porri
1227 4576 1252 4628 B
1343 4580 1373 4629 17
1392 4579 1417 4626 in
1437 4577 1522 4643 primo
1542 4575 1632 4644 libro}

294 4667 329 4730 ⁶s.
345 4683 372 4732 p.
392 4669 452 4728 491,
472 4671 487 4716 t
612 4667 646 4717 21
665 4655 758 4716 exusnl
777 4679 846 4718 corr.
866 4664 926 4714 exul
946 4663 971 4714 B
1102 4665 1135 4713 ‘22
1156 4663 1161 4710 l
1181 4679 1228 4715 ora.
1249 4661 1273 4712 B
1401 4676 1462 4712 sunt
1482 4689 1514 4699 -
1533 4662 1622 4712 lsdra-

294 4749 372 4818 lrelis]
391 4757 482 4805 ‘totum
498 4753 547 4804 lucc
564 4767 672 4816 comita,
693 4753 763 4819 quod
778 4753 805 4801 t'n
822 4753 950 4818 parallelo
974 4751 1156 4802 catholicorum
1180 4748 1262 4799 Prodi
1288 4751 1375 4814 capite
1404 4763 1455 4798 aton
1478 4757 1622 4813 oocuparet,

294 4839 420 4902 plassemu
431 4839 535 4892 librarii
546 4841 660 4890 redolct’
679 4840 766 4890 editor
782 4836 988 4888 Vindobonensis
1058 4835 1091 4886 28
1110 4834 1227 4885 lsdralrel
1240 4850 1287 4886 oar.
1302 4831 1336 4895 B,
1356 4835 1444 4886 urimo
1516 4837 1548 4886 33
1568 4847 1622 4886 tum

296 4938 365 4973 corr.
377 4929 437 4974 tunc
447 4925 471 4974 B
524 4927 558 4990 35
571 4925 693 4992 genetiuo
707 4923 807 4975 duabus
818 4925 826 4974 i
836 4923 1015 4974 terminabitur
1025 4920 1050 4971 B
1060 4923 1197 4988 gernetirus
1207 4921 1308 4972 cinabus
1319 4921 1325 4968 i
1338 4921 1624 4974 ternatiunbiturProlus

351 5011 600 5067 uum-rrcr'csrr'sr
616 5037 646 5068 vr.
677 5047 688 5058 -
1391 5012 1423 5060 :tt
