3874 5556
709 369 759 422 DE
779 368 1120 424 coutrosrttotttnvs
1515 367 1577 434 311

280 483 302 528 p,
317 473 421 516 euro-ae
437 470 460 513 ε.
1372 483 1394 526 p.
1409 471 1514 514 sno-su
1530 471 1555 513 c.

255 560 408 645 trisyllabo
437 562 522 624 culus
551 562 649 625 media
680 562 780 624 breris
803 562 849 632 sit,
881 561 909 624 nt
934 570 981 624 est
1003 564 1129 632 cretico,
1161 561 1304 625 trochaeo
1329 570 1358 622 ct
1381 561 1527 652 spondeo,
1551 561 1581 622 iul

255 676 301 729 est
328 685 365 728 ex
393 667 481 748 longa
505 683 563 728 urna
597 675 627 727 et
657 664 738 728 breui
763 683 821 728 uua
852 675 882 728 ει
910 663 1010 746 longis
1032 665 1150 729 duabus
1178 677 1208 729 et
1236 666 1320 729 breri
1344 683 1402 728 una
1432 675 1462 727 et
1484 664 1581 745 longis
1631 667 1634 675 '

255 769 380 842 duabus,
404 768 558 853 †laribus
581 779 672 850 auget
695 767 811 832 urbem.
828 767 842 855 ΙΙ
1194 837 1195 842 ἵ

342 873 384 936 Ex
408 873 543 956 spondeo
567 880 597 934 ει
620 875 743 954 epitrito
767 875 875 954 primo,
906 873 936 936 iel
961 883 1012 936 εει
1030 892 1071 956 εςΙ
1091 873 1187 955 longis
1210 874 1327 938 duabus
1356 881 1385 936 et
1414 873 1497 937 brevi
1522 892 1579 937 una

227 987 286 1040 set
308 976 405 1058 longis
428 976 536 1046 tribus.
562 993 666 1057 pacem
692 978 874 1060 repromisit.
910 995 945 1038 es
966 978 1102 1058 spondeo
1124 987 1154 1040 ει
1176 979 1298 1061 epitrito
1321 976 1466 1058 secundo,
1491 976 1519 1038 iri
1535 987 1581 1040 est

255 1100 292 1143 ex
316 1079 414 1160 longis
438 1067 535 1142 tribus
558 1089 588 1142 et
612 1079 695 1142 brevi
719 1097 776 1142 una
801 1089 831 1140 et
854 1077 950 1159 longis
974 1079 1101 1150 duabus,
1128 1080 1238 1144 bellum
1260 1083 1424 1144 suscitavit.
1466 1143 1468 1151 .

344 1184 384 1248 Ex
410 1183 566 1266 trisyllabo
589 1187 675 1246 cuius
698 1182 795 1245 media
821 1182 919 1246 breuis
942 1186 992 1260 sit,
1016 1183 1044 1244 iul
1068 1193 1115 1248 εει
1137 1186 1261 1254 cretico.
1286 1193 1315 1246 et
1331 1187 1453 1266 epitrito
1468 1187 1578 1264 primo,

255 1288 284 1351 nt
310 1298 355 1350 est
379 1289 467 1370 longa
491 1267 549 1350 urla
574 1297 604 1350 et
627 1285 710 1348 breri
735 1304 793 1350 una
817 1296 846 1349 ει
870 1285 957 1366 longa
983 1303 1041 1348 una
1065 1296 1095 1349 ει
1117 1285 1199 1350 breri
1225 1288 1337 1350 una'et
1359 1285 1579 1368 loug'is'tribus,

255 1391 394 1454 hostibus
417 1392 603 1455 resistentes.
649 1408 685 1452 et
709 1387 863 1470 trisyllabo
886 1389 972 1451 cuius
1003 1390 1099 1452 media
1130 1389 1230 1452 brevis
1251 1392 1298 1461 sit.
1328 1391 1357 1454 iti
1386 1401 1432 1455 est
1455 1393 1578 1460 cretico.
1646 1397 1649 1402 '

217 1511 243 1550 1⁰
257 1503 287 1558 ει
315 1497 437 1576 epitrito
464 1494 607 1564 secundo,
637 1491 668 1555 itl
692 1502 737 1554 εει
760 1512 796 1554 ex
820 1491 907 1574 longa
933 1510 990 1554 una
1022 1503 1052 1556 et
1081 1493 1162 1556 brevi
1193 1513 1249 1558 uua
1279 1504 1309 1557 et
1338 1496 1436 1576 longis
1463 1495 1579 1558 duabus

257 1608 287 1660 et
310 1596 394 1661 brevi
418 1617 477 1661 uua
501 1607 532 1660 ει
554 1596 652 1677 longis
674 1595 800 1663 riurabus.
824 1597 990 1658 exercitum
1015 1597 1236 1680 compulerunt.
1310 1597 1312 1602 ’

342 1701 385 1766 Ex
416 1691 517 1764 iambo
546 1712 577 1763 et
606 1701 726 1782 epitrito
755 1701 863 1782 primo.
893 1699 922 1762 itl
954 1710 1000 1763 est
1029 1720 1064 1764 rx
1094 1699 1177 1762 brevi
1207 1720 1267 1763 uua
1296 1710 1326 1763 et
1355 1701 1442 1782 longa
1469 1721 1526 1764 una
1551 1711 1580 1764 et

258 1805 341 1869 brevi
370 1824 428 1868 una
453 1812 483 1866 et
504 1804 603 1885 longis
626 1802 731 1873 tribus,
762 1804 863 1885 lugam
892 1803 1098 1886 capessebant.
1124 1805 1128 1888 l
1154 1823 1190 1866 ex
1213 1803 1314 1867 iambo
1338 1815 1368 1870 et
1390 1805 1510 1887 epitrito
1534 1825 1579 1868 se-

256 1909 367 1992 rundo,
397 1909 427 1971 iti
452 1919 498 1972 est
521 1927 556 1970 ex
581 1906 664 1970 breui
688 1926 746 1968 una
771 1916 800 1969 et
823 1905 921 1988 longis
950 1907 1067 1971 duabus
1090 1917 1121 1972 et
1144 1906 1227 1969 breti
1253 1927 1311 1983 uno
1334 1917 1365 1970 et
1387 1907 1485 1990 longis
1508 1909 1579 1972 ‹lua-

219 2031 244 2072 1s
260 2012 326 2084 bus,
350 2013 431 2075 iaces
453 2010 650 2075 sustulerunt.

344 2117 386 2180 Ex
415 2117 551 2198 spontlen
579 2125 611 2178 et
642 2113 849 2196 pentasyllabo
878 2115 964 2178 cuius
992 2115 1070 2178 duae
1098 2117 1214 2198 primae
1244 2116 1349 2202 breves
1378 2118 1454 2187 siut,
1483 2118 1581 2179 iustus

258 2219 422 2288 rationalis.
451 2220 481 2283 ut
506 2227 551 2281 cst
573 2218 650 2281 tuae
679 2219 795 2301 primae
823 2217 941 2297 longae,
972 2219 1049 2282 uiuae
1078 2231 1299 2302 consequentes
1328 2218 1435 2282 breues
1463 2229 1493 2283 et
1520 2229 1581 2283 tres

257 2324 381 2406 ultimae
404 2321 521 2403 longae,
546 2323 633 2386 cuius
656 2320 827 2404 exemplum
850 2341 982 2386 sursum.
1017 2341 1053 2385 ex
1069 2323 1205 2404 spondeo
1226 2331 1256 2385 et
1271 2321 1477 2405 pentasyllabo
1495 2325 1580 2386 cuius
1631 2360 1634 2372 ·

257 2426 389 2488 secunda
421 2425 521 2490 brevis
549 2429 603 2502 sit,
639 2425 766 2489 multum
793 2426 1058 2507 praeferebantur,
1095 2426 1123 2489 irl
1154 2435 1199 2488 εει
1228 2437 1290 2489 tres
1319 2427 1434 2507 primae
1463 2425 1579 2508 longae,
1671 2501 1675 2507 ,
1730 2510 1737 2523 ·

218 2549 245 2590 eo
259 2539 364 2610 quarta
390 2528 488 2592 brevis
512 2538 542 2592 et
564 2540 625 2592 tres
648 2527 771 2592 ultimae
795 2529 912 2610 longae,
935 2531 1020 2592 ouius
1044 2529 1215 2611 exemplum
1238 2547 1370 2592 sursum.

344 2631 422 2696 *Ex
446 2631 601 2715 trisyllabo
623 2635 709 2695 cuins
732 2633 830 2695 metlia
855 2632 954 2695 breuis
977 2635 1025 2705 sit,
1055 2634 1082 2694 irl
1108 2641 1153 2696 est
1176 2633 1298 2702 cretico,
1323 2642 1353 2695 et
1364 2633 1580 2717 pentasyllabo

258 2738 345 2800 cuius
367 2736 498 2799 secunda
523 2737 623 2800 breuis
646 2739 694 2808 sit,
724 2737 865 2799 instantia
889 2737 1152 2818 comprobaturus,
1177 2736 1208 2798 tt
1232 2745 1278 2799 est
1300 2756 1335 2799 es
1361 2739 1455 2818 prima
1479 2737 1578 2818 longa,

258 2842 390 2904 secontia
414 2840 507 2911 brevi,
537 2843 626 2903 tertia
650 2850 679 2903 et
701 2848 807 2923 quarto
832 2835 930 2920 longa,
960 2843 1062 2922 quinta
1094 2841 1176 2903 breui
1200 2851 1230 2902 ει
1252 2841 1350 2903 tribus
1380 2841 1492 2903 ultimis
1515 2844 1581 2904 lou·

258 2947 314 3025 gis,
339 2946 426 3006 cuius
449 2943 620 3025 exemplum
644 2962 763 3007 sursum
788 2943 859 3027 esti

219 3068 245 3108 eo
346 3049 389 3110 Ex
413 3047 514 3111 iambo
540 3057 568 3110 ot
591 3046 808 3129 pentasyllaba,
832 3049 917 3109 culus
938 3047 1015 3110 duae
1037 3051 1153 3128 primae
1170 3047 1276 3110 breves
1298 3051 1366 3118 sint,
1392 3058 1471 3110 rates
1496 3068 1581 3130 repa·

259 3151 414 3222 rabuntur,
446 3151 476 3214 itl
501 3147 608 3214 estex
632 3151 845 3233 prirnabrerl,
869 3150 1162 3235 secuntlalllouga
1193 3153 1279 3212 tertio
1309 3159 1339 3214 et
1368 3161 1473 3234 qrrarta
1500 3152 1582 3215 breri

259 3265 289 3318 et
312 3254 410 3318 tribus
434 3255 548 3318 ultimis
572 3254 679 3336 longis,
695 3258 791 3320 cuius
814 3255 983 3338 exemplum
1007 3272 1126 3316 sursunt
1150 3265 1205 3316 est.
1241 3275 1277 3316 ex
1301 3254 1400 3317 iambo
1424 3265 1453 3318 et
1477 3267 1581 3338 petua·

260 3357 374 3439 syllabo
409 3359 494 3421 culus
522 3358 653 3422 securula
686 3358 785 3422 breuis
814 3361 861 3431 sit,
898 3359 996 3421 bonus
1028 3358 1253 3428 consulebatur,
1287 3359 1316 3420 itl
1347 3368 1391 3419 est
1420 3379 1454 3420 es
1485 3363 1581 3441 prima

328 3617 473 3669 3Lsribns
492 3620 517 3668 A
538 3617 672 3668 Lateribus
691 3631 717 3674 ς.
742 3619 859 3681 fortasse
878 3617 973 3668 loureis
1045 3619 1162 3668 btrilurs
1183 3634 1271 3684 pacem
1293 3620 1492 3686 repromisit-
1523 3621 1582 3670 bet

261 3685 346 3753 longis
365 3702 414 3740 orn.
432 3701 460 3751 ς,
477 3688 540 3738 add.
559 3688 584 3737 A
685 3689 700 3738 7
720 3689 805 3754 ptimo
825 3688 873 3736 bot¹
893 3693 934 3738 est
953 3687 981 3736 L.
1002 3701 1052 3736 uun
1071 3701 1096 3736 et
1116 3687 1144 3738 B.
1164 3702 1214 3737 uun
1233 3699 1258 3738 et
1278 3686 1306 3737 t..
1327 3704 1375 3738 una
1396 3701 1420 3737 et
1441 3687 1467 3738 B.
1489 3705 1539 3738 urm
1558 3702 1583 3740 et

261 3755 289 3806 L.
311 3757 428 3812 tribune
455 3758 538 3822 primo
562 3757 596 3806 .i.
622 3756 701 3822 longa
726 3772 774 3806 uun
801 3771 825 3807 et
848 3759 918 3807 breui
945 3771 994 3806 rura
1018 3755 1096 3821 longo
1116 3772 1167 3806 urm
1186 3768 1210 3806 et
1229 3757 1308 3823 longa
1328 3774 1378 3807 unu
1398 3759 1467 3805 breui
1489 3775 1539 3807 rruu
1559 3771 1583 3807 er

261 3825 346 3890 longis
368 3827 448 3876 tribus
470 3827 493 3876 rt
580 3826 611 3875 17
630 3826 698 3875 dune
716 3839 904 3889 consequentes
925 3827 949 3876 A
974 3827 1041 3874 rlrrnc
1060 3839 1198 3889 sequentes
1218 3839 1234 3882 ς
1323 3829 1355 3877 19
1374 3827 1584 3893 prutel'erebnutur

262 3893 427 3958 Grrr‘rsnrrlr'rrs
447 3893 626 3961 praeferebant
645 3895 697 3949 Ας
784 3897 818 3946 '20
836 3908 861 3945 et
878 3905 939 3946 unte
959 3909 1010 3944 tres
1029 3911 1076 3944 ona.
1097 3907 1122 3952 ς,
1140 3897 1203 3945 urld.
1224 3897 1247 3946 Α
1336 3897 1368 3945 et
1390 3895 1428 3944 Ex
1448 3895 1581 3961 trisyllnbo

261 3966 333 4012 ruins
354 3965 438 4014 merliu
457 3965 543 4014 breuis
563 3963 596 4012 sit
615 3964 640 4012 iri
660 3977 699 4012 est
717 3964 811 4015 cretico
830 3974 855 4014 et
875 3963 1053 4030 pentnspllnbo
1072 3965 1146 4014 cuins
1166 3964 1282 4014 secrrrula
1301 3964 1388 4014 breuis
1407 3966 1441 4014 sit
1460 3966 1581 4016 instantia

260 4033 444 4098 comprobatur·
467 4033 493 4083 iel
517 4045 556 4083 est
574 4047 606 4082 ex
626 4034 709 4098 prima
734 4035 812 4097 iorrgn
836 4026 950 4082 ser-rnuln
974 4035 1044 4081 brein
1065 4033 1139 4082 nertin
1158 4033 1236 4099 longo
1256 4045 1347 4096 qunrtu
1367 4035 1436 4082 breui
1456 4046 1481 4083 er
1500 4035 1581 4082 tribus

262 4101 358 4151 ultimis
377 4102 464 4168 longis
482 4103 557 4152 curius
576 4101 723 4167 exemploru
744 4117 847 4151 sursum
867 4111 907 4152 εει
926 4103 950 4152 Α
978 4101 1015 4151 Ex
1035 4101 1168 4166 trisyllaba
1192 4103 1266 4151 onius
1287 4103 1369 4152 merlin
1390 4103 1474 4152 lsreuls
1493 4104 1528 4152 sit
1546 4105 1581 4156 .i.

261 4172 353 4222 cretico
373 4185 397 4222 et
416 4171 596 4238 petrtnspllabo
615 4171 688 4220 cuius
707 4171 823 4220 securunio
842 4171 913 4220 breui
933 4172 1007 4220 tertio
1026 4183 1050 4222 et
1068 4183 1159 4234 qrrnrtn
1180 4171 1266 4236 lnugis
1285 4174 1375 4237 quinta
1391 4173 1442 4220 bre.
1462 4179 1488 4220 'et
1501 4173 1581 4222 tribus

263 4239 358 4291 ultimis
378 4238 405 4296 L.
424 4241 572 4308 exemplum
592 4255 705 4290 sursnm.
726 4239 731 4303 Ι
754 4239 791 4290 Ex
815 4240 948 4304 trispllubo
972 4241 1046 4289 ctrins
1065 4241 1151 4290 merliu
1171 4239 1198 4289 B.
1219 4243 1253 4290 sit
1273 4243 1310 4291 .i.
1331 4241 1428 4289 cretico
1448 4252 1473 4289 et
1491 4255 1581 4306 penta·

262 4309 360 4373 syllnbo
384 4312 458 4360 culus
481 4309 596 4360 secuuntln
617 4310 703 4359 breuis
726 4310 761 4358 sit
785 4309 910 4359 insonus
933 4309 1117 4375 comprobatur
1140 4311 1176 4363 .i.
1201 4325 1233 4359 ex
1258 4311 1341 4376 prluut
1367 4307 1395 4358 L.
1419 4311 1532 4360 secundo
1553 4310 1579 4360 B.

263 4379 334 4428 tertin
348 4377 376 4428 L.
395 4391 488 4442 quartu
502 4378 530 4432 B.
551 4391 575 4428 et
594 4379 675 4428 tribus
696 4377 792 4428 ultimis
812 4375 841 4428 L.
861 4379 935 4428 culus
955 4377 1102 4443 exemplum
1128 4393 1207 4444 supr-u
1226 4392 1251 4434 ς.
1274 4395 1306 4430 ea
1329 4395 1396 4445 quoe
1419 4381 1501 4444 primo
1525 4381 1581 4430 loco

263 4449 287 4496 in
305 4449 425 4514 principe
443 4449 555 4499 editione
573 4451 665 4500 amireo
684 4449 801 4512 exemplo
819 4463 874 4497 enm
891 4456 969 4512 porte
988 4449 1145 4510 definitionis
1157 4448 1274 4500 eaeltibitn
1286 4455 1345 4498 runt
1357 4464 1392 4496 ex
1405 4450 1581 4498 emendatione

263 4530 348 4567 corten
371 4532 437 4583 parce
460 4517 554 4568 &inde
575 4523 717 4584 requeratur
740 4523 800 4567 orta
823 4531 881 4567 erse
902 4519 1029 4576 nictentur.
1056 4518 1105 4566 reri
1122 4517 1290 4568 desideratur
1306 4523 1448 4582 praetereo
1467 4518 1581 4580 definitio

264 4587 452 4650 compositionis
471 4602 506 4637 erc
524 4588 621 4638 cretico
639 4593 664 4637 el
682 4585 872 4650 pentcmpllabo,
895 4587 966 4636 errius
989 4585 1057 4634 dorne
1078 4588 1180 4650 primae
1198 4586 1288 4636 brenen
1305 4587 1366 4645 sint,
1382 4587 1481 4648 suetae.
1501 4603 1581 4652 parare

264 4657 379 4706 lrrcurrnrrt
396 4656 509 4706 indicavi
577 4656 611 4705 st
631 4667 655 4704 et
674 4665 726 4704 tres
745 4653 849 4702 ultimae
869 4653 908 4703 Ex
927 4655 1013 4702 iambo
1032 4665 1057 4702 et
1076 4655 1256 4719 perruspttnbo
1276 4656 1349 4704 cuius
1369 4653 1481 4704 secundo
1496 4657 1581 4705 breuis

264 4723 298 4772 sit
316 4723 399 4774 bouus
418 4723 600 4774 consulebatur
619 4726 652 4774 .i.
672 4725 754 4791 priuin
775 4723 845 4771 breui
865 4738 889 4771 er
909 4722 927 4772 ll
947 4723 1027 4788 ionga
1046 4735 1069 4771 et
1089 4724 1162 4772 tertio
1181 4733 1272 4785 qrrortn
1291 4738 1352 4772 uero
1372 4724 1443 4772 breui
1457 4735 1481 4773 et
1500 4725 1581 4772 tribus

194 4789 197 4793 ’
264 4789 359 4842 ultimis
379 4794 465 4859 longis
483 4795 558 4842 cuins
577 4794 724 4859 exemploru
744 4807 847 4841 sursum
867 4803 906 4841 est
920 4793 943 4840 A
963 4804 987 4840 et
1006 4805 1056 4840 tres
1076 4791 1180 4840 ultimae
1201 4791 1227 4844 L.
1249 4791 1336 4840 Bnrrus
1355 4791 1545 4843 consulebatur.
1562 4791 1567 4855 l

266 4857 303 4908 Ex
326 4863 413 4911 inorbo
438 4862 615 4928 perrtuspllabo
640 4863 713 4911 tertius
739 4859 855 4910 secunda
874 4860 902 4912 B.
922 4861 957 4910 sit
980 4863 1062 4927 prima
1086 4873 1109 4910 et
1134 4861 1245 4910 seoruuln
1266 4874 1289 4910 et
1309 4862 1381 4910 nertin
1402 4859 1429 4910 L.
1449 4875 1472 4911 et
1491 4876 1582 4926 ‹prrartu

267 4926 293 4978 Β.
313 4940 337 4979 ει
356 4933 437 4978 tribus
457 4933 553 4979 ultimis
574 4931 602 4981 l..
623 4930 703 4980 Cuius
723 4929 869 4996 exeruplum
890 4945 968 4996 supro
989 4943 1005 4986 ς
1381 4927 1384 4934 ’
