3866 5562
282 315 412 402 'oto
507 358 510 362 ·
667 369 671 374 .
766 347 871 400 nosen
893 350 1015 402 enonn
1039 302 1260 402 sacrandus

277 475 278 478 ,
347 439 475 490 ama
1451 437 1672 488 'nmfflffi

347 537 380 589 ut
402 531 443 590 stt
464 529 664 609 compositum
680 545 717 590 es
740 528 997 610 proceleumatico
1012 536 1042 590 et
1057 525 1224 609 pariamho,
1244 524 1256 610 ss
1273 521 1532 610 ἑλικοβλέφαρε,
1557 526 1671 591 ‘colere

295 629 299 634 ’
347 631 515 712 Cererenr’.
558 631 769 695 commiscetur
793 642 892 696 autern
916 631 988 694 huic
1010 639 1109 694 metro
1132 641 1162 694 et
1184 629 1404 694 ditrochaeus*
1424 638 1457 692 et
1480 630 1593 704 chorio,
1617 631 1670 694 sed
1701 679 1705 686 .
1773 637 1790 657 '·

163 703 169 710 ⁶
222 723 233 799 ’,
346 731 515 816 tribrachy,
537 731 544 819 Ι
563 730 804 814 καλλικέλαδε,
832 738 1086 816 ‘erma-gerenda
1116 743 1147 798 et
1168 756 1186 800 a
1210 733 1333 807 chorio,
1362 732 1415 802 sed
1441 732 1610 815 tribrachp,
1642 743 1672 797 et
1732 799 1735 802 .

312 825 314 835 '
346 835 505 906 trochaeo.
537 833 788 920 pelopopsvcda*
809 836 927 923 “tabula
955 842 1060 902 lecta’:
1089 837 1142 901 sed
1172 837 1313 902 omnibns
1341 835 1478 920 pedibus
1500 847 1669 920 temporum

346 957 409 1001 sex.
443 942 534 1004 tinem
558 949 659 1030 nmen
680 941 775 1005 babet
804 952 856 1005 aut
878 944 909 1006 in
932 942 1101 1025 spondeum
1130 950 1180 1004 aut
1204 945 1236 1004 in
1260 941 1447 1010 nemaeum,
1478 941 1558 1023 quod
1581 943 1695 1004 edema

272 1050 279 1062 “
346 1042 504 1106 sotadeum
527 1053 660 1108 metrum
676 1046 861 1119 dicitur,'de
884 1063 944 1126 quo
960 1043 1017 1108 sub
1040 1043 1188 1125 exemptis
1209 1052 1314 1128 postea
1331 1043 1539 1108 monuimus
1578 1045 1670 1107 inter·

135 1129 138 1136 ’
177 1130 180 1134 ’
268 1201 270 1206 .
345 1142 416 1207 dum
442 1155 471 1208 et
495 1144 642 1212 molossos
665 1167 771 1213 omnes
793 1147 900 1212 habet:
931 1148 1011 1212 unde
1036 1159 1065 1211 et
1089 1146 1282 1211 molossieum
1313 1157 1443 1212 metrum
1466 1147 1524 1210 hoe
1547 1148 1670 1211 dicitur.

339 1243 415 1310 'nam
437 1250 536 1330 prima
553 1247 643 1332 longa
659 1249 783 1314 molossi
805 1249 904 1315 solute
922 1251 994 1314 iacit
1010 1253 1141 1315 ionicum
1159 1254 1318 1323 minorem,
1336 1252 1497 1314 norissima
1514 1252 1668 1323 maiorem,

499 1353 672 1418 Maeccnem
695 1355 823 1418 Romani
846 1357 986 1418 iecerunt
1009 1345 1162 1417 scammum
1441 1433 1447 1439 .

347 1453 392 1516 rei
416 1457 560 1528 ‘summi’,
584 1459 726 1538 quoniam
750 1458 895 1522 cataieuis
913 1456 955 1541 [id
980 1467 1026 1520 est
1048 1455 1130 1540 tinia]
1148 1458 1239 1520 ionici
1262 1467 1314 1521 aut
1330 1455 1474 1521 trochaeo
1492 1459 1708 1520 terminatur¹⁰

253 1645 255 1648 Ι
345 1558 555 1638 autepondeo.
593 1570 665 1623 sunt
680 1571 780 1624 autem
797 1563 894 1626 ionica
910 1561 1171 1625 metreemaiore
1188 1561 1310 1640 quidem
1327 1550 1445 1630 actosa
1462 1565 1580 1624 minore
1597 1561 1668 1623 duo.

432 1659 475 1724 De
498 1662 629 1725 dimetro
653 1664 915 1746 brachycatalecto
942 1664 1031 1728 clodo
1059 1664 1255 1747 bippouactio
1283 1667 1386 1727 ionico
1413 1665 1535 1728 maiore.
1589 1664 1668 1726 loni·

268 1789 272 1794 ·
344 1781 413 1827 oum
435 1765 533 1828 maius
555 1765 717 1830 dimetrum
742 1766 1035 1852 brachyoaltaiectum
1062 1765 1183 1831 clodum
1213 1766 1441 1849 hippouactium
1465 1767 1497 1829 ur
1525 1768 1667 1847 spondeo,

204 1893 210 1899 ·
342 1867 444 1930 iambo
468 1871 498 1930 et
519 1886 578 1932 una
603 1868 725 1951 syllaba,
750 1871 817 1933 ideo
842 1870 1137 1954 brachycatalectnm
1162 1869 1292 1942 ciodurrr,
1317 1881 1350 1934 ut

141 1975 143 1982 “
196 1981 199 1988 ’
230 1959 231 1962 “
344 2019 346 2022 .
459 2020 465 2027 .
500 1968 885 2062 ΠΙΕΕΕΝΗΤΛΕΑΝΤΗ(
1373 2033 1380 2038 .
1426 1975 1431 1983 ’
1508 2003 1512 2010 ·
1680 1982 1706 2022 ¹⁵

198 2081 203 2088 '
498 2071 582 2139 recte
606 2074 758 2160 dederet!
874 2146 879 2154 ,
1157 2100 1161 2104 ·

429 2175 473 2240 be
507 2176 638 2254 dimetro
672 2179 837 2243 acatalecto
871 2180 1058 2244 cieomachio
1093 2180 1192 2242 ionico
1227 2182 1351 2242 maiore.
1405 2179 1538 2241 lotricum
1566 2179 1668 2240 nasius

343 2281 508 2360 dimetrum
531 2283 732 2346 acataleotum
756 2277 972 2348 cleomechium
997 2285 1028 2346 iit
1051 2284 1150 2345 ionico
1173 2283 1288 2344 maiore
1311 2291 1342 2345 et
1364 2281 1552 2352 ditrochaeo,

499 2403 556 2448 uec
579 2374 666 2480 prata
688 2388 826 2466 rigantur
849 2405 949 2450 amne.
1329 2392 1334 2402 “
1447 2461 1452 2470 ,
1660 2460 1663 2466 ,

431 2487 472 2549 ne
508 2489 646 2552 trimetro
680 2487 941 2572 brachycatalecto
979 2491 1082 2553 ionico
1113 2491 1226 2554 maiore
1260 2487 1465 2571 itirypheltico.
1526 2488 1663 2551 lonicum
1679 2498 1706 2538 2⁰

249 2579 250 2582 '
283 2573 295 2619 '·
342 2589 636 2670 brachycateieotum
660 2595 833 2658 trimetrum
857 2591 1085 2676 ithyphaiiioum
1113 2594 1146 2655 tit
1168 2592 1273 2675 bippio
1304 2595 1411 2664 tertio,
1441 2591 1616 2655 ditrochaeo
1638 2601 1668 2652 et

342 2693 485 2756 trochaeo
510 2693 555 2756 ret
578 2697 725 2777 spondeo,

414 2990 427 3038 1
448 2977 658 3056 ἑλικοβλέφαρε
669 3006 689 3056 p
701 2982 983 3048 ΕΛΙΚΟΕΤΙΗΤὸΛΗ
999 2993 1023 3042 Α
1035 2982 1325 3049 ΕΛΥΚΟΕΠΗΤΛὰΗ
1340 2991 1371 3044 Β.
1389 3007 1423 3041 aa
1437 2980 1666 3054 ἕλικοπλόκαμελ

395 3069 479 3125 coiere
495 3067 619 3141 p'oolor'e
638 3075 691 3129 AB
710 3075 788 3127 colite
806 3071 828 3127 0
914 3078 929 3126 2
948 3089 973 3126 et
991 3077 1123 3128 ditrocheo
1142 3091 1168 3128 et
1185 3076 1276 3128 chorio
1295 3076 1341 3128 sed
1361 3074 1482 3126 tribrachi
1503 3065 1666 3130 abddita-
1769 3075 1781 3084 '

260 3145 268 3156 ’
342 3151 408 3216 ddi-i
428 3173 502 3210 arma
519 3175 609 3227 gerere
628 3173 653 3212 et
671 3177 685 3214 a
704 3159 795 3214 chorio
814 3161 860 3214 sed
880 3161 1001 3214 tribrachi
1016 3172 1040 3214 et
1059 3161 1162 3214 trocheo
1181 3154 1440 3218 ΦΙΛΟΚΧΟΡΕΙΤὰ
1457 3159 1557 3211 Tabula
1574 3160 1623 3211 tera
1642 3162 1665 3209 Α

217 3237 218 3242 ’
308 3281 313 3286 -
342 3257 368 3297 et
385 3244 580 3298 ditrochaeo'et
597 3246 687 3299 chorio
707 3248 753 3300 sed
772 3249 854 3299 tribus
873 3247 1103 3302 hrachioataleotis.
1134 3245 1226 3300 ΛΛΔΕ
1245 3263 1316 3300 arma
1336 3264 1426 3317 gerere
1439 3259 1463 3298 et
1481 3261 1497 3296 a
1515 3246 1609 3298 eboreo
1621 3243 1666 3296 sed

341 3331 465 3382 tribrachi
483 3343 509 3383 et
531 3333 653 3385 trochaeo
673 3325 956 3392 ΦΙὰΟΚΟΛΟΡΕΙΤὰ
975 3335 1062 3385 inbuta
1085 3335 1149 3386 lecta
1170 3332 1194 3384 B
1218 3345 1244 3385 et
1265 3334 1375 3385 ditroob.
1399 3344 1423 3385 et
1445 3333 1550 3384 chorius
1574 3343 1599 3384 et
1622 3333 1665 3382 tri·

342 3416 445 3469 brachis
465 3429 493 3470 ut
510 3433 584 3470 arma
607 3435 705 3486 gerere.
747 3432 771 3470 et
790 3419 925 3471 tribrachis
950 3431 974 3472 et
996 3419 1116 3472 trocheus
1141 3430 1168 3471 ut
1185 3419 1283 3471 Tabula
1301 3419 1366 3472 iecra
1385 3421 1405 3472 C
1428 3431 1453 3470 et
1475 3417 1626 3470 ditrochaeo
1644 3427 1668 3468 et

341 3502 441 3566 chorio,
461 3505 508 3556 sod
527 3505 671 3572 tribrachy,
697 3497 804 3567 κᾶλλος
823 3497 946 3574 ἄμαχον.
983 3509 1064 3558 Arma
1086 3509 1186 3574 gerere.
1223 3505 1402 3566 erachario,
1426 3505 1473 3556 sed
1496 3505 1624 3570 tribrachp·
1643 3517 1666 3554 et
1706 3557 1709 3560 .

286 3631 289 3635 .
344 3589 478 3656 trochaeo,
497 3585 695 3658 φιλοχοοεύτα
714 3591 811 3644 Fabula
829 3593 895 3645 taeta
912 3611 940 3660 p.
960 3597 1104 3660 exempturo
1122 3593 1269 3645 ditrochaei
1285 3609 1336 3658 pro
1345 3592 1439 3643 'ionico
1449 3593 1533 3658 positi
1550 3608 1566 3644 o
1582 3607 1666 3655 prom

242 3703 243 3707 =
342 3679 435 3729 motion
454 3679 573 3730 emtarum
592 3693 649 3730 esre
665 3693 758 3746 possem
779 3679 916 3746 probabile
940 3687 989 3730 est.
1026 3695 1108 3746 quare
1131 3682 1247 3730 treunam
1265 3679 1390 3730 'indicant
1424 3679 1527 3744 ratique
1550 3677 1588 3726 r'ta
1608 3675 1666 3738 fere

341 3766 446 3815 restitut·
455 3771 572 3830 possunt,
591 3766 759 3833 componitur
776 3767 855 3816 etiam
874 3780 889 3815 a
908 3765 1030 3817 trochaeo
1048 3775 1073 3816 et
1091 3764 1187 3826 chorio,
1208 3765 1288 3815 idest
1305 3762 1438 3827 tribrachy
1450 3787 1484 3799 ·-
1497 3773 1523 3812 et
1540 3759 1665 3816 acherio,

341 3849 369 3900 id
387 3861 427 3900 est
445 3850 586 3916 tribrachp‚
604 3861 629 3902 et
647 3851 778 3904 trochaeo.
815 3867 873 3903 noar
891 3851 1018 3914 chorium,
1043 3866 1093 3918 quo
1116 3852 1216 3902 nomae
1235 3850 1382 3902 trochaeum
1400 3849 1433 3901 ab
1456 3849 1514 3900 aliis
1537 3847 1668 3913 appellari

340 3937 435 3988 dictum
453 3942 492 3987 eat
509 3951 592 4000 supro
607 3939 710 4003 pam,
725 3941 766 3998 15,
783 3937 941 3989 tribrachum
959 3939 1060 3989 dixisse
1078 3937 1181 3989 ridetur
1195 3937 1378 4004 permetiens
1447 3933 1537 3985 chorio
1556 3947 1607 3988 seu¹
1622 3931 1664 3980 tri-

340 4023 439 4088 braohp
459 4029 569 4090 retroque
587 4025 643 4076 loeo
655 4022 803 4074 ,Serenae
821 4024 848 4074 ira
871 4023 976 4074 Terent.
996 4023 1085 4078 ⁴iterare.
1104 4040 1131 4090 p.
1151 4027 1187 4074 73
1257 4021 1514 4091 speciensem
1589 4021 1664 4070 haut

340 4107 490 4160 trochaeum
510 4107 535 4158 B
627 4109 710 4160 bsub
731 4108 860 4176 exemptis
879 4107 932 4160 Bc
950 4109 999 4158 sub
1019 4109 1138 4176 exempto
1156 4109 1202 4174 ps
1297 4106 1448 4159 'tmoiosus
1468 4104 1597 4156 omnis-A

283 4235 286 4243 .
340 4194 501 4246 dmioenam
519 4191 546 4243 B
618 4195 650 4246 13
668 4193 697 4245 ilt
715 4196 834 4263 spondeo
853 4194 957 4245 clodum
976 4191 1085 4263 (spond.
1105 4193 1180 4245 clodo
1200 4192 1236 4259 B)
1257 4205 1281 4244 et
1300 4209 1351 4245 una
1369 4193 1468 4260 syllaba
1486 4193 1546 4243 ideo
1565 4189 1663 4240 brachi·

293 4307 297 4318 ·
339 4280 492 4332 catalectum
511 4291 540 4331 ut
553 4278 654 4347 ABCp.
678 4279 847 4348 despondeo,
868 4280 953 4348 iambo
973 4291 999 4331 et
1017 4293 1069 4332 una
1081 4280 1181 4346 syllaba
1193 4282 1297 4347 scripsi,
1315 4281 1420 4332 latinum
1432 4279 1583 4345 exemptum,
1598 4277 1666 4344 qaod

280 4387 287 4396 ·
339 4367 477 4420 subiectum
496 4374 543 4426 eat,
561 4373 674 4430 secutae,
693 4371 980 4436 quamquamtaoeraua
998 4383 1049 4420 non
1061 4376 1134 4420 reete
1152 4367 1393 4432 brachycatalectico
1405 4367 1514 4418 dieitur:
1539 4363 1663 4427 ef.Seru.
1725 4393 1731 4400 ·

340 4455 373 4506 de
391 4463 457 4506 cent.
476 4461 549 4509 metr.
567 4469 593 4518 p.
608 4455 697 4509 todo
716 4452 914 4521 hipponaotiuna
934 4463 1038 4505 constat
1053 4455 1163 4506 dimetro
1182 4451 1412 4518 brachycatalecto,
1431 4465 1459 4504 ut
1477 4465 1517 4504 est
1535 4450 1592 4511 hoo,
1609 4447 1664 4516 pai·

339 4555 406 4592 marn
426 4541 585 4608 caperictor
657 4533 1090 4597 1otttccertrtrhcorttrtcu
1110 4531 1462 4606 UlCHNrUdCdNTNEB
1482 4535 1579 4604 Πίοην
1593 4525 1663 4601 παρ’

222 4669 229 4676 .
340 4618 434 4694 αὐτήν
452 4625 599 4678 ritetaelrr'ua
615 4633 688 4692 poet.
713 4627 845 4684 ebotionrb.
863 4646 890 4696 p.
911 4629 979 4689 tat,
1003 4626 1112 4680 utores
1134 4621 1281 4688 adrosere
1300 4635 1343 4680 tea
1362 4625 1447 4678 Brinlr
1468 4625 1562 4681 Paitoi,
1580 4643 1603 4678 a.
1624 4623 1664 4674 Vl

340 4713 572 4780 (a.18o'1)p..38
644 4713 675 4764 ts
694 4712 881 4766 oieumachinm
895 4715 971 4768 Aoo
1006 4713 1293 4772 ,etdimetrocbeoB
1363 4713 1398 4764 λθ
1415 4703 1664 4763 tinibuust'ffli-

338 4799 459 4852 t‘ALlGO
480 4801 514 4854 A*
524 4803 622 4852 maiore
640 4812 665 4852 et
683 4799 851 4868 ithyphaitioo
869 4819 888 4868 p
979 4804 1010 4854 st
1032 4803 1174 4852 trimetrum
1193 4783 1375 4868 hithtpatierrm
1393 4798 1418 4849 B
1436 4799 1579 4849 trimetrum
1598 4797 1667 4864 pett'
1857 4789 1862 4796 '

390 4886 541 4939 ditrochaeo
562 4888 583 4938 B
607 4899 632 4940 et
649 4886 800 4939 ditrochaeo
816 4888 894 4955 pAC.
