3850 5560
719 379 769 430 nn
791 380 923 433 uernis
947 380 975 430 11
999 348 1145 431 1'-11ne
1182 452 1185 458 1
1323 361 1325 366 ’
1531 369 1622 436 589-

735 473 737 478 “
1414 473 1556 524 ιιδδῦ-ὁθῗ
1569 473 1599 517 u.

272 558 368 638 ceptis
391 559 501 620 metris
520 566 602 629 octo,
628 577 704 639 quae
726 567 798 622 sunt
820 579 836 621 a
860 559 949 621 nohis
973 570 1160 632 enumerate,
1185 550 1301 624 nullum
1325 559 1416 633 aliud,
1441 563 1559 625 etiamsi
1582 580 1598 624 a

272 679 423 742 quoquam
447 663 525 724 certi
548 681 582 725 ao
606 661 722 726 definiti
744 664 837 742 pedes
860 662 1076 734 attribuantur,
1101 675 1151 726 aut
1175 683 1240 726 earn
1257 667 1396 746 quaesit
1418 665 1509 746 digna
1533 683 1598 728 car·

164 773 166 778 '
272 765 354 826 mine
377 765 553 828 suavitatem
569 765 744 854 habitururn
760 777 814 828 ortt
838 767 962 828 omnino
979 776 1109 828 metrum
1133 787 1201 830 esse
1218 766 1390 830 dicendum.
1430 767 1597 847 quodcum

225 871 227 878 '
272 868 384 940 itasit‚
409 867 543 949 deipsis
571 869 630 930 iarn
660 868 789 950 pedibus
812 888 827 931 a
852 867 939 932 nobis
968 868 1181 932 disserendum
1212 878 1270 938 est,
1301 878 1335 931 nt
1362 873 1470 948 quibus
1498 869 1599 934 nullus

244 972 396 1033 somnino
427 970 466 1033 ad
495 969 624 1053 aliquod
647 981 779 1034 metrum
803 984 912 1054 ¹pateat
939 989 1092 1044 accessus,
1123 975 1175 1053 qul
1204 955 1356 1035 interdum
1390 973 1603 1046 admittantur,

272 1076 323 1157 qui
352 1077 428 1153 sual
449 1075 477 1135 vl
509 1087 599 1157 atque
628 1084 735 1138 nettrrs
765 1084 935 1138 metrorum
963 1075 1111 1138 rationem
1142 1074 1297 1157 expleant,
1327 1074 1425 1157 palam
1455 1076 1599 1140 omnihus

271 1175 521 1259 perspiciendum
545 1181 773 1240 constituamus.
820 1187 890 1240 sunt
912 1180 1006 1258 igitur
1029 1180 1150 1259 penitus
1173 1178 1354 1260 repudiandi
1376 1177 1526 1263 longeque
1549 1199 1598 1243 re·

271 1281 410 1342 morendi
433 1297 474 1343 ex
497 1282 656 1358 disyllabis
672 1283 873 1361 pyrrichius:
898 1299 933 1342 ex
958 1280 1120 1364 trisyllabis
1135 1287 1293 1351 molossus,
1319 1283 1509 1364 tribrachys,
1534 1301 1597 1346 am·
1681 1267 1709 1336 ,⁴

272 1383 466 1464 phibrachys,
491 1383 727 1464 amphimacrus,
751 1385 906 1461 occentus,
932 1383 1185 1466 palimbacchius:
1209 1404 1246 1446 ex
1269 1385 1503 1468 quadrisyllabis
1527 1405 1597 1473 pro·
1684 1435 1687 1442 .

232 1502 258 1542 10
272 1475 499 1569 celeumaticus,
523 1487 710 1569 dispondius,
735 1487 897 1560 diiambus,
915 1488 1120 1570 ditrochaeus,
1144 1505 1275 1568 paeones
1291 1507 1456 1574 omnesque
1473 1493 1598 1573 epitriti.

272 1608 308 1651 ex
333 1609 392 1680 quo
416 1603 542 1671 apparet
565 1582 702 1654 octo'his
726 1595 840 1662 ntetris,
871 1591 1043 1670 dequibus
1067 1602 1114 1654 est
1136 1591 1267 1664 dictum,
1297 1611 1404 1655 norem
1433 1594 1528 1674 pedes
1556 1597 1597 1658 ita

271 1692 445 1764 attributos,
469 1705 502 1756 ut
525 1712 631 1757 eorum
656 1697 821 1777 praecipue
843 1697 923 1756 inter
938 1713 972 1757 se
995 1697 1211 1760 coniunctione
1234 1697 1485 1779 uniuscuiusque
1508 1701 1597 1761 metri

271 1799 315 1860 ris
338 1800 538 1861 contineatur.
584 1799 783 1880 quiquidem
808 1798 901 1879 pedes
923 1798 960 1860 hi-
976 1807 1057 1870 sunt
1085 1799 1239 1879 spondius,
1271 1781 1398 1872 iambus,
1424 1802 1595 1872 trochaeus,

136 1903 158 1923 '
272 1897 475 1983 [pyrrichius]
493 1899 639 1982 dactylus,
656 1909 846 1980 anapaestus,
864 1901 1067 1973 choriambus,
1085 1903 1276 1985 antispastus,
1300 1905 1416 1966 ionicus
1438 1906 1595 1975 amalore,

178 2047 181 2054 ·
231 2005 431 2068 aionicusa
459 2005 587 2086 minore.
639 2003 866 2085 amphimacrus
894 2015 924 2066 et
954 2004 1098 2068 bacchius
1125 2007 1295 2077 rarissime,
1327 2004 1495 2089 tribrachys
1524 2027 1595 2071 tero
1653 2031 1655 2036 ·

271 2104 425 2188 aliquanto
456 2107 657 2188 frequentius,
685 2109 738 2168 sed
763 2110 934 2186 precarium
958 2109 1053 2189 magis
1076 2125 1165 2188 quam
1190 2111 1394 2172 necessarium
1428 2111 1459 2170 in
1489 2114 1596 2174 metris

270 2211 370 2272 locum
395 2209 542 2273 obtinent.
575 2201 641 2272 'sad
665 2213 808 2291 quoniam
831 2201 870 2272 de
893 2209 1017 2292 syllabis
1040 2231 1075 2274 ac
1098 2211 1225 2293 pedibus
1248 2210 1368 2300 abunde
1400 2212 1513 2275 dictum
1538 2222 1619 2282 est,·

271 2313 308 2376 ad
331 2313 427 2395 ipsam
453 2323 620 2376 metrorum
647 2313 936 2377 demonstrationem
960 2315 1247 2396 distinctionemque
1272 2315 1463 2397 veniamus!

712 2502 918 2570 babtismo
942 2502 1154 2594 unerrttuo

230 2638 258 2680 so
357 2623 488 2687 ldetrum
512 2615 691 2707 dactylicum
707 2622 915 2710 hexametrum
938 2621 1095 2688 inventum
1117 2626 1269 2705 primitus
1283 2625 1320 2687 ah
1343 2622 1467 2706 Orpheo
1483 2623 1594 2689 Critias

270 2726 395 2812 adserit,
420 2727 611 2792 Democritus
635 2747 650 2788 a
675 2725 806 2799 llusaeo,
831 2727 975 2790 Persinus
997 2747 1012 2789 a
1038 2727 1122 2806 Lino,
1146 2726 1288 2808 permulti
1312 2727 1350 2788 ab
1374 2727 1517 2799 Homero,
1541 2731 1593 2810 qui
1656 2784 1664 2800 ,

270 2827 424 2913 prolectn',
454 2850 523 2894 curn
553 2817 679 2894 heroum
708 2833 788 2895 lacta
817 2833 952 2894 carmine
980 2849 1035 2893 suo
1063 2827 1346 2911 explicare-vellet,
1375 2831 1463 2892 metri
1494 2829 1591 2903 huius,
1681 2875 1685 2883 .

216 2927 220 2935 ’
270 2934 350 3015 quod
374 2937 487 2996 ceteris
501 2934 646 2997 omnihus
669 2934 758 3015 longe
774 2933 930 3016 pulchrius
953 2933 1122 3013 celsiusque
1138 2935 1200 3003 est,
1218 2942 1269 2996 aut
1285 2943 1425 3014 repertor
1440 2945 1493 2996 aut
1509 2944 1592 2997 carte

270 3035 453 3118 adprobator
476 3039 542 3099 init.
588 3047 708 3100 constat
729 3047 830 3101 antem
854 3047 982 3101 metrum
1000 3035 1178 3118 dactylicum
1202 3034 1411 3098 hexametrum
1435 3037 1591 3100 heroicum

228 3151 305 3202 fler
330 3140 448 3224 dactylo
472 3151 502 3202 et
523 3139 652 3222 spondio
682 3139 727 3202 rel
752 3141 910 3213 trochaeo,
940 3143 981 3203 ita
1011 3149 1044 3202 ut
1067 3141 1194 3221 recipIst
1215 3139 1375 3220 spondium
1400 3137 1472 3201 locis
1494 3143 1592 3202 omni·

270 3244 337 3316 bus,
361 3242 512 3325 dactylum
536 3243 610 3306 locis
626 3245 767 3307 omnibus
789 3253 911 3325 praeter
927 3242 1078 3314 ultimum,
1103 3241 1280 3306 trochaeum
1306 3259 1375 3305 vero
1391 3241 1458 3304 loco
1475 3251 1589 3306 tanturn

271 3346 388 3410 ultimo.
433 3346 522 3410 huius
545 3345 717 3427 exemplum
1398 3348 1403 3355 '
1648 3341 1652 3348 ’

340 3539 372 3588 ta
391 3535 435 3586 nu
450 3535 562 3588 stanno
577 3535 768 3589 nacrrntco
782 3515 877 3589 rurae
890 3540 924 3589 rs
994 3539 1028 3589 as
1045 3537 1115 3600 quoa
1129 3535 1220 3587 aaran
1233 3561 1267 3572 -
1279 3537 1313 3586 ar
1327 3534 1416 3586 ultimo
1431 3535 1507 3588 aera
1520 3539 1591 3588 caes

338 3711 434 3763 esent
454 3726 483 3761 ac
502 3709 600 3772 deliniti
619 3709 649 3760 ΙΙ
667 3712 729 3761 corti
744 3692 792 3762 'eut
811 3709 910 3761 deliniti
923 3709 970 3762 ΡΑ
1040 3708 1120 3775 digni
1139 3708 1253 3759 carmine
1266 3709 1291 3759 P
1307 3707 1413 3773 diguam
1433 3709 1591 3761 carminisA
1700 3731 1701 3734 ¹

338 3801 417 3850 daut
434 3805 494 3848 ante
514 3799 619 3847 omnino
637 3813 686 3848 om.
704 3797 759 3860 ΡΑ,
779 3797 840 3848 adri.
859 3796 888 3846 H
991 3798 1008 3847 4
1027 3808 1054 3846 ut
1072 3795 1166 3858 quihus
1186 3792 1272 3846 nullus
1296 3796 1404 3844 omnino
1426 3794 1459 3844 sd
1483 3791 1590 3866 nli'qncd

269 3887 379 3936 mc'trnm
398 3897 485 3952 pareat
503 3897 626 3934 scematis
645 3883 690 3948 qui
713 3881 841 3933 interdum
860 3881 891 3932 Η
913 3893 941 3932 ut
959 3881 1044 3932 nullus
1068 3881 1174 3932 omnino
1192 3883 1225 3930 sd
1250 3879 1356 3944 aliquod
1380 3875 1425 3943 (sd
1447 3879 1535 3942 aliquo
1555 3876 1589 3948 Ρ)

269 3985 377 4022 metrum
398 3965 484 4037 pate'at
501 3983 623 4020 accessus
642 3968 737 4032 quibus
756 3967 884 4019 interdurn
903 3967 950 4020 ΡΑ
1024 3969 1040 4018 6
1058 3982 1106 4018 sue
1125 3961 1164 4034 ui]
1184 3968 1276 4017 suauis
1295 3969 1318 4018 A
1393 3966 1408 4014 'l
1426 3966 1589 4031 perspicien-

267 4058 330 4108 dum
349 4055 514 4108 Ruhnkeniur
531 4054 743 4122 prespicieudum
762 4053 808 4106 ΡΑ
826 4054 1017 4121 respiciendum
1036 4053 1094 4109 cod.
1114 4051 1204 4103 aaut.
1283 4049 1435 4102 remouendi
1454 4065 1486 4099 ex
1505 4050 1590 4116 trisyl·
1683 4083 1688 4094 .

266 4141 334 4194 labia
361 4143 494 4194 molossus
521 4140 730 4209 amplrybrschys
758 4139 952 4206 amphimacrus
977 4121 1163 4206 pslimboclrius
1187 4153 1220 4188 ex
1246 4135 1440 4202 quatrisyllabls
1466 4136 1524 4190 ΡΑ.
1553 4153 1589 4188 erc

161 4277 169 4286 ,
267 4227 377 4295 pedibus
394 4230 484 4294 ripintt'
501 4237 526 4280 et
544 4235 603 4280 octo
621 4231 647 4278 t'rr
666 4228 754 4278 memb
772 4227 996 4291 novemprobator
1014 4241 1071 4277 erre
1089 4225 1166 4276 coluit
1185 4223 1299 4278 Mallius.
1329 4225 1417 4290 itaque
1434 4237 1489 4273 ciart
1506 4225 1588 4274 unde-
1667 4289 1673 4300 ῃ

268 4316 358 4380 triplari
375 4314 464 4379 perier,
483 4319 528 4381 qut·
543 4313 759 4380 improbarenrrm,
778 4313 899 4364 hocloco
917 4313 1032 4378 ponendi
1048 4317 1148 4370 errem,
1172 4325 1208 4361 erc
1226 4309 1360 4376 disyllabis
1377 4309 1533 4374 pyrrichius,
1553 4325 1589 4361 ea·

269 4399 412 4466 trisyllabis
429 4399 576 4466 tribrachys
594 4407 620 4450 et
637 4398 758 4451 borodim
776 4399 892 4449 addendi
909 4405 993 4458 nant,
1012 4415 1026 4448 e
1045 4394 1134 4464 quibua
1151 4395 1301 4462 pyrrichius
1319 4411 1369 4446 non
1381 4402 1453 4446 recte
1470 4397 1497 4444 t'rr
1514 4393 1589 4446 libris

267 4485 340 4552 infra
353 4489 386 4538 1⁴
397 4488 497 4554 potitur
509 4493 548 4536 ert
619 4486 651 4536 ld
670 4482 1065 4548 sliqnentoHallquendoPA
1135 4481 1333 4545 frequentior?
1402 4482 1433 4531 1'l
1453 4481 1591 4544 optinet?

321 4571 525 4638 dasyllsbssP
583 4573 728 4630 ,eatoauA
801 4563 1108 4632 leistinctiouemqne]
1128 4567 1320 4618 distinctionem
1341 4565 1588 4628 distinctionemque

267 4675 338 4712 eor-r.
351 4662 385 4714 cl.
397 4675 429 4710 nt.
442 4655 635 4708 distinctionem
649 4641 977 4718 subdistinctionemquea
1038 4656 1072 4704 ‘20
1085 4651 1157 4703 erico
1171 4655 1195 4705 A
1213 4645 1297 4718 opbeu
1312 4651 1335 4701 P
1391 4652 1422 4700 at
1437 4665 1527 4702 musco
1541 4651 1587 4703 ΡΑ

321 4735 424 4812 persius
442 4745 500 4800 cod,
519 4741 652 4810 Smper-nt.
672 4751 698 4795 et
717 4743 833 4794 Iulianus
851 4759 878 4807 p.
898 4744 931 4791 49
1001 4742 1033 4790 m
1052 4739 1158 4790 heroum
1179 4739 1208 4788 H
1226 4752 1313 4788 eorum
1334 4737 1379 4787 ΡΑ
1453 4738 1487 4788 25
1505 4751 1589 4805 spou-

269 4833 346 4883 deum
365 4831 428 4882 locis
449 4831 569 4882 omnibus
589 4841 690 4896 praeter
702 4830 820 4892 quintum
842 4828 891 4877 nisi
906 4828 1007 4893 poetice
1025 4826 1127 4878 licentia
1146 4823 1272 4890 syllabam
1291 4823 1386 4874 addere
1405 4821 1586 4876 uolueriteod.

269 4915 403 4984 Serapem.
421 4917 568 4984 spondeum
587 4916 650 4967 locis
670 4915 790 4980 ompibus
810 4924 911 4980 praeter
929 4915 1048 4976 quintum
1068 4911 1144 4965 Beda
1160 4928 1187 4979 p.
1208 4913 1280 4962 2305
1350 4909 1383 4959 rt
1402 4907 1478 4960 huius
1498 4923 1587 4960 exem·
