3866 5562
384 378 457 446 488·
670 392 773 442 nanu
797 391 920 441 euorrr
945 377 997 462 [u.
1022 378 1185 462 ouevnn]
1210 382 1430 444 seca'uuorr's

387 482 542 533 mmmm
1287 504 1288 507 =
1533 472 1539 486 '

383 574 413 634 io
442 569 568 634 verbum
591 569 707 632 habens
730 569 841 631 tertiae
864 568 1030 650 productae
1054 571 1192 650 repperi,
1222 571 1262 631 ivi
1285 569 1331 632 vel
1355 571 1377 633 ii
1402 570 1531 644 iaciens,
1557 569 1636 652 polio
1659 589 1713 652 po·

383 673 435 738 livi
463 673 509 738 vel
539 675 621 756 polii.
666 674 861 756 participium
891 673 1042 752 passivum
1075 675 1177 754 posuit
1201 671 1364 754 Vergilius,
1395 677 1486 737 ‘iam
1516 684 1624 757 parte
1648 693 1712 757 po·

384 777 481 849 lita’‚
511 790 542 840 et
570 776 653 840 modi
681 777 835 840 indicativi
865 777 1027 839 activitatis
1049 778 1182 859 speciem
1208 776 1422 859 inperfectam,
1452 775 1635 860 polibant.
1682 797 1710 840 m

385 889 454 943 ωηο
478 882 508 942 ἰο
531 880 647 944 liabens
669 879 794 943 verbum
820 899 878 942 non
901 881 1015 942 inveni.
1041 899 1081 943 ‘n
1105 889 1174 944 ante
1197 883 1226 943 io
1247 879 1366 944 habens
1381 879 1522 952 verbum,
1547 882 1573 942 si
1596 882 1711 962 primae

385 985 478 1047 luerit
506 985 743 1064 coniugationis‚
775 984 819 1044 avi
848 983 942 1045 faciet
969 985 1070 1063 specie
1097 984 1249 1066 perlecta.
1283 982 1365 1046 lanio
1399 980 1493 1046 lanias
1529 982 1652 1055 laniavi:
1684 985 1738 1044 sis

385 1088 492 1152 tertiae
510 1089 690 1170 productae,
715 1087 775 1148 nivi
791 1085 837 1147 vel
853 1087 913 1156 nii,
935 1079 1039 1150 munio
1054 1091 1169 1150 munivi
1184 1092 1231 1151 vei
1245 1091 1351 1150 munii.
1398 1105 1415 1148 o
1440 1097 1509 1149 ante
1532 1087 1561 1148 io
1585 1089 1710 1168 positam

386 1211 446 1254 non
470 1193 581 1256 iuveni.
619 1181 646 1273 'p
670 1197 739 1252 ante
756 1193 785 1251 io
802 1189 898 1272 posita
923 1190 1028 1252 tertiae
1044 1198 1205 1272 correptae
1229 1191 1345 1260 inveni,
1369 1191 1422 1271 pui
1446 1189 1585 1252 facientia
1610 1193 1711 1272 specie

384 1294 534 1374 perfecta,
559 1295 643 1375 rapio
660 1297 760 1376 rapui,
785 1294 868 1374 sapio
886 1293 989 1372 sapui,
1014 1291 1058 1354 vel
1075 1295 1151 1375 piri,
1176 1291 1287 1376 [sapivi
1302 1290 1413 1375 rapivi]
1433 1295 1523 1375 cupio
1540 1294 1647 1375 cupivi.
1693 1313 1712 1374 q

384 1407 453 1460 ante
477 1399 659 1482 inpositam
683 1409 832 1476 nusquam
856 1397 974 1465 inveni,
1004 1405 1035 1458 et
1057 1396 1293 1468 rationabiliter,
1318 1395 1461 1478 ‘quoniam
1487 1417 1506 1478 q
1529 1395 1627 1459 littera
1653 1415 1711 1458 non

386 1499 532 1564 scribitur
560 1501 618 1564 nisi
647 1509 714 1562 ante
738 1518 757 1562 u
782 1508 812 1562 et
835 1499 924 1561 aliam
948 1517 1171 1582 quamcumque
1195 1499 1329 1562 vocalem
1354 1501 1557 1562 coniunctam.
1602 1517 1619 1560 r
1641 1509 1708 1563 anto
1726 1516 1750 1556 ιο

385 1608 416 1668 ἰο
438 1606 534 1685 posita
565 1605 673 1667 tertiae
697 1611 856 1683 correptae
879 1605 996 1672 inveni,
1019 1603 1046 1664 ri
1070 1602 1185 1665 faciens
1207 1605 1312 1683 specie
1337 1603 1491 1684 perfecta,
1515 1585 1567 1666 sel
1592 1622 1629 1685 pe
1652 1604 1709 1684 syl·

224 1721 228 1734 ¹
296 1711 299 1714 ’
385 1706 452 1772 laba
476 1717 617 1788 correpta
649 1709 680 1768 in
703 1707 854 1788 principio
877 1705 995 1777 addita,
1018 1707 1104 1787 pario
1128 1707 1244 1786 peperi.
1292 1705 1414 1788 quidam
1435 1714 1543 1788 putant
1566 1705 1623 1768 boc
1646 1724 1710 1768 ver·

386 1810 458 1873 bum
483 1821 513 1873 et
536 1811 645 1872 tertiae
665 1808 830 1892 productae
855 1827 930 1871 esse.
976 1808 1029 1872 sed
1054 1818 1171 1871 errant:
1196 1827 1264 1873 nam
1288 1809 1439 1872 iufmitum
1462 1813 1509 1872 cel
1531 1819 1710 1892 perpetuum

275 1897 276 1900 Ἴ
385 1913 508 1977 modum
531 1913 692 1977 Terentius
714 1915 816 1998 posuit
845 1913 1000 1994 ‘parere
1024 1910 1086 1974 bic
1110 1911 1299 1979 diuitias'.
1344 1912 1422 1994 quod
1453 1915 1479 1975 si
1503 1919 1584 1976 esset
1607 1915 1711 1976 tertiae

305 2013 309 2020 ’
385 2017 570 2100 productae,
600 2020 627 2079 ri
652 2016 805 2079 habuisset
828 2014 974 2098 syllabam
997 2023 1066 2078 ante
1096 2033 1146 2086 re,
1176 2016 1288 2096 parire.
1335 2022 1494 2095 praeterea
1523 2035 1557 2078 re
1581 2025 1709 2097 utraque
1725 2031 1750 2071 1⁵

388 2132 528 2204 correpta
552 2129 607 2184 est.
655 2139 724 2184 nam
747 2123 772 2183 si
789 2121 986 2202 produxeris,
1012 2121 1070 2182 erit
1085 2119 1236 2180 secundae
1251 2118 1488 2199 coniugationis‚
1513 2138 1637 2202 parere,
1664 2139 1710 2181 ve·

384 2227 471 2287 niens
494 2242 510 2286 a
536 2224 627 2286 verbo
651 2242 742 2306 pareo
771 2241 862 2304 pares
890 2231 991 2304 paret,
1022 2231 1057 2284 ut
1080 2223 1231 2302 Vergilius
1258 2223 1385 2305 ‘paret
1408 2224 1516 2286 Amor
1548 2223 1710 2304 (lictis’.j

384 2347 398 2390 s
422 2337 491 2390 ante
516 2329 556 2390 io'
571 2326 688 2390 habens
711 2326 839 2389 verbnm
862 2327 978 2409 primae
1002 2325 1124 2408 repperi
1148 2327 1384 2405 coniurationis,
1410 2330 1455 2389 ari
1478 2328 1591 2388 iaciens
1612 2325 1712 2405 specie

382 2432 544 2512 perfecto,
574 2429 659 2493 basio
690 2429 812 2492 basiavi.
859 2439 869 2492 t
897 2439 966 2492 ente
994 2431 1022 2490 io
1050 2426 1168 2510 habens
1196 2428 1336 2498 verbum.
1368 2429 1393 2490 si
1416 2431 1524 2491 tertiae
1547 2429 1711 2510 productae

385 2535 491 2607 fuerit,
516 2535 566 2597 tivi
590 2533 679 2596 faciet
701 2535 802 2616 specle
819 2534 970 2614 perlecta,
994 2535 1092 2614 partio
1116 2533 1236 2613 partiri:
1261 2533 1305 2620 sic
1329 2531 1435 2595 Cicero
1458 2534 1709 2614 partirerunt.
1724 2547 1750 2588 so

385 2638 514 2701 dicimus
543 2647 573 2699 et
605 2639 720 2717 partior
750 2637 823 2700 sub'
842 2637 947 2699 eodem
978 2635 1134 2698 intellectu
1164 2636 1322 2699 activitatis
1350 2636 1396 2698 vel
1428 2635 1511 2699 verbi
1542 2639 1711 2699 eommunis

385 2739 545 2826 [partior]:
578 2740 728 2821 Vergilius
755 2744 808 2801 ‘et
836 2743 962 2802 socios
990 2741 1159 2820 partitur
1189 2741 1226 2801 in
1250 2743 1401 2811 omnes’,
1430 2743 1509 2803 sieut
1537 2739 1653 2802 obsone
1682 2749 1710 2800 et

352 2923 354 2932 Ι
385 2846 532 2914 obsonor;
562 2855 724 2928 utrumque
754 2847 833 2907 enim
863 2846 893 2905 iu
925 2862 987 2906 uno
1016 2840 1181 2906 intellectu.
1227 2844 1253 2904 si
1276 2844 1393 2924 primae
1417 2844 1521 2915 tuerit.
1545 2845 1591 2905 avi
1615 2843 1710 2914 faciet,

385 2951 460 3011 satio
484 2949 597 3010 satiavi.
644 2966 662 3009 u
687 2965 705 3008 x
729 2966 746 3028 y
770 2967 799 3008 z:
825 2956 895 3010 ante
918 2949 947 3008 io
971 2949 1085 3028 positas
1108 2943 1161 3007 lias
1185 2945 1301 3008 litteras
1324 2965 1384 3008 non
1407 2949 1518 3008 invalui.
1648 2935 1657 2944 ⁶

367 3062 369 3068 ’
428 3081 432 3090 ·
472 3052 495 3113 V
519 3059 626 3113 anteo
650 3053 745 3131 posite
762 3049 878 3132 primae
902 3051 1122 3130 coniugationis
1146 3048 1237 3112 verba
1262 3053 1341 3130 regit
1364 3061 1394 3112 et
1416 3051 1523 3114 tertiae
1539 3062 1748 3132 conspuere

386 3173 455 3216 nam
472 3153 624 3216 secundae
641 3155 862 3235 coniugationis
880 3153 925 3216 vel
943 3155 1051 3216 tertiae
1067 3153 1233 3233 productae
1257 3153 1348 3215 verbu
1370 3172 1391 3216 u
1414 3163 1483 3215 ante
1506 3173 1524 3215 ο
1547 3171 1710 3234 numquam

386 3256 514 3331 babent,
538 3258 591 3320 sed
608 3258 739 3322 secunda
756 3277 772 3319 e
788 3257 899 3326 solam,
923 3259 1012 3318 tertia
1036 3255 1181 3339 producta
1207 3275 1223 3318 e
1246 3265 1276 3318 ot
1300 3260 1320 3322 i.
1366 3275 1440 3337 ergo
1463 3277 1478 3318 a
1502 3267 1571 3320 ante
1595 3277 1634 3320 uo
1658 3276 1710 3338 po·

385 3363 457 3432 sita,
488 3361 512 3422 si
537 3362 653 3442 primae
677 3363 788 3424 luerint
812 3361 1049 3440 coniugationis‚
1079 3363 1125 3422 avi
1149 3360 1260 3420 facient
1283 3362 1383 3444 specie
1407 3359 1556 3441 perfecta,
1582 3361 1646 3424 loro
1670 3359 1709 3420 la-

307 3535 313 3540 ,
386 3483 436 3525 vas
459 3464 553 3525 lavavl
579 3462 661 3546 [volo
690 3463 814 3546 rolavi];
845 3466 870 3526 si
895 3465 1002 3527 tertiae
1023 3457 1196 3551 correptae.
1221 3465 1259 3528 vi.
1285 3465 1348 3526 lare
1373 3463 1446 3525 laris
1471 3463 1538 3526 lari.
1584 3463 1710 3524 elicimus

455 3653 535 3706 moa.
554 3654 649 3706 carior.
668 3657 712 3718 aa,
732 3657 820 3705 a-as
891 3655 908 3706 s
926 3668 943 3716 q
962 3663 1021 3703 anre
1039 3653 1065 3703 io
1084 3669 1111 3719 p.
1129 3643 1196 3712 rvr.
1211 3655 1244 3704 ao

455 3809 552 3880 2iam]
578 3810 657 3876 Verp.
678 3813 745 3862 Aen.
768 3809 846 3860 VIII
865 3811 918 3860 m
987 3809 1135 3874 bspeciem
1155 3807 1323 3874 inperfectam
1343 3808 1445 3859 Probus
1463 3808 1551 3874 specle
1569 3807 1708 3874 inperfecta

386 3897 411 3948 B
499 3891 628 3964 polibant]
653 3895 732 3964 Verp.
751 3899 820 3948 Aen.
844 3894 921 3945 VIII
940 3897 995 3945 436
1017 3897 1133 3945 certarum
1156 3895 1273 3958 squamis
1293 3905 1441 3960 serpentum
1460 3907 1576 3956 auroque
1595 3893 1709 3958 polibam

419 3985 435 4034 θ
454 3985 544 4034 munio
563 3984 661 4034 munivi
682 3984 720 4033 rel
733 3983 815 4033 munii
834 3997 882 4032 cm.
896 3979 930 4044 B,
944 3983 1005 4032 cdd.
1028 3980 1130 4032 Prcbm
1201 3981 1216 4030 7
1236 3979 1324 4045 posite
1343 3979 1368 4028 B
1387 3977 1475 4045 posits
1493 3995 1564 4031 eon.
1576 4003 1608 4014 -
1619 3989 1671 4027 tem
1684 3977 1708 4027 B

419 4071 436 4120 8
449 4071 524 4138 rapio
539 4071 622 4136 mpui,
637 4068 675 4119 vel
688 4071 716 4133 ii,
728 4069 806 4134 cupio
817 4067 905 4134 cupivi
919 4065 958 4116 vel
970 4068 1040 4132 cupii
1053 4067 1170 4118 Probw
1183 4065 1218 4129 cf.
1232 4065 1363 4116 Priscian.
1374 4068 1390 4114 l.
1402 4065 1464 4131 Xp.
1478 4067 1537 4118 I99.
1551 4066 1581 4115 18
1634 4065 1708 4130 tipo-

385 4159 466 4207 situm
484 4156 509 4206 B
584 4158 613 4206 to
629 4165 689 4206 ante
702 4171 717 4204 u
731 4165 756 4204 et
773 4153 851 4204 elium
863 4166 1054 4216 quemeumque
1067 4149 1182 4203 vocalem
1194 4152 1336 4201 iniunctam
1350 4151 1452 4202 Probra
1470 4163 1530 4202 ante
1544 4166 1560 4200 u
1573 4150 1614 4200 uel
1633 4150 1707 4198 aliem

386 4258 577 4307 quamcumque
590 4241 705 4292 ucoslem
716 4239 809 4291 lrabeat
823 4241 988 4290 coniunctam
995 4237 1029 4300 B,
1039 4241 1159 4291 correxit
1173 4239 1259 4290 editor
1272 4237 1298 4286 V
1299 4237 1481 4290 indobcnensa'e
1489 4239 1548 4288 roll.
1556 4253 1585 4303 p.
1602 4238 1660 4298 Iul,
1676 4237 1708 4286 2⁰

423 4332 453 4380 11
473 4331 494 4380 ri
514 4328 611 4380 faciens
630 4327 741 4387 Probus,
753 4309 821 4393 peri
835 4325 932 4376 faciens
946 4324 971 4375 B
1042 4329 1074 4376 ts
1093 4324 1132 4374 vel
1151 4341 1200 4377 om.
1223 4323 1246 4374 B
1317 4326 1350 4374 14
1367 4320 1513 4390 Terentius]
1536 4323 1622 4374 Andr.
1640 4319 1708 4370 IIII

386 4421 411 4476 5,
431 4419 447 4466 2
519 4416 550 4464 16
569 4415 617 4464 erit
630 4413 732 4465 Probita
750 4413 816 4463 erim
834 4408 885 4481 ’τῷ
904 4411 912 4460 i
931 4417 958 4462 ut
976 4411 1077 4462 uidetur
1095 4415 1121 4462 in
1141 4413 1276 4462 umutctc'
1290 4409 1315 4460 B
1387 4412 1417 4461 ii
1437 4404 1525 4477 peret]
1549 4407 1629 4473 Verp.
1641 4409 1706 4460 Aen.

387 4502 402 4553 I
422 4503 472 4554 689
542 4499 575 4550 18
593 4498 691 4550 feeiens
710 4501 800 4565 specie
818 4497 932 4564 perfecta
950 4496 1024 4546 basio
1045 4497 1143 4548 basiavi
1161 4516 1176 4548 a
1194 4496 1296 4548 Prolem
1319 4495 1416 4546 faciens
1436 4497 1511 4546 vrasio
1531 4493 1632 4544 uaeiaui
1651 4491 1676 4542 B

386 4590 420 4639 20
440 4587 596 4654 partiremur
614 4585 715 4638 Probm
785 4585 819 4634 ‘22
838 4597 862 4634 et
880 4576 981 4650 socios]
1005 4582 1083 4649 Verp.
1100 4585 1166 4634 Aen.
1187 4583 1204 4633 I
1218 4583 1267 4632 fif
1336 4583 1405 4633 ib'u
1424 4587 1487 4632 ωηο
1505 4594 1519 4628 ο
1539 4577 1709 4646 posimSten·

385 4675 444 4740 pius
468 4675 500 4725 rie
519 4673 597 4724 Proh.
620 4689 725 4740 praetem
746 4690 773 4738 p.
793 4675 850 4734 155,
871 4685 886 4720 ο
905 4680 963 4718 ωηο
982 4683 1031 4719 uos
1051 4671 1133 4730 (eurr.
1155 4668 1199 4735 vro]
1219 4669 1305 4735 posita
1326 4667 1350 4718 B
1455 4667 1489 4717 ⁸26
1508 4665 1586 4716 verbu
1605 4682 1653 4720 om.
1673 4663 1707 4720 B.

386 4763 448 4818 cdd.
467 4779 481 4812 ο
500 4757 601 4811 Ρνοοοο
671 4760 704 4808 tf
723 4757 805 4808 solnm
826 4775 840 4808 υ
859 4756 915 4807 sola
929 4755 954 4805 ,B
1024 4757 1057 4806 28
1077 4755 1134 4806 labo
1155 4757 1227 4806 tauns
1247 4755 1298 4804 tnui
1318 4754 1378 4806 uolo
1398 4754 1483 4805 uolneri
1502 4753 1524 4802 si
1544 4753 1636 4802 tertiae
1653 4767 1709 4801 cor·

388 4838 1698 4914 rmmmmmmmmmmmwmmwmssmowmffiwffimffimfflfflssm

359 4943 361 4948 “
387 4933 498 4983 elicimus
518 4946 541 4983 et
560 4933 633 4983 lavor
650 4933 745 4983 lavaris
766 4929 866 4982 Probus
1651 4938 1652 4941 ’
