3904 5556
384 303 428 370 50
659 358 662 364 ,
887 303 995 358 ΜΑΒΙΙ
1013 303 1205 358 ῊΟΤΟΒΙΝΙ

411 418 433 462 p.
448 407 506 448 etos.
521 408 547 448 sa
560 405 583 450 r.
1528 420 1549 462 p.
1563 409 1596 450 ea.
1611 407 1637 450 oo
1651 405 1676 448 c.

385 497 482 559 suerit
505 514 594 560 causa
617 493 734 559 mediae
762 493 909 576 syllabae,
939 515 1016 579 quae
1039 505 1189 566 moretur,
1215 513 1285 558 oum
1308 505 1359 592 aot
1382 495 1632 577 praecedentibus
1654 507 1704 558 aut

384 598 641 682 subsequentibus
663 597 784 683 syllabis
807 599 974 679 copulatur.

939 789 989 855 ott
1011 789 1154 855 utstats

471 914 600 978 histrum
624 922 669 976 est
690 914 868 995 compositio
891 912 1002 996 pedum
1026 913 1062 976 ad
1079 923 1195 976 certum
1212 913 1303 975 linem
1320 911 1448 975 deducta
1470 931 1524 977 sen
1540 912 1704 976 dictionum
1744 901 1755 920 ⁴

386 1019 537 1099 quantitas
566 1026 595 1079 et
615 1014 741 1098 qualitas
764 1015 892 1096 pedibus
915 1018 1074 1080 terminata
1096 1017 1142 1080 rel
1158 1016 1318 1100 rhythmus
1342 1016 1439 1078 modis
1461 1018 1574 1080 tinitus.
1605 1017 1731 1098 primas

386 1131 486 1184 autem
516 1128 613 1183 metra
635 1128 705 1183 sunt
731 1118 844 1202 syllaba
867 1120 968 1184 brevis
997 1129 1027 1184 et
1054 1119 1167 1202 syllaba
1196 1119 1298 1202 longa:
1329 1139 1365 1183 ex
1388 1120 1435 1184 his
1458 1122 1540 1184 enim
1562 1121 1705 1183 metimur

386 1227 470 1307 ipsos
491 1223 585 1306 pedes
615 1241 779 1288 accursus
802 1243 838 1288 ex
861 1222 989 1304 pedihus
1018 1233 1114 1288 metra
1138 1234 1166 1286 et
1189 1225 1333 1304 deinceps
1362 1223 1400 1286 de
1429 1225 1533 1287 ueretris
1561 1226 1704 1288 carmina.

386 1329 505 1392 initium
535 1336 633 1392 autem
665 1331 754 1392 metri
784 1328 959 1408 coniugatio
989 1324 1187 1408 syllabarum,
1223 1348 1259 1391 ex
1294 1325 1402 1410 quibus
1437 1325 1587 1408 colligitur
1615 1328 1706 1390 totius

388 1431 516 1513 qualitas
539 1434 636 1496 metri.
682 1432 824 1497 iudicium
849 1430 974 1495 veroin
998 1429 1121 1496 auribus
1145 1441 1175 1494 ει
1197 1432 1300 1495 auditu
1322 1441 1377 1494 est.

472 1536 597 1618 Species
611 1537 703 1616 igitur
718 1544 883 1598 metrorum
903 1545 974 1598 sunt
989 1544 1141 1617 quattuor,
1166 1537 1265 1616 opica,
1289 1534 1407 1608 melica,
1432 1537 1563 1608 comica,
1579 1535 1702 1616 tragica.
1719 1561 1744 1598 oo

387 1657 460 1723 epos
482 1647 529 1704 est
550 1643 675 1722 proprie
691 1639 847 1704 heroicum
864 1647 1010 1710 metrum,
1035 1637 1116 1720 quod
1133 1640 1299 1702 divinarum
1316 1638 1576 1722 humanarumque
1600 1656 1703 1702 rerum

386 1753 416 1806 ot
445 1742 490 1806 rel
519 1745 648 1806 maxime
672 1739 920 1826 heroumlllacta
950 1760 1039 1806 versu
1068 1742 1243 1806 hexametro
1271 1742 1587 1825 comprehenduntur,
1622 1741 1703 1825 quod

384 1866 494 1928 graece
518 1845 735 1928 significatione
763 1844 876 1910 dictum
904 1854 1010 1930 putant
1038 1839 1106 1909 eet
1136 1845 1199 1910 τοῦ
1220 1841 1364 1910 ἕπεσθαι
1387 1843 1426 1910 ἐν
1450 1840 1542 1932 αὐτῷ
1564 1840 1605 1909 τὰ
1629 1841 1704 1926 ἑξῆς

384 1948 472 2033 μέρη
494 1947 753 2032 coequestrem,
782 1948 812 2012 id
835 1949 980 2032 estquod
1004 1951 1116 2031 primas
1138 1957 1240 2032 partes
1264 1954 1330 2014 eius
1353 1959 1472 2014 ceterae
1494 1952 1702 2034 insequantur.

384 2054 443 2118 hoc
465 2063 563 2118 metro
586 2053 735 2118 Homerus
757 2053 885 2117 heroum
910 2056 1033 2116 virtutes
1057 2062 1102 2115 est
1124 2051 1324 2136 perselcutus
1349 2055 1426 2118 sicut
1441 2054 1585 2119 Horatius
1609 2054 1700 2118 refert
1718 2075 1743 2116 1⁵

384 2159 488 2223 dicens

486 2281 548 2326 res
570 2270 702 2344 gestae
724 2278 932 2343 regumque
955 2261 1163 2342 ducumque
1188 2269 1223 2324 et
1245 2264 1378 2325 tristia
1403 2260 1503 2325 bella

400 2409 401 2414 κ
485 2385 556 2448 quo
579 2363 701 2430 scribi
725 2374 884 2446 possent
906 2383 1078 2442 numero,
1108 2368 1334 2431 monstrarit
1359 2365 1551 2429 Homerus.

382 2470 464 2534 idem
487 2479 517 2533 et
539 2467 686 2552 pythium,
710 2466 790 2550 quod
814 2467 975 2532 interiecto
998 2468 1102 2550 pythio
1118 2468 1249 2531 dracone
1265 2471 1467 2551 compositum
1484 2488 1549 2532 esse
1573 2468 1701 2538 dicatur,

384 2593 452 2638 cum
476 2572 663 2656 Delphorum
687 2571 804 2636 incolae
827 2570 945 2636 laudern
968 2572 1115 2654 Apollinis
1139 2573 1179 2635 ita
1202 2582 1473 2655 persequerentur.
1717 2597 1743 2635 eo

751 2667 785 2758 la}
809 2673 923 2748 παιάν,
949 2669 1125 2758 laisareis,
1149 2669 1182 2757 lr}
1205 2673 1327 2756 παιάν,

385 2781 465 2865 quod
490 2789 609 2846 constat
631 2798 667 2844 ex
691 2773 833 2861 spondeis
855 2799 917 2842 ses.
951 2780 1031 2842 idem
1055 2781 1112 2841 erit
1134 2789 1164 2842 et
1179 2778 1340 2844 iambicum
1365 2782 1545 2854 trimetrum,
1570 2785 1595 2843 si
1619 2800 1632 2842 ι
1655 2781 1702 2844 lit-

386 2895 496 2958 teram,
526 2903 603 2967 quae
633 2882 779 2948 dichrona
803 2889 864 2955 est,
893 2884 1050 2965 corripias.
1096 2884 1126 2946 in
1155 2881 1202 2946 his
1231 2884 1311 2946 enim
1341 2881 1474 2967 [dactylo
1502 2894 1533 2949 et
1559 2885 1700 2966 iambico]

385 2999 553 3054 metrorum
583 2990 719 3078 omnium
743 2985 937 3051 fundamenta
961 2986 1138 3050 subsistunt.
1186 2987 1243 3050 hor.
1271 2986 1394 3071 quidam
1417 3007 1434 3052 a
1457 2987 1533 3051 Lino
1557 2988 1703 3072 Apollinis

385 3094 534 3164 antistite,
558 3091 610 3156 alii
634 3091 671 3156 ab
690 3091 828 3175 Orpheo,
852 3109 912 3154 non
937 3089 1011 3154 nulli
1035 3089 1072 3152 ab
1088 3089 1220 3154 Homero
1242 3092 1398 3155 inventum
1414 3100 1531 3173 putant.
1562 3091 1701 3156 melicum
1717 3115 1743 3154 ss

385 3204 485 3261 autem
513 3197 576 3260 sive
604 3196 746 3278 lyricum.
778 3195 858 3278 quod
881 3193 917 3256 ad
943 3192 1177 3258 modulationem
1201 3193 1283 3276 lyrae
1306 3194 1477 3260 citharasve
1500 3200 1701 3279 componitur.

384 3303 463 3365 siout
478 3301 550 3364 lecit
564 3298 691 3364 Alcaeus
713 3309 743 3362 et
758 3298 894 3381 Sappho,
920 3314 994 3377 quos
1010 3296 1173 3380 plurimum
1198 3309 1244 3362 est
1258 3310 1381 3362 secutus
1397 3299 1549 3364 Horatius.
1580 3318 1703 3363 carmen

386 3413 484 3468 autem
509 3403 650 3484 lyricum,
676 3404 810 3486 quamvis
833 3411 930 3464 metro
953 3401 1113 3474 subsistat.
1138 3411 1237 3484 potest
1259 3411 1360 3466 tamen
1379 3403 1475 3467 rideri
1499 3414 1581 3466 extra
1604 3402 1701 3485 legem

386 3510 476 3572 metri
499 3525 581 3578 esse,
606 3508 676 3588 quia
692 3505 788 3569 libero
810 3505 972 3569 scribentis
988 3505 1114 3568 arbitrio
1137 3523 1192 3587 per
1208 3504 1366 3588 rhythmos
1385 3507 1524 3586 exigitor.
1555 3507 1702 3588 tragicum

385 3620 500 3684 autem,
525 3610 604 3692 quod
628 3614 766 3688 trimetro
791 3609 884 3691 magis
906 3627 995 3671 versu
1011 3609 1218 3690 componitur,
1242 3628 1303 3690 quo
1327 3611 1374 3672 usi
1397 3617 1467 3672 sunt
1486 3609 1652 3691 Sophocles
1675 3619 1743 3672 etse

386 3713 554 3798 Euripides.
601 3715 749 3777 comicum
775 3731 845 3776 vero
868 3713 948 3776 varia
979 3730 1121 3776 versutum
1145 3720 1175 3776 et
1198 3711 1389 3776 modulorum
1411 3713 1478 3794 lege
1501 3716 1702 3797 compositum

388 3820 554 3901 reperitur,
584 3819 664 3881 sient
691 3817 872 3899 plerumque
896 3813 975 3896 apud
997 3815 1210 3888 Menandrum.
1240 3816 1293 3879 sed
1318 3826 1347 3882 et
1368 3816 1456 3890 alios,
1482 3819 1701 3898 cognoscimus.

385 3931 553 3986 memorum
576 3939 689 4002 genera
712 3919 770 3984 alia
794 3940 810 3984 a
833 3919 878 3984 dis
902 3917 1065 4002 appellata,
1097 3931 1128 3983 ut
1151 3919 1410 4001 dithyrambicon,
1441 3923 1616 4003 priapicon;
1645 3921 1702 3983 alia

456 4097 487 4147 11
506 4109 571 4162 epos
590 4103 629 4144 est
647 4119 681 4130 -
700 4095 732 4144 14
749 4095 813 4154 τοῖς
830 4083 955 4158 κρότοις
973 4093 1057 4146 Dione.
1077 4095 1140 4158 toa,
1153 4095 1196 4143 17.
1220 4095 1311 4158 4817
1400 4095 1431 4145 ts
1455 4093 1523 4144 lolem
1542 4103 1567 4145 et
1584 4093 1702 4159 pythium

385 4193 419 4204 -
437 4167 471 4248 24
489 4165 634 4215 subsistunt
657 4161 760 4215 Terent.
778 4163 866 4216 Maur.
888 4165 1067 4215 soso-1⁵⁹⁵
1090 4163 1173 4214 Dium.
1193 4165 1251 4224 195,
1266 4165 1334 4214 1-9

457 4308 469 4355 1
489 4317 556 4367 quae
574 4311 694 4354 mouetur
712 4302 736 4352 A
751 4313 768 4356 ς
786 4301 985 4364 qnidemouetnr
1002 4299 1027 4351 B
1087 4301 1103 4350 6
1122 4311 1146 4350 ει
1164 4315 1211 4352 ern.
1227 4301 1318 4357 ABs·
1380 4301 1412 4352 12
1431 4315 1497 4364 quoe
1514 4313 1607 4368 graeca
1625 4298 1652 4350 B

388 4377 421 4426 14
438 4385 479 4424 est
495 4389 543 4424 orn.
558 4373 582 4422 A
597 4371 623 4423 B
635 4385 661 4436 ς,
680 4370 742 4425 odd.
763 4369 928 4435 Gaiefordius
999 4373 1030 4422 15
1048 4367 1097 4419 hoc
1115 4381 1196 4420 metro
1215 4369 1337 4420 homerus
1358 4369 1462 4420 heroum
1482 4371 1590 4422 uirtutes
1609 4370 1635 4421 B
1654 4369 1704 4421 boc

387 4481 467 4520 metro
485 4437 598 4520 lhdffilffi
615 4467 723 4518 uirtutes
742 4466 767 4516 A
791 4462 841 4514 hoc
858 4477 941 4517 metro
961 4466 1081 4516 homerus
1100 4466 1208 4515 uirtutes
1231 4464 1290 4519 Vol.
1308 4463 1358 4515 hoo
1376 4476 1457 4516 metro
1476 4463 1602 4516 Homerus
1622 4465 1704 4516 uirtu-

387 4549 425 4589 tes
444 4537 593 4594 lleroume
674 4544 829 4602 prosecutus
848 4535 935 4592 ΑΒς
1017 4529 1150 4601 Horatius]
1171 4541 1303 4600 orepoer.
1318 4537 1353 4585 73
1436 4535 1467 4585 tt
1486 4549 1527 4585 res
1540 4545 1630 4601 gestae
1648 4533 1705 4590 ςΒ

387 4618 505 4674 regestae
523 4608 548 4659 A
639 4607 671 4658 to
690 4601 823 4655 interiecto
846 4604 939 4671 pythio
961 4602 1075 4654 dracone
1097 4601 1166 4659 α*ς
1193 4604 1260 4654 inter
1276 4602 1367 4672 pythio
1386 4603 1499 4654 drocone
1516 4606 1541 4653 A
1570 4602 1704 4655 interiecto

388 4676 477 4743 pythio
490 4677 629 4728 draconem
648 4673 674 4724 B
689 4675 747 4726 Vol.
766 4671 900 4725 interiecto
912 4671 1029 4738 Pythone
1046 4672 1159 4724 dracoue
1178 4671 1317 4725 Sententiae
1334 4675 1360 4724 ln
1382 4671 1485 4724 Terent.
1503 4671 1592 4726 allana.
1610 4689 1638 4740 p.
1651 4677 1706 4726 too

457 4748 491 4798 20
508 4746 611 4798 accolne
632 4744 803 4796 Terentianus
821 4746 887 4795 1⁵87
905 4751 931 4794 et
950 4741 1085 4794 Diomedes
1102 4760 1130 4809 p.
1149 4745 1208 4803 too,
1223 4745 1240 4794 3
1316 4741 1349 4792 26
1366 4737 1433 4808 sive]
1458 4743 1526 4792 sicut
1544 4743 1569 4793 A
1581 4741 1635 4800 Βς

387 4817 421 4868 28
439 4817 475 4880 qh
495 4827 577 4867 metro
598 4817 621 4866 A
643 4829 700 4864 curm
719 4825 801 4864 metro
820 4813 845 4863 B
867 4827 947 4876 quum
966 4821 1047 4862 naetro
1065 4825 1082 4868 ς
1157 4815 1190 4864 33
1212 4810 1417 4875 ‹litlryrambicon
1436 4809 1489 4861 Bn
1507 4811 1594 4868 Vols
1618 4813 1705 4880 dithy-

389 4885 528 4935 rambionrn
551 4887 573 4936 A
630 4885 764 4950 priapicou
780 4881 833 4938 rte
853 4882 969 4948 prinpieb
985 4883 1008 4932 A
1027 4882 1146 4948 priapion
1166 4883 1207 4932 eri.
1221 4879 1379 4932 Sasernam.
1394 4879 1522 4946 priapinnr
1539 4879 1704 4937 Camerarius
