3874 5556
353 231 416 298 352
910 245 1128 294 ressurrsux

353 347 375 386 p.
388 335 441 377 atos
459 335 483 376 1³.

510 445 576 488 esse
598 442 654 506 per
677 437 701 486 G
724 423 938 504 proferendam
962 423 1158 486 crediderunt
1180 419 1311 504 plurimi,

456 554 495 595 οοο
509 527 629 609 qrxando
652 519 786 610 άμόργη
810 545 916 607 graeca
941 546 996 588 rox
1020 535 1079 599 est,
1103 522 1218 608 γάμμα
1241 527 1327 605 origo
1351 535 1382 587 ut
1405 527 1569 606 praeierat:

509 627 561 695 ille
585 639 689 693 eontra
714 629 809 700 dicat,
835 631 915 692 unde
938 650 958 699 c
982 647 1090 693 sonare
1114 628 1230 692 debent.

509 745 676 806 (ttamen,
702 753 770 797 mox
794 735 882 795 tertia
907 734 979 804 uda.
1004 735 1102 797 rarius
1126 735 1327 815 componitur,

510 839 630 921 quando
654 847 807 920 gnatum
831 839 1004 907 nominare,
1028 837 1131 900 dicere
1155 848 1207 900 aut
1230 855 1384 918 gnarum
1411 837 1507 901 roles:

510 961 642 1024 namque
664 959 819 1021 maguus
842 941 979 1020 dignus
1002 960 1120 1022 agnus
1143 943 1250 1022 signa
1275 959 1394 1022 pugna
1419 949 1448 1002 et
1471 941 1550 1012 talia,

458 1071 497 1113 eeu
512 1045 642 1128 syllabae
667 1064 736 1107 cum
758 1045 820 1106 siut
842 1045 1009 1119 secundae,
1033 1065 1093 1108 non
1115 1047 1156 1107 ita
1180 1047 1355 1127 impugnant
1379 1044 1486 1125 pedes;

513 1152 580 1229 quis
602 1149 710 1230 iugatis
733 1147 890 1231 impediri.
915 1167 983 1212 cum
1007 1158 1098 1232 capnt
1120 1147 1205 1212 verbi
1228 1158 1346 1218 tenent,

513 1255 631 1335 saepius
652 1253 745 1335 pedes
769 1252 919 1322 ridemus,
945 1263 977 1317 ut
998 1271 1051 1315 suo
1076 1273 1212 1335 promum
1236 1252 1312 1314 locu.

556 1363 714 1420 Ammonet
739 1375 818 1418 nune
842 1361 916 1421 ordo
940 1367 1055 1420 sextam
1079 1355 1289 1420 semivocalem
1313 1356 1405 1439 loqui,

513 1480 590 1544 quae
613 1479 719 1523 sonum
744 1461 830 1523 uobis
853 1464 1020 1532 ministrat,
1044 1461 1148 1543 σίγμα
1171 1481 1260 1543 quem
1285 1463 1406 1526 Graecis
1429 1459 1516 1523 solet.

462 1592 501 1632 910
516 1563 611 1626 vivida
636 1573 680 1625 est
704 1563 776 1624 baec
801 1566 879 1628 inter
903 1585 1008 1629 omnes
1031 1574 1121 1644 atque
1144 1563 1235 1626 densa
1260 1565 1372 1627 littera;

513 1660 677 1746 άμκτικάν
701 1667 807 1729 Graeci
832 1678 993 1740 vocarunt,
1017 1667 1223 1748 adseruntque
1248 1667 1391 1738 exordiis,

514 1781 543 1833 et
565 1768 698 1851 probant
722 1771 811 1833 mutis
835 1773 961 1835 eandem
986 1791 1080 1852 paene
1105 1773 1220 1834 cunetis
1243 1773 1376 1853 praefici,

514 1892 583 1935 oum
600 1869 726 1954 σβέσον
743 1871 929 1958 uberesque
952 1865 1065 1946 δίαιται,
1090 1874 1281 1956 σκῆπτρον,
1306 1885 1336 1937 et
1352 1875 1473 1957 quaudo
1489 1872 1627 1949 σπάθας

514 1971 643 2060 στέμμα
659 1976 773 2049 dicunt,
798 1977 946 2060 σφίγγας
969 1998 1073 2060 aeque,
1098 1974 1265 2061 σγῆματα;
1291 1989 1380 2061 atque
1406 1977 1481 2041 udae
1505 1998 1625 2062 quoque

462 2108 501 2150 915
515 2099 603 2163 posse
626 2085 774 2161 praeponi
796 2083 946 2145 secundae
969 2085 1014 2146 sio
1038 2081 1115 2164 apud
1140 2082 1246 2144 Graios
1269 2082 1360 2152 rides,

514 2185 653 2267 σμῆγμα
676 2187 702 2246 si
725 2186 846 2266 quando
871 2196 922 2248 aut
944 2183 1162 2269 σμάραγδον,
1187 2186 1324 2266 σμιλίον
1348 2186 1392 2248 vel
1417 2189 1581 2249 nominant.

514 2285 630 2370 γάμμα
654 2285 749 2350 solum
774 2307 832 2351 non
857 2289 976 2351 ridetur
999 2308 1088 2370 posse
1111 2289 1212 2359 subdi,
1236 2291 1305 2371 quie
1330 2288 1395 2350 loon

515 2393 620 2456 intimo
643 2385 746 2455 lances
770 2412 864 2476 prope
888 2395 970 2474 ipsas
993 2391 1093 2454 littera
1117 2389 1192 2454 baec
1215 2391 1392 2463 excluditur,

516 2494 657 2558 dentibus
680 2495 785 2578 σίγμα
808 2509 896 2578 atque
919 2494 1012 2558 labris
1036 2497 1204 2577 proximam
1228 2494 1330 2558 sedem
1356 2506 1448 2559 tenet.

463 2628 502 2669 920
517 2598 621 2681 σίγμα
644 2601 712 2681 quis
736 2601 829 2679 possit
852 2617 963 2679 negare
987 2599 1065 2682 quod
1090 2598 1141 2660 det
1163 2599 1336 2662 adiunctum
1359 2619 1477 2673 sonum,

510 2721 584 2773 eum
608 2706 692 2764 sonis
716 2705 850 2783 utrisque
874 2713 992 2765 constet
1015 2701 1111 2784 ζῆτα,
1136 2703 1214 2782 quod
1239 2721 1380 2782 graecum
1404 2703 1530 2786 duplex?

518 2823 628 2868 nomeu
653 2807 708 2868 etsi
731 2824 790 2867 non
815 2805 940 2867 uidebor
964 2807 1084 2869 tradere
1109 2805 1237 2886 exempli
1261 2805 1338 2870 loeo.

433 2889 437 2900 ¹
517 2907 639 2990 syllabis
661 2907 745 2970 sedet
768 2909 923 2980 secundis,
948 2910 1068 2991 quando
1092 2929 1181 2992 prosa
1205 2911 1300 2972 oratio
1323 2922 1378 2981 est.

517 3031 622 3076 versus
645 3022 677 3074 ut
700 3013 830 3094 quadrae
854 3015 988 3085 resistat,
1014 3033 1069 3076 neu
1093 3024 1240 3096 propaget
1264 3014 1435 3077 terminum.

464 3144 503 3185 me
518 3115 699 3179 Nestoris
723 3118 749 3177 si
773 3116 850 3178 lurte
874 3135 984 3180 nomen
1009 3117 1203 3180 dividendum
1227 3119 1398 3186 incurrerit.

518 3219 563 3282 νδ
586 3229 616 3282 et
639 3233 660 3281 Ε
686 3239 790 3282 versus
812 3222 923 3300 prioris
948 3221 1127 3284 obtinebunt
1150 3224 1301 3290 extimum.

518 3325 613 3402 sigma
637 3341 742 3386 versus
765 3325 954 3404 insequentis
977 3335 1067 3406 atque
1090 3325 1154 3386 ταῦ
1178 3325 1346 3388 exordium.

518 3425 694 3490 rostribus
717 3429 806 3490 mutis
830 3428 956 3492 eundern
980 3448 1140 3510 possumus
1164 3445 1362 3509 praeponere,

518 3529 599 3606 nulla
623 3549 691 3593 cum
714 3533 757 3593 sic
780 3534 876 3612 possit
899 3542 968 3595 ante
991 3529 1177 3612 semivocalis
1201 3531 1282 3594 dari:

363 3689 570 3708 ...ιι-

432 3759 570 3814 ets-930
587 3775 610 3808 ν.
631 3760 706 3809 1058.
727 3759 760 3808 59

982 3887 988 3914 l

369 3925 381 3946 ⁰
433 3936 484 3987 899
503 3931 683 4000 prolereudem
703 3931 882 3984 herimannus
906 3931 1059 3998 proferenda
1078 3931 1110 3982 Μ
1177 3935 1228 3984 900
1248 3946 1275 3983 ut
1292 3950 1338 3984 om.
1359 3933 1399 3994 M,
1421 3935 1482 3984 edd.
1501 3934 1679 3984 Locdrnonnns

398 4025 449 4076 903
473 4031 518 4070 aut
545 4018 685 4069 Brisrueur
713 4033 744 4066 nn
769 4017 803 4069 M
868 4019 919 4069 907
947 4033 995 4067 suo
1025 4032 1142 4084 promam
1167 4017 1234 4084 loro]
1261 4038 1283 4072 o.
1310 4023 1378 4069 1228
1399 4035 1457 4086 epp.
1528 4022 1578 4072 909
1602 4035 1678 4082 quem

364 4110 470 4162 Graecis
489 4107 624 4158 Βαναίαν
640 4105 710 4156 miae.
729 4105 788 4157 erit.
805 4121 832 4168 p.
847 4108 887 4162 11,
906 4105 977 4168 quod
996 4105 1096 4171 graecis
1111 4105 1144 4156 ,lI
1210 4109 1259 4158 tlte
1280 4106 1410 4171 poene'.ll
1480 4107 1530 4156 916
1548 4119 1592 4156 unt
1609 4098 1678 4169 σμά-

365 4193 475 4263 ραγδον
494 4189 609 4258 σμιλίον
624 4189 802 4240 Lachmaonus
820 4205 853 4239 an
872 4189 1042 4256 σμάραγδον
1056 4206 1162 4257 ομαιον
1176 4193 1206 4242 M
1223 4209 1254 4242 nn
1274 4183 1443 4257 σμάραγδον
1461 4191 1586 4258 σμηνιόν
1604 4191 1678 4242 Bris-

363 4297 451 4338 aueue.
476 4278 519 4329 udi
541 4287 585 4327 nut
600 4292 652 4342 pro
671 4291 704 4325 au
723 4275 844 4342 Micyllus
914 4278 963 4328 917
982 4270 1083 4344 γάμμα
1106 4277 1190 4328 solum
1211 4277 1332 4344 ,lliryllua
1351 4275 1373 4340 N
1391 4277 1475 4326 solnm
1495 4278 1532 4329 Ji.
1569 4277 1592 4328 ll
1611 4279 1678 4328 enim

364 4367 450 4418 solnm
469 4363 569 4414 uidetur
588 4363 708 4413 ediderat
726 4359 867 4412 Bn'ssueue
937 4353 987 4414 9'18
1005 4363 1088 4413 littera
1107 4364 1169 4414 baec
1187 4365 1327 4420 eilmerus:
1347 4363 1409 4414 baec
1423 4361 1456 4414 ,tl
1510 4365 1560 4415 999
1578 4361 1676 4432 σίγμα]

364 4449 453 4506 δέλτα
473 4451 592 4517 Μίομδατ
662 4449 710 4498 991
731 4445 801 4514 ζῆτα
820 4449 891 4512 quod
905 4449 1025 4514 Micyllus
1044 4449 1059 4514 ζ
1076 4450 1146 4514 quod
1160 4451 1193 4502 M
1204 4449 1274 4519 ζῆτα
1298 4452 1354 4514 nnis
1369 4447 1507 4500 Suntenius
1526 4462 1598 4500 nnete
1616 4463 1679 4514 quet

364 4539 552 4592 Lucbmuunus.
586 4535 668 4586 malim
688 4531 757 4600 ζῆτα
776 4533 930 4586 Graecorum
950 4536 1056 4604 duplex.
1092 4555 1149 4587 nom
1168 4540 1265 4603 darplr'rr'
1284 4537 1440 4588 Graecorum
1457 4538 1545 4587 littera
1563 4551 1585 4594 z.
1605 4553 1679 4604 quam

364 4643 400 4678 ex
418 4641 430 4676 s
450 4633 475 4676 et
493 4624 510 4674 d
528 4630 648 4674 constare
667 4623 799 4672 voluerunt
815 4625 985 4686 prunrnmtirr',
1011 4625 1058 4674 boc
1076 4623 1186 4688 probari
1207 4626 1285 4674 voluit
1306 4623 1487 4680 Terentianus,
1507 4637 1520 4672 s
1538 4629 1599 4673 ante
1617 4639 1678 4674 con-

363 4719 486 4764 sonantes
509 4713 617 4775 positum
642 4710 787 4759 adiunctum
808 4725 896 4760 sonum
919 4711 998 4761 edere
1068 4711 1119 4762 924
1137 4711 1251 4776 quadrae
1270 4709 1447 4760 herimannus
1465 4708 1562 4772 quedre
1581 4709 1614 4764 M

365 4797 415 4848 926
433 4794 468 4849 νῦ
489 4807 514 4846 et
532 4812 546 4846 e
563 4795 743 4846 andmaanur
764 4791 786 4843 tt
805 4807 829 4845 et
849 4793 870 4844 E
890 4794 923 4845 ,tt

1902 4555 1903 4570 t

1902 4725 1903 4740 t

1902 5379 1903 5392 r

1902 5417 1903 5424 i

1717 5449 1903 5534 *A
