3850 5560
707 387 755 438 nn
777 385 914 444 nram
932 387 956 438 v
980 382 1124 436 11-v1o
1214 385 1217 392 ’
1396 427 1399 432 .
1507 369 1572 438 595

636 475 640 482 ’
1396 474 1582 528 patr-manu

256 575 357 630 autern
388 583 449 629 uon
480 568 538 629 uisi
567 520 691 650 paribus
720 566 872 629 conlocari
901 566 983 629 licet.
1034 564 1196 629 trochaeus
1226 573 1298 628 vero
1325 566 1356 629 iu
1384 565 1443 628 boc
1471 575 1580 636 metro,

257 668 338 750 quod
363 687 400 731 ex
416 688 452 732 eo
475 688 586 733 nomen
603 673 731 752 accepit,
755 672 831 733 locis
846 668 998 741 omnihus,
1024 668 1198 772 tribrachys
1208 666 1286 731 locis
1302 667 1442 732 omuibus
1458 677 1582 752 praeter

170 816 173 820 -
257 775 419 862 septimum
443 776 574 855 ponitur
621 773 807 838 trochaicum
832 782 932 836 autem
957 783 1087 836 metrum
1118 761 1256 855 apoetis
1280 774 1398 852 graecis
1427 783 1457 836 et
1479 772 1581 836 latinis
1653 815 1657 821 -

213 907 215 912 v
257 878 469 959 frequentatur
492 875 655 959 [ponitur]‚
680 877 759 956 quod
784 881 874 940 etiam
897 873 981 938 solus
1005 876 1165 940 trochaeus
1187 879 1229 939 ita
1253 874 1375 939 eillcera
1403 883 1518 958 potest,
1549 885 1582 938 ut

231 981 351 1042 scitata
374 983 406 1044 et
427 983 547 1044 minuto
567 981 696 1064 quodam
720 997 813 1042 cursu
836 979 961 1042 ieratur.
1008 980 1099 1042 huius
1122 977 1293 1060 exemplum

387 1094 516 1167 pastor
538 1082 589 1147 ille
611 1103 702 1170 saepe
726 1101 813 1145 mane
836 1081 924 1147 dulce
947 1100 1069 1146 carmen
1093 1081 1247 1165 insonat}
1330 1151 1336 1156 .
1652 1159 1656 1165 Ι

257 1187 311 1250 sed
335 1185 537 1251 liberioribus
557 1196 646 1270 atque
669 1185 865 1250 solutioribus
894 1188 1029 1250 numeris
1052 1194 1083 1248 et
1105 1185 1141 1248 ad
1170 1203 1221 1248 res
1243 1185 1439 1266 explicandas
1460 1184 1583 1248 adcout-
1608 1179 1613 1186 '

258 1290 480 1354 modatloribus
511 1291 683 1368 trochaicus
719 1309 822 1354 versus
857 1301 918 1360 est,
958 1290 988 1352 iu
1018 1308 1078 1372 quo
1108 1290 1244 1371 inparem
1280 1291 1380 1352 locum
1413 1287 1584 1358 trochaeus,

212 1423 217 1428 ·
258 1412 361 1474 parem
400 1413 484 1467 sero,
518 1397 550 1458 iu
583 1403 729 1478 quantum
765 1412 889 1458 necesse
924 1403 985 1465 est,
1020 1392 1166 1476 spondius
1199 1398 1340 1524 occupat,
1372 1403 1405 1455 ut
1434 1403 1479 1454 est
1508 1389 1582 1454 iilud

221 1513 246 1554 ro
260 1497 446 1571 Terentiam,

305 1663 306 1668 ,
413 1599 515 1666 nulla
540 1621 603 1665 vox
626 1601 783 1666 bumana
807 1609 959 1666 constat
981 1601 1118 1682 absque
1141 1609 1286 1680 septem
1310 1599 1465 1664 litteris.

152 1766 159 1774 .
200 1759 204 1765 .
258 1707 291 1768 ut
313 1709 405 1791 etlam
429 1705 615 1770 trocltaicum
640 1717 772 1769 metrum
794 1708 851 1778 ita,
882 1716 915 1768 ut
937 1707 967 1769 iu
998 1723 1033 1768 eo
1056 1703 1216 1768 adsiduum
1246 1702 1416 1784 tribrachys
1445 1701 1603 1765 obtineat·
1710 1707 1711 1712 ’

257 1787 368 1915 locutu,
390 1819 423 1872 ut
447 1819 492 1872 est
514 1807 587 1870 iilud
611 1808 690 1889 apud
714 1808 828 1880 labam,

190 1893 193 1904 ¹
406 1913 509 1995 qualis
532 1909 631 1992 aquila
656 1915 713 1974 cita
738 1911 889 1975 celeribus
912 1909 1000 1974 avida
1020 1912 1119 1995 piuuis
1144 1878 1315 1975 transvolat.

187 2101 189 2105 ι
223 2015 314 2078 used
338 2016 465 2080 offendit
489 2034 579 2078 aures
605 2017 671 2079 siue
700 2014 761 2079 ulla
791 2013 924 2097 syllabae
951 2013 1058 2095 longae
1088 2016 1299 2078 interiectione
1327 2013 1467 2078 brevium
1495 2015 1583 2095 sylla·
1615 2075 1621 2082 .

194 2159 197 2168 -
258 2105 367 2182 barum
397 2121 514 2201 prolixa
543 2121 727 2198 coniunctio.
773 2119 862 2182 nobis
888 2127 988 2181 autem
1017 2120 1204 2200 propositum
1233 2129 1278 2180 est
1301 2136 1317 2181 a
1340 2119 1466 2182 metrica
1496 2117 1583 2180 disci·

259 2221 342 2303 plina
366 2225 470 2302 procul
495 2226 596 2286 omnia
619 2221 782 2304 repellero,
807 2219 883 2301 tynae
907 2221 1139 2302 abauditorum
1171 2220 1583 2302 delectatiouediscrepeut,

172 2309 177 2316 ’
259 2329 452 2404 quamvlsca
476 2327 585 2408 pedum
606 2325 612 2408 Ι
632 2331 781 2390 ratlouem
810 2329 969 2407 recipiant.
1022 2333 1112 2407 alque
1142 2324 1256 2387 idcirco
1280 2326 1309 2387 ln
1338 2324 1397 2388 boc
1426 2332 1524 2387 metro
1554 2335 1584 2386 et
1623 2315 1629 2323 ’

259 2427 430 2512 tribrachys
453 2440 485 2493 et
507 2430 642 2512 dactylus
666 2439 696 2492 et
718 2439 899 2511 anapaestus
915 2446 975 2491 nnn
998 2431 1056 2491 uisi
1079 2424 1169 2510 quam
1184 2429 1359 2510 parcissime
1383 2436 1412 2491 et
1435 2426 1585 2491 consultis
1632 2429 1635 2434 '

221 2520 348 2614 noprius
373 2533 499 2596 auribus
527 2532 706 2596 admittendi
740 2542 821 2594 sunt.
859 2531 954 2610 :quod
980 2535 1076 2612 ptiam
1105 2533 1135 2594 iu
1170 2531 1302 2594 iambico
1336 2540 1451 2595 metro.
1471 2533 1584 2594 servari

260 2635 412 2699 ridemusc
437 2654 506 2699 nam
531 2638 650 2700 umctsi
672 2635 815 2698 omnibus
837 2634 996 2716 inparibus
1019 2637 1088 2698 eius
1115 2638 1205 2698 metri
1232 2633 1308 2697 locis
1337 2633 1510 2716 tribrachyn
1533 2643 1586 2696 aut

259 2749 457 2819 anapaestum
489 2750 542 2802 aut
573 2738 723 2821 dactylum
753 2737 932 2803 conlocandi
955 2737 1081 2802 lacultas
1106 2746 1167 2809 est,
1194 2756 1263 2800 rara
1288 2745 1388 2801 umen
1419 2755 1523 2801 eorum
1552 2741 1585 2800 ut

260 2840 414 2904 admixtio
461 2863 557 2925 neque
580 2841 639 2906 ulla
664 2841 745 2905 rel'
738 2861 769 2906 tn
797 2842 930 2904 iambico
959 2841 1004 2903 vel
1036 2846 1066 2905 in
1096 2837 1248 2904 trochaico
1278 2849 1376 2904 metro
1404 2839 1504 2904 iambo
1534 2850 1586 2902 aut

259 2944 402 3008 trochaeo
430 2965 521 3028 quam
548 2965 616 3009 cum
641 2945 768 3028 spondio
791 2955 841 3008 aut
870 2948 970 3026 aptior
992 2954 1045 3008 aut
1074 2947 1260 3027 frequentior
1289 2953 1388 3026 potest
1415 2963 1480 3006 esse
1511 2962 1583 3007 con·
1597 2989 1601 2994 ·

220 3051 390 3112 eiunctio.

331 3378 345 3427 1
365 3387 467 3428 troceos
486 3392 547 3428 uero
567 3379 592 3429 A
697 3379 833 3444 hpmeter
851 3377 943 3442 illlum
967 3380 1025 3432 cod.
1045 3365 1189 3446 Saracenas
1203 3388 1304 3446 praeter
1327 3379 1440 3446 septimo
1461 3377 1515 3440 'PA

225 3462 230 3468 '
260 3467 277 3516 ³
296 3472 381 3514 auum
399 3477 448 3514 ont.
469 3467 493 3516 A
563 3466 581 3515 t
598 3463 744 3528 frequenter
763 3465 867 3530 ponitur
885 3471 1020 3518 corrector
1038 3465 1172 3516 codtcleA
1194 3465 1383 3528 frequentatum
1405 3465 1511 3531 ponitur
1527 3465 1584 3516 cod.

261 3549 397 3616 Serapem.
417 3550 524 3616 ponitur
546 3551 652 3602 restruit
675 3551 864 3616 Heuainperae.
909 3549 1118 3613 frequentissime
1142 3552 1247 3616 punitur
1269 3552 1362 3616 lephna
1385 3552 1487 3612 videtur
1512 3548 1586 3600 Beda

260 3653 290 3701 p.
309 3637 402 3700 2379,ι
419 3647 527 3686 metrum
553 3635 709 3686 trochaicum
740 3645 914 3686 tetrametrum
944 3636 979 3699 (h.
1004 3651 1026 3687 e.
1051 3642 1174 3702 quattuor
1197 3637 1339 3698 trochaei),
1368 3635 1439 3699 quod
1463 3651 1478 3684 n
1500 3635 1585 3701 poetis

261 3720 364 3787 graecis
381 3731 406 3772 et
424 3721 511 3774 latinis
525 3720 741 3792 ireqtteutissime
764 3723 883 3788 ponitur,
907 3723 997 3788 recipit
1021 3721 1169 3772 trochaeum
1193 3721 1255 3772 locis
1280 3721 1413 3778 omnibus,
1437 3719 1585 3786 spondeum
1670 3717 1671 3720 ’

263 3805 383 3858 omnibus
408 3819 508 3874 praetor
532 3810 650 3861 tertium⁸¹
685 3809 791 3860 Mallias
808 3816 892 3860 autem
914 3810 946 3859 de
968 3808 1103 3860 trochaica
1118 3815 1199 3859 metro
1221 3810 1307 3873 plana,
1331 3821 1406 3873 paam
1430 3821 1497 3873 qaae
1520 3821 1586 3856 nanc

262 3893 289 3943 in
307 3893 379 3944 tibris
397 3900 423 3944 et
441 3896 468 3944 ia
486 3896 621 3959 excerptis
642 3895 738 3946 iuliani
754 3901 856 3946 restant
874 3896 908 3946 de
926 3901 1075 3955 octavarum,
1093 3895 1166 3961 ,qaod
1183 3895 1224 3956 ille
1243 3893 1353 3950 dicebat,
1360 3893 1518 3956 'compserat
1623 3881 1629 3898 '

263 3989 350 4046 potest
362 3979 468 4038 incitato
483 3981 532 4032 ΡΑ
552 3990 638 4047 potest
658 3991 686 4029 ut
702 3981 809 4033 incitato
823 3981 852 4032 H
895 3983 898 3988 '
921 3982 937 4032 ‘t
956 3979 1124 4030 solutioribus
1140 3977 1303 4030 Baduhennae
1320 3976 1522 4028 absolutionibus
1535 3976 1585 4029 ΡΑ

332 4051 494 4116 Strocaicos
515 4067 651 4118 aternusA
727 4065 800 4135 locus
820 4067 845 4118 A
921 4062 1314 4132 llutrllalTereatt'aa.1300
1392 4075 1476 4114 coarat
1494 4062 1520 4113 P

265 4137 439 4202 nauteam
459 4152 488 4202 ιι
507 4151 561 4202 neu
582 4153 659 4203 ettam
679 4151 727 4203 ra
822 4153 854 4202 ta
874 4136 974 4220 lutam]
995 4151 1083 4202 tutum
1103 4152 1128 4201 ι
1223 4151 1256 4201 ιι
1274 4143 1371 4218 quous]
1393 4149 1464 4200 „aaa
1487 4148 1600 4200 aaaron·
1708 4155 1710 4164 ·

262 4253 290 4302 ρ.
302 4237 345 4292 aa.
365 4239 396 4288 ιι
413 4221 509 4303 [rapu.
528 4235 596 4290 aot.
616 4239 648 4289 ae
666 4237 781 4290 enatus
798 4254 826 4302 ρ.
840 4241 892 4289 aaa
910 4240 949 4292 ea.
974 4237 1050 4290 Vina.
1097 4236 1181 4302 quau
1194 4235 1312 4288 ruram
1329 4253 1357 4301 ρ,
1372 4239 1414 4292 aa.
1434 4233 1523 4298 quates
1537 4235 1586 4284 ΡΑ

316 4322 425 4373 celerias
444 4325 470 4374 A
541 4325 634 4390 pennis
654 4325 711 4376 cod.
731 4323 865 4390 Serapem,
884 4331 909 4374 et
928 4323 1045 4375 Iulianae
1128 4325 1161 4374 lii
1180 4322 1294 4373 offendet
1311 4321 1336 4372 P
1410 4320 1588 4370 interiectione

264 4407 380 4481 brevium
399 4407 556 4474 syllabarum
575 4408 679 4476 prolixa
701 4410 848 4460 couiuuctio
868 4409 896 4460 H
919 4411 1096 4462 interlectione
1118 4421 1143 4460 et
1162 4411 1278 4460 breuium
1302 4406 1459 4473 syllabarum
1483 4405 1606 4471 prolixa

265 4493 398 4559 (proxima
417 4494 451 4558 P)
470 4495 652 4546 coniunctione
673 4496 719 4548 ΡΑ
792 4497 823 4546 17
842 4495 874 4546 ab
893 4495 1039 4547 auditomm
1059 4495 1087 4547 H
1105 4495 1136 4546 ad
1157 4495 1343 4547 auditorumA
1363 4492 1397 4542 ad
1414 4492 1544 4542 aditorum
1563 4491 1589 4541 P

211 4613 214 4617 -
318 4579 350 4630 tu
368 4580 488 4644 quumvis
508 4593 538 4630 ea
561 4579 657 4647 pedum
677 4565 802 4633 rationem
823 4581 948 4648 recipiant
965 4582 994 4632 H
1012 4584 1132 4646 quamuis
1153 4583 1242 4645 (quam
1262 4581 1296 4643 P)
1324 4592 1354 4629 ea
1372 4577 1467 4644 pedum
1487 4578 1586 4628 ratione

265 4667 392 4732 recipient
408 4665 458 4717 ΡΑ
478 4679 556 4729 quant
575 4680 605 4716 eo
628 4676 717 4732 petum
741 4666 867 4718 rationem
886 4669 1012 4734 recipiant
1029 4669 1087 4718 cod.
1106 4666 1197 4719 Bamb.
1218 4665 1337 4728 quamuis
1357 4679 1387 4714 ea
1406 4664 1502 4730 pedum
1520 4664 1587 4714 ratio

266 4753 373 4818 recipiat
390 4767 485 4804 censor
502 4753 623 4803 editionis
641 4752 868 4818 Heminae-tanae
886 4761 937 4804 act.
957 4753 1030 4804 mad.
1050 4752 1124 4818 hips.
1144 4769 1169 4804 a.
1188 4753 1256 4802 1⁷⁵9
1273 4766 1302 4816 p.
1323 4751 1356 4800 40
1430 4751 1455 4800 lu
1475 4745 1535 4814 boc]
1553 4749 1585 4800 ab

266 4835 313 4886 hoo
330 4837 390 4892 PA.
427 4853 462 4889 aa
480 4837 513 4889 ad
531 4837 581 4888 hoc
599 4839 727 4888 metrum?
809 4840 843 4889 20
861 4840 960 4890 servari
980 4837 1106 4888 videmus·¹
1117 4835 1281 4888 Ratialreut'us
1298 4849 1404 4887 seruare
1424 4835 1542 4887 uidemus
1562 4835 1588 4886 P

266 4936 371 4976 seruare
388 4925 534 4978 uidebimus
555 4926 579 4975 A
599 4939 705 4975 seruare
722 4917 846 4976 debemus
864 4924 893 4976 H
962 4926 995 4975 ’22
1014 4921 1083 4993 rara]
1104 4937 1159 4975 rata
1178 4927 1203 4976 A
