3874 5556
919 702 969 756 DE
988 702 1166 756 Pontiani:

469 824 579 886 Poema
609 833 655 886 ost
678 825 812 886 narratio
843 825 975 887 numeris
998 834 1027 887 ct
1051 823 1191 888 versibus
1213 841 1338 886 conexa.
1382 825 1487 903 poesis
1509 834 1555 888 est
1579 842 1697 906 poema·

383 937 445 990 tum
470 928 565 989 series
587 925 610 1008 †
633 927 786 1010 qualitatis
809 925 902 990 rebus
924 929 1026 1008 gestis.
1073 930 1191 1010 poetice
1214 935 1260 990 est
1282 925 1408 991 facultas
1429 927 1699 992 versificationibus

382 1030 540 1112 lingendis.
588 1040 758 1111 poematum
783 1031 1019 1094 versificationes
1042 1031 1202 1094 laudantur
1225 1033 1324 1112 graiis
1347 1039 1377 1094 et
1398 1030 1498 1114 piena,
1521 1030 1655 1114 aequalis
1670 1039 1699 1092 et

381 1142 562 1216 temperata.
595 1133 716 1197 subtilis
739 1142 770 1196 et
793 1136 1027 1215 circumspecta,
1051 1133 1157 1197 tlorida
1181 1143 1211 1196 et
1234 1143 1374 1206 venusta.
1398 1135 1508 1217 quibus
1531 1136 1724 1200 contrariaea

379 1247 449 1302 sunt
483 1237 596 1302 tumida
631 1247 662 1300 et
696 1237 857 1308 dissoluta,
892 1237 977 1301 exilis
1007 1247 1037 1300 et
1065 1239 1175 1302 iocosa.
1222 1257 1349 1320 poeseos
1383 1257 1495 1320 genera
1526 1247 1598 1300 sunt
1632 1239 1697 1308 tria,

380 1341 511 1412 actuale.
541 1343 743 1411 narrativnm.
767 1343 1002 1404 coniunctirum.
1032 1341 1147 1405 actuale
1171 1343 1321 1421 estquod
1346 1344 1454 1406 Graeci
1478 1342 1629 1404 drasticon
1652 1341 1697 1402 di-

380 1455 461 1514 cnnl,
486 1444 537 1507 nbi
562 1454 649 1525 proeta
674 1471 689 1506 s
713 1445 815 1527 lyrica,
841 1445 1003 1525 tragoedia.
1028 1447 1164 1528 satyrica,
1189 1455 1385 1527 praetextata,
1409 1445 1576 1518 comoedia,
1601 1445 1698 1508 taber·

380 1549 475 1620 naria,
499 1546 643 1634 dteliana,
668 1548 859 1618 libintonico,
884 1551 1014 1612 mimica.

923 1823 999 1886 ,on
1018 1823 1141 1878 vcnsv
1293 1891 1302 1900 ,
1712 1841 1737 1878 10

466 1945 578 2009 Versus
601 1955 646 2008 est
668 1945 777 2026 pedum
801 1956 884 2008 certa
901 1964 1051 2008 mensura.
1090 1963 1202 2026 genera
1219 1965 1361 2009 versuum
1378 1957 1577 2011 suntnosem.
1615 1947 1697 2028 prin-

378 2069 450 2132 ceps
473 2068 570 2131 genus
593 2069 733 2112 rensuum
758 2049 929 2120 heroicum,
960 2049 1038 2129 ipmd
1069 2057 1098 2110 et
1128 2069 1201 2132 epos
1224 2050 1338 2112 dicitur
1361 2059 1391 2112 et
1413 2049 1597 2130 dactylicum
1626 2048 1698 2112 alte·

379 2172 464 2224 rom,
489 2153 569 2234 quod
593 2151 742 2216 iambicon
766 2151 888 2222 dicunt,
917 2153 996 2216 unde
1025 2171 1152 2232 graecos
1180 2171 1285 2216 versus
1308 2155 1463 2216 trimetros
1486 2171 1541 2216 nos
1564 2155 1698 2215 senarios

378 2258 522 2328 dicimus:
547 2257 681 2325 tertium,
706 2253 786 2336 quod
812 2256 984 2319 trocbaicon
1007 2255 1191 2339 appellatnr;
1215 2267 1365 2336 quartum,
1389 2255 1470 2340 quod
1487 2257 1696 2336 anapaesticon

378 2361 506 2432 dicitur,
536 2368 638 2442 aptum
669 2358 771 2420 eboris
794 2371 824 2421 et
851 2361 983 2440 tragicae
1012 2359 1164 2439 dignitati:
1199 2364 1354 2440 quintum,
1379 2361 1457 2443 quod
1482 2363 1695 2442 antispasticon
1711 2379 1735 2419 rc

379 2465 494 2534 dicunt.
518 2463 599 2526 unde
615 2460 719 2544 piures
736 2460 806 2523 meli
822 2471 1064 2544 componuntur;
1088 2471 1205 2524 sextum
1223 2465 1418 2534 contrarium,
1443 2461 1524 2546 quod
1549 2463 1697 2525 eboriam·

378 2566 467 2630 bicon
492 2567 662 2636 nominant:
687 2567 847 2648 septimum
871 2565 991 2629 ionicon
1008 2558 1075 2628 cinti
1090 2564 1244 2646 μειζονος
1255 2575 1358 2646 aptum
1381 2566 1525 2630 sotadicis
1549 2567 1696 2630 versilica·

378 2669 514 2732 tionibus
544 2679 574 2731 et
605 2667 746 2730 mollibus
777 2667 931 2740 rersilrus;
966 2679 1118 2746 octauum,
1154 2669 1233 2750 qirod
1263 2671 1395 2732 lonicum
1424 2663 1484 2732 ἀπ’
1515 2663 1699 2744 ἐλάσσονος

377 2775 500 2845 dicitur,
525 2781 555 2834 et
578 2773 634 2836 boc
658 2771 694 2834 ad
720 2771 893 2852 rhythmum
913 2771 1073 2836 tibicinum
1097 2775 1254 2845 convenit:
1279 2793 1401 2846 nonum,
1426 2773 1506 2857 quod
1530 2776 1697 2855 paeonicon

377 2875 555 2961 appellatur.
820 2922 827 2930 .
1711 2897 1737 2936 aa

889 3097 939 3152 DE
958 3097 1188 3152 aeconomus

463 3205 613 3286 docentus
626 3229 697 3283 sunt
719 3229 790 3290 tres,
815 3228 920 3284 acutus
943 3221 1040 3300 gravis
1064 3229 1093 3281 et
1116 3221 1339 3284 circumflexus.
1363 3221 1474 3304 reliqui
1499 3224 1577 3286 enim
1609 3233 1696 3304 quat·

380 3339 458 3398 tuor,
481 3326 591 3408 longus
614 3324 712 3388 breuis
734 3323 810 3384 ienis
833 3322 1012 3406 adspiratus,
1035 3332 1158 3385 tenores
1175 3325 1380 3404 potiusquam
1397 3337 1540 3390 accentus
1556 3327 1698 3390 dictionis

295 3416 300 3426 ¹
380 3439 449 3494 sunt
472 3429 672 3492 existimandi.
716 3446 783 3489 nam
808 3427 904 3489 omnis
927 3425 1050 3510 syllaba,
1075 3446 1151 3508 quac
1174 3427 1304 3508 aliquem
1328 3449 1345 3492 e
1369 3427 1464 3492 tribus
1487 3423 1697 3514 superioribus

378 3535 435 3598 sibi
459 3531 603 3604 vindicat,
628 3535 731 3610 utique
750 3529 828 3592 'alias
851 3532 1016 3610 ingenitam
1041 3529 1097 3591 sibi
1122 3529 1211 3592 babet
1234 3540 1285 3593 aut
1316 3530 1533 3612 longitudinem
1556 3543 1608 3596 aut
1630 3534 1738 3600 bre-es

378 3641 498 3700 ritatem
522 3647 572 3699 arnt
594 3634 746 3698 lenitatem
770 3641 820 3695 ant
844 3632 1088 3714 adspirationem.
1133 3652 1209 3714 quae
1233 3636 1257 3696 si
1280 3645 1422 3699 accentus
1445 3647 1560 3710 essent,
1584 3639 1698 3720 pariter

378 3739 454 3804 dune
476 3737 607 3822 syllabae
629 3741 660 3802 in
684 3755 777 3799 arnum
801 3745 940 3798 constare
963 3754 1023 3798 non
1048 3745 1180 3816 possent.

445 3995 462 4043 o
485 4005 596 4057 poeseos
622 4001 717 4054 genera
740 4011 773 4022 -
797 3987 813 4036 o
832 3985 935 4035 mimica
954 3985 1036 4038 Diona.
1056 3987 1118 4049 482,
1132 3987 1166 4036 23
1190 4031 1194 4040 ,
1247 3986 1361 4052 illyrica
1379 4013 1414 4026 -
1431 3991 1448 4040 9
1466 3989 1568 4039 mimica
1585 4007 1613 4055 p.
1628 3993 1697 4042 2672

450 4078 482 4128 10
501 4075 544 4126 bt:
564 4072 680 4125 VERSV
697 4089 726 4140 p.
746 4075 814 4123 2672

449 4303 462 4352 1
483 4300 526 4351 DE
546 4297 705 4350 rutilant
725 4315 772 4349 om.
786 4309 812 4354 ς,
832 4297 893 4346 add.
908 4294 933 4344 B
985 4295 1135 4344 coannexa
1156 4311 1249 4362 poema
1268 4309 1307 4347 est
1325 4307 1472 4364 poematum
1487 4299 1566 4350 series
1585 4297 1611 4349 B
1634 4315 1697 4350 con·

378 4386 453 4422 nexa.
472 4385 511 4422 est
530 4381 678 4438 poematum
697 4369 813 4422 ser-less
900 4366 1036 4421 cracina,
1060 4381 1135 4432 quium
1152 4367 1272 4426 indicaui,
1297 4367 1458 4431 definitiones
1483 4373 1557 4418 trium
1573 4385 1697 4434 peamau

377 4456 487 4505 poeseos
505 4440 667 4490 exciderunt.
693 4445 835 4502 sequnntur
853 4435 947 4486 deinde
965 4434 1066 4500 specim
1084 4437 1187 4498 pencris
1204 4437 1315 4486 octuolis
1383 4437 1399 4486 9
1423 4436 1531 4488 atellana
1552 4437 1698 4502 rlrytlrmica

379 4511 479 4559 nrirnicn
501 4507 524 4558 B
544 4507 661 4558 sittelliin
680 4505 793 4555 Vitinica
814 4505 951 4559 ilinricns
1023 4503 1053 4552 10
1072 4501 1115 4551 DE
1136 4501 1250 4553 VERSV
1269 4519 1316 4554 nm.
1331 4515 1356 4566 ς,
1375 4503 1476 4555 ΜΗ
1531 4507 1562 4556 13
1578 4507 1696 4570 sortasse

379 4579 446 4628 irride
468 4577 557 4626 lirneci
586 4576 711 4625 iambicos
734 4589 824 4624 versus
849 4575 977 4622 nirnetros
1001 4571 1103 4634 dicunt,
1128 4587 1176 4622 nos
1200 4575 1318 4623 scutarios
1340 4574 1450 4622 dicimus
1540 4575 1571 4624 ld
1593 4572 1696 4643 dicunt]

379 4657 507 4701 noonnts
578 4647 609 4695 17
633 4645 771 4710 septimum
791 4644 893 4694 tout-on
914 4632 972 4692 dud
991 4639 1122 4704 μείζονος
1146 4654 1234 4707 npunu
1255 4643 1384 4691 sodalitiis
1406 4643 1644 4694 nemitlcmionibns
1664 4662 1697 4696 ex

378 4715 498 4764 nudlibns
512 4715 630 4764 uersibus
645 4725 765 4764 octarium
784 4712 854 4774 qtrod
873 4723 950 4769 novoe
969 4712 1063 4759 dicitur
1083 4709 1106 4759 B
1125 4711 1268 4776 Septimum
1288 4711 1402 4760 truncum
1422 4728 1434 4754 ι
1452 4725 1542 4778 nptrrm
1561 4713 1697 4766 sodaliciis

380 4784 628 4833 nemiiicutionibns:
647 4797 678 4832 ux
698 4781 818 4831 mollibus
839 4781 967 4830 mosibus.
996 4780 1120 4828 Octauiam
1143 4780 1211 4843 qrrod
1232 4794 1305 4829 tortos
1325 4779 1453 4836 dicituro
1523 4779 1699 4834 21οΕΑο-

379 4851 544 4902 censitis
563 4864 650 4914 onis,
670 4849 769 4903 cadmi}
857 4851 890 4898 23
912 4847 1011 4904 lenisg
1034 4849 1099 4898 ienis
1121 4847 1145 4897 lt
1232 4859 1353 4897 accentus
1376 4849 1496 4900 dictionis
1521 4864 1581 4900 sum
1605 4853 1697 4903 existi-

379 4921 464 4970 mandi
485 4934 500 4976 ς
518 4934 638 4968 :incrinus
657 4920 775 4969 lectionis
794 4919 960 4968 existinmndi
979 4923 1031 4966 sint
1050 4916 1074 4966 B
1145 4919 1177 4966 di
1196 4917 1298 4980 aliquod
1320 4915 1345 4966 B
1357 4929 1374 4973 ς
