3874 5556
571 321 574 328 ’
617 325 620 332 ’
691 315 951 406 susurrum
974 355 1024 405 me
1047 355 1219 408 srcnscrs
1420 373 1484 408 2
1647 361 1652 392 ε
1873 365 1875 375 ⁴
1927 394 1932 402 .

303 445 340 492 p.
353 439 411 482 288⁰.
426 439 451 481 et
465 439 492 482 P.

575 545 654 612 quae
678 537 784 613 tropus
806 527 911 594 omnes
935 529 1087 614 relinquat
1108 541 1140 596 et
1162 510 1482 617 superba'schem'ata

575 633 795 714 neglegerent
818 642 913 698 semet
936 635 1000 716 ipsa
1014 633 1144 700 iaudem
1167 637 1205 701 ab
1228 632 1344 704 incultu
1368 639 1461 710 seraa:
1544 683 1549 690 -

521 735 647 802 medum
670 746 772 802 umen
794 735 888 800 rebus
911 739 1051 812 minutis,
1076 757 1151 820 quas
1173 741 1284 823 pedum
1309 741 1386 806 iiber
1409 727 1529 828 quo'que

573 842 621 904 rix
644 850 736 924 queat
759 841 897 922 proferre
919 859 1021 904 sermo
1045 850 1147 907 noster
1170 843 1284 907 ciiensa
1307 847 1385 918 sine,
1609 840 1612 848 '

540 933 549 944 ⁴
573 942 657 1009 labili
681 963 771 1010 versu
795 946 948 1009 ministret
971 947 1124 1009 inretusos
1146 947 1255 1018 exitus,

572 1047 711 1129 reguiam
733 1067 860 1113 servans
883 1046 1012 1128 ubique.
1036 1049 1105 1118 finis
1128 1059 1164 1114 ut
1183 1053 1284 1136 quarti
1308 1051 1393 1134 pedis

573 1153 704 1215 nominis
727 1149 849 1215 verbine
872 1151 933 1214 tine
957 1162 1074 1214 comnia
1098 1153 1231 1235 primum
1256 1157 1412 1218 terminet:

439 1327 442 1332 ,
519 1253 631 1319 mohac
655 1255 735 1318 euim
758 1263 840 1318 tome
863 1253 1011 1337 probatur
1033 1235 1234 1318 meirunhuc
1258 1257 1471 1342 trochaicum:

571 1356 654 1423 hunc
678 1356 802 1421 mudum
825 1360 851 1420 si
866 1349 1060 1441 'competenti
1083 1359 1209 1440 pertulit
1232 1359 1324 1423 ductu
1347 1360 1444 1434 stilus,

571 1463 635 1523 sive
658 1461 778 1543 provisu
801 1468 908 1526 tenore
931 1463 1021 1525 cessit
1044 1461 1169 1526 eiiectus
1192 1460 1289 1536 labor,

571 1563 672 1628 acrius
694 1583 747 1628 vos
770 1564 894 1648 pendite
916 1566 990 1638 isia,
1014 1583 1105 1648 quam
1128 1564 1269 1646 malignis
1291 1568 1384 1629 meris
1408 1577 1462 1630 est.

495 1665 500 1678 '
572 1667 630 1731 hoc
651 1667 736 1732 domi
759 1667 893 1732 clausum
918 1667 1067 1742 manebit,
1092 1671 1269 1733 necsinam
1293 1673 1497 1754 pessimius,
1797 1745 1800 1750 ,

517 1793 557 1836 su
570 1771 746 1853 scrupulum
770 1790 861 1854 quam
883 1774 982 1836 vestra
1006 1771 1107 1836 demat
1129 1771 1209 1836 hunc
1233 1772 1308 1837 mihi
1331 1756 1621 1845 sententia‘sm*
1703 1751 1742 1864 f)
1813 1821 1817 1830 .

426 1944 432 1950 ,
547 1889 663 1957 ιὀροτει
687 1873 775 1938 nobis
798 1874 873 1939 haec
895 1877 996 1939 inanis
1019 1894 1097 1940 anne
1120 1877 1151 1938 in
1174 1893 1261 1938 usum
1285 1879 1420 1960 impensa
1444 1880 1495 1942 sii.
1650 1875 1653 1880 ’
1714 1867 1716 1872 ’

571 1977 623 2040 sed
649 1976 733 2040 tabor
757 1975 841 2040 robis
863 1979 1009 2043 ierendus
1031 1979 1063 2042 tn
1085 1977 1214 2059 legendo
1238 1986 1284 2041 est
1306 1981 1470 2044 maximus:

570 2099 631 2144 nun
655 2082 735 2144 enirn
759 2083 947 2144 cursim'aui
970 2081 1096 2144 remisse
1118 2090 1180 2143 tam
1203 2085 1318 2146 minuta
1343 2085 1488 2149 acumina·
1592 2159 1603 2180 f
1639 2067 1643 2074 ¹

569 2184 694 2268 adsequi
717 2187 902 2267 quicumque
925 2185 1052 2274 poterit,
1076 2184 1129 2248 seii
1153 2203 1272 2250 morosa
1295 2186 1423 2250 Intentio

516 2308 557 2352 sau
571 2297 631 2351 iam
653 2287 766 2370 legenti
790 2287 882 2351 dubet
906 2307 989 2360 esse,
1014 2305 1103 2368 quam
1127 2289 1185 2351 iuti
1208 2287 1295 2352 nobis
1319 2307 1449 2370 quoque,

568 2392 621 2475 qui
643 2389 778 2454 laborem
802 2391 1010 2473 provocando,
1034 2391 1242 2472 perdomandc
1265 2391 1408 2466 taedium,

510 2479 514 2486 ⁴
567 2495 696 2559 iursitan
718 2512 776 2558 nec
798 2495 875 2558 lecta
898 2495 1001 2558 multis
1024 2513 1040 2558 e
1063 2493 1190 2558 latebris
1212 2493 1401 2578 scaipsimns,
1428 2577 1431 2584 Δ

486 2601 491 2608 ’
567 2597 654 2662 ardui
677 2595 798 2660 iaudenr
820 2605 1011 2680 expetentes,
1037 2617 1097 2662 non
1120 2599 1253 2662 iacerem
1278 2617 1315 2662 ex
1339 2597 1444 2664 obviis.

568 2700 751 2782 corrigenda
774 2703 860 2785 siqua
884 2718 956 2765 sana
980 2704 1042 2764 visa
1066 2701 1151 2766 vobis
1174 2701 1245 2767 irinc
1268 2708 1368 2774 erunt,
1426 2765 1429 2772 ,

514 2801 554 2870 'aas
569 2822 628 2868 non
652 2823 705 2868 eru
730 2803 821 2868 stulte
844 2821 1017 2886 repugnans
1040 2814 1093 2869 aut
1116 2823 1219 2868 amans
1242 2824 1335 2888 prave
1359 2826 1435 2876 mea,

567 2910 640 2992 quin
663 2910 764 2972 statim
788 2906 936 2989 culpanda
960 2907 1064 2970 delens
1087 2907 1249 2990 praebeam
1273 2911 1366 2973 rectis
1389 2908 1502 2972 iocum.

611 3011 734 3075 Litteris
757 3021 857 3075 eutem
881 3011 997 3084 latinis,
1022 3029 1129 3092 graeca
1153 3011 1262 3093 quibus
1286 3021 1314 3074 et
1335 3012 1475 3084 immuta,

566 3135 627 3199 quo
649 3117 751 3178 statim
774 3116 1038 3187 discriminentur,
1063 3133 1101 3178 ne
1123 3116 1163 3179 sii
1184 3114 1352 3186 haesitatio,

566 3219 684 3283 indices
707 3237 798 3300 supra
823 3218 918 3282 iocari
942 3219 1096 3282 nominum
1120 3221 1235 3301 primas
1257 3213 1362 3282 notas.¹

513 3343 552 3386 aso
566 3321 686 3404 quando
706 3339 815 3410 graece
837 3315 960 3405 γάμμα,
984 3339 1075 3404 supra
1099 3332 1152 3384 sua
1175 3320 1277 3384 Ietinis
1299 3319 1399 3385 iittera
1423 3329 1477 3387 esi.

566 3445 582 3488 e
605 3425 650 3488 rei
673 3445 692 3488 ο
715 3443 858 3506 graecum
881 3432 1004 3505 putetur
1029 3444 1065 3488 ne
1090 3424 1264 3489 Latinorum
1288 3437 1310 3486 it
1333 3424 1380 3487 rei
1403 3439 1434 3498 ο,

565 3547 626 3592 neu
648 3529 796 3598 vicissim.
820 3547 897 3611 quae
920 3527 1022 3600 iaiina,
1046 3530 1185 3610 pruieras
1207 3525 1427 3610 graeco'scno,

566 3631 640 3696 haec
663 3641 752 3695 erunt
774 3633 927 3712 utrimque
951 3630 1019 3694 bina
1043 3649 1121 3714 quae
1145 3640 1254 3714 parent
1275 3629 1466 3712 caliginem,'

565 3737 634 3816 quis
657 3738 723 3818 pari
745 3735 843 3797 turma
867 3743 1009 3797 notantur
1032 3744 1062 3798 et
1085 3737 1152 3798 soni
1175 3743 1246 3798 sunt
1268 3733 1427 3816 simplicis:

511 3856 551 3900 aas
565 3848 701 3901 ceterum
724 3825 789 3920 ἦτα
812 3846 843 3901 ei
865 3859 892 3902 ω
915 3840 1016 3903 latinis
1040 3857 1056 3901 a
1079 3839 1183 3918 tiguris
1206 3837 1391 3919 discrepant.

525 4009 529 4016 ,
564 3957 587 4004 Δ
611 3939 702 4005 iatine
725 3961 815 4024 saepe
839 3951 873 4005 ut
895 3935 1005 4022 ἄλφα,
1029 3961 1120 4024 saepe
1144 3921 1256 4022 λάβδα
1279 3941 1438 4004 scribitur:

564 4060 577 4108 1
600 4044 741 4110 similiter
765 4043 849 4108 isica
872 4045 956 4108 credi
980 4053 1010 4107 ei
1032 4057 1052 4107 c
1075 4054 1174 4128 potest
1197 4043 1276 4127 quod
1301 4041 1406 4128 σίγμα
1428 4044 1480 4106 sii:

491 4166 494 4172 ¹
565 4147 702 4213 versibus
723 4148 776 4211 sed
800 4167 869 4211 cum
892 4148 1065 4229 loquamur,
1091 4146 1211 4230 quando
1235 4165 1343 4227 graeca
1366 4147 1514 4229 ponimus,

562 4243 656 4335 ἄλφα
679 4249 762 4316 laica
785 4249 898 4334 λάβδα
921 4251 1025 4334 σίγμα
1047 4250 1114 4332 iege
1139 4251 1227 4314 metri
1251 4251 1388 4331 cogimur

305 4461 357 4514 ³04
375 4463 461 4529 ipsam
475 4458 698 4526 Petrecinueipse
712 4455 852 4510 Sarueniue
920 4459 972 4510 305
990 4472 1055 4522 ques
1074 4455 1216 4508 Brteeaeur
1234 4469 1312 4520 quem
1331 4456 1361 4506 M
1431 4457 1481 4509 sut
1499 4453 1627 4510 irrecusos

305 4547 444 4600 Sententia
461 4548 487 4599 in
506 4545 656 4598 reeuscsM
693 4543 696 4550 ⁴
723 4545 775 4596 eiu
792 4543 1011 4596 trochaeicumii
1079 4543 1131 4594 iiii
1148 4556 1216 4593 acne
1228 4525 1368 4594 Senteeiru
1380 4557 1412 4593 en
1425 4543 1460 4594 M
1525 4543 1640 4611 itote-¹

305 4635 375 4701 genti
389 4633 523 4686 Dercetius
539 4635 608 4684 uriae.
627 4633 686 4686 erit.
705 4628 892 4698 priapeius
911 4631 947 4682 M
1013 4631 1064 4681 322
1090 4627 1207 4695 negieete
1229 4625 1400 4680 florentinius
1469 4631 1518 4682 331
1539 4629 1560 4680 Ε
1585 4629 1626 4680 uei

305 4717 329 4770 Ο
353 4733 473 4786 gruem
497 4719 619 4784 Miepttua
642 4717 662 4770 G
685 4717 727 4770 uei
746 4713 767 4766 0
786 4729 909 4782 graecum
931 4715 963 4765 M
1030 4713 1181 4766 Latinorum
1198 4713 1378 4764 Lateranum
1399 4713 1506 4766 tatinum
1526 4715 1557 4766 iii

305 4805 355 4856 ³85
372 4814 501 4855 caeterum
520 4789 576 4872 ἦτα
594 4817 619 4856 et
636 4791 663 4856 ὅ
678 4802 859 4855 Laetrnannur
877 4801 1010 4852 caeterum
1029 4817 1086 4867 pac
1104 4811 1130 4850 et
1147 4799 1170 4849 Y
1188 4811 1213 4850 et
1231 4815 1253 4850 aa
1266 4799 1298 4850 M
1315 4783 1371 4864 ἦτα
1390 4811 1414 4850 et
1430 4799 1455 4851 Τ
1474 4812 1499 4850 et
1523 4817 1546 4852 as
1563 4801 1623 4864 (om.

262 4959 266 4966 .
306 4885 444 4956 caeterum)
463 4889 602 4943 Senteniue
671 4889 723 4943 386
741 4891 764 4940 Α
783 4887 863 4938 istius
881 4887 988 4954 Lipsius
1007 4887 1039 4938 de
1058 4893 1131 4940 reeta
1148 4893 1271 4954 pronum.
1290 4888 1336 4938 tut.
1356 4886 1417 4954 iinp.
1436 4903 1459 4940 c.
1479 4891 1511 4940 tu
