<?xml version="1.0" encoding="UTF-8"?>
<!DOCTYPE html PUBLIC "-//W3C//DTD XHTML 1.0 Transitional//EN"
    "http://www.w3.org/TR/xhtml1/DTD/xhtml1-transitional.dtd">
<html xmlns="http://www.w3.org/1999/xhtml" xml:lang="en" lang="en">
 <head>
  <title>
</title>
<meta http-equiv="Content-Type" content="text/html;charset=utf-8" />
  <meta name='ocr-system' content='tesseract 3.04.00' />
  <meta name='ocr-capabilities' content='ocr_page ocr_carea ocr_par ocr_line ocrx_word'/>
</head>
<body>
  <div class='ocr_page' id='page_1' title='image "./grammaticilatin05hagagoog_0369.png"; bbox 0 0 3874 5556; ppageno 0'>
   <div class='ocr_carea' id='block_1_1' title="bbox 805 307 1154 388">
    <p class='ocr_par' dir='ltr' id='par_1_1' title="bbox 805 307 1154 388">
     <span class='ocr_line' id='line_1_1' title="bbox 805 307 1154 388; baseline 0.006 -4"><span class='ocrx_word' id='word_1_1' title='bbox 805 307 815 368; x_wconf 71' lang='grc'>’-</span> <span class='ocrx_word' id='word_1_2' title='bbox 843 333 892 384; x_wconf 80' lang='lat' dir='ltr'>nu</span> <span class='ocrx_word' id='word_1_3' title='bbox 909 327 1097 388; x_wconf 75' lang='lat' dir='ltr'>&#39;sunctum</span> <span class='ocrx_word' id='word_1_4' title='bbox 1147 323 1154 329; x_wconf 85' lang='lat'>&#39;</span> 
     </span>
    </p>
   </div>
   <div class='ocr_carea' id='block_1_2' title="bbox 305 417 476 474">
    <p class='ocr_par' dir='ltr' id='par_1_2' title="bbox 305 417 476 474">
     <span class='ocr_line' id='line_1_2' title="bbox 305 417 476 474; baseline -0.006 -10"><span class='ocrx_word' id='word_1_5' title='bbox 305 417 476 474; x_wconf 60' lang='lat' dir='ltr'>piminii.</span> 
     </span>
    </p>
   </div>
   <div class='ocr_carea' id='block_1_3' title="bbox 275 507 1625 4121">
    <p class='ocr_par' dir='ltr' id='par_1_3' title="bbox 275 507 1625 4121">
     <span class='ocr_line' id='line_1_3' title="bbox 460 507 1484 597; baseline -0.002 -20"><span class='ocrx_word' id='word_1_6' title='bbox 460 532 499 577; x_wconf 82' lang='grc' dir='ltr'><strong><em>οε</em></strong></span> <span class='ocrx_word' id='word_1_7' title='bbox 513 507 595 574; x_wconf 91' lang='lat' dir='ltr'>nulla</span> <span class='ocrx_word' id='word_1_8' title='bbox 618 511 805 594; x_wconf 86' lang='lat' dir='ltr'>praecedens</span> <span class='ocrx_word' id='word_1_9' title='bbox 828 515 913 594; x_wconf 90' lang='lat' dir='ltr'>origo</span> <span class='ocrx_word' id='word_1_10' title='bbox 937 515 1005 597; x_wconf 90' lang='lat' dir='ltr'>quia</span> <span class='ocrx_word' id='word_1_11' title='bbox 1028 513 1155 579; x_wconf 76' lang='lat' dir='ltr'>subesse</span> <span class='ocrx_word' id='word_1_12' title='bbox 1178 520 1325 576; x_wconf 89' lang='lat' dir='ltr'>monstrat</span> <span class='ocrx_word' id='word_1_13' title='bbox 1348 531 1374 580; x_wconf 91' lang='grc' dir='ltr'><strong><em>ε.</em></strong></span> <span class='ocrx_word' id='word_1_14' title='bbox 1478 559 1484 566; x_wconf 88' lang='grc'><em>.</em></span> 
     </span>
     <span class='ocr_line' id='line_1_4' title="bbox 512 613 1625 703; baseline -0.001 -26"><span class='ocrx_word' id='word_1_15' title='bbox 512 633 604 697; x_wconf 88' lang='lat' dir='ltr'>porro</span> <span class='ocrx_word' id='word_1_16' title='bbox 629 613 839 700; x_wconf 79' lang='lat' dir='ltr'>diphthongon</span> <span class='ocrx_word' id='word_1_17' title='bbox 862 625 1017 694; x_wconf 88' lang='lat' dir='ltr'>notamus,</span> <span class='ocrx_word' id='word_1_18' title='bbox 1041 619 1161 703; x_wconf 88' lang='lat' dir='ltr'>quando</span> <span class='ocrx_word' id='word_1_19' title='bbox 1185 625 1315 680; x_wconf 77' lang='grc' dir='ltr'><strong><em>νεικεῖν</em></strong></span> <span class='ocrx_word' id='word_1_20' title='bbox 1337 613 1508 688; x_wconf 85' lang='lat' dir='ltr'>scribimus,</span> <span class='ocrx_word' id='word_1_21' title='bbox 1623 683 1625 687; x_wconf 56' lang='grc'>,</span> 
     </span>
     <span class='ocr_line' id='line_1_5' title="bbox 511 705 1586 816; baseline 0 -34"><span class='ocrx_word' id='word_1_22' title='bbox 511 705 577 802; x_wconf 77' lang='grc' dir='ltr'>ἦτα</span> <span class='ocrx_word' id='word_1_23' title='bbox 600 719 680 802; x_wconf 88' lang='lat' dir='ltr'>quod</span> <span class='ocrx_word' id='word_1_24' title='bbox 704 739 850 804; x_wconf 81' lang='lat' dir='ltr'><strong>compago</strong></span> <span class='ocrx_word' id='word_1_25' title='bbox 874 723 935 785; x_wconf 87' lang='lat' dir='ltr'>tlcti</span> <span class='ocrx_word' id='word_1_26' title='bbox 959 722 1191 805; x_wconf 89' lang='lat' dir='ltr'>comprehendit</span> <span class='ocrx_word' id='word_1_27' title='bbox 1214 721 1362 784; x_wconf 86' lang='lat' dir='ltr'>nominis:</span> <span class='ocrx_word' id='word_1_28' title='bbox 1584 811 1586 816; x_wconf 67' lang='lat'>,</span> 
     </span>
     <span class='ocr_line' id='line_1_6' title="bbox 510 817 1490 909; baseline 0.002 -23"><span class='ocrx_word' id='word_1_29' title='bbox 510 817 557 906; x_wconf 74' lang='grc' dir='ltr'>νή</span> <span class='ocrx_word' id='word_1_30' title='bbox 580 833 610 887; x_wconf 86' lang='lat' dir='ltr'>et</span> <span class='ocrx_word' id='word_1_31' title='bbox 632 825 739 888; x_wconf 72' lang='grc' dir='ltr'><strong><em>εἴκειν</em></strong></span> <span class='ocrx_word' id='word_1_32' title='bbox 762 844 893 909; x_wconf 87' lang='lat' dir='ltr'>namque</span> <span class='ocrx_word' id='word_1_33' title='bbox 915 829 1026 890; x_wconf 90' lang='lat' dir='ltr'>iunctis</span> <span class='ocrx_word' id='word_1_34' title='bbox 1048 826 1203 890; x_wconf 88' lang='lat' dir='ltr'>conditum</span> <span class='ocrx_word' id='word_1_35' title='bbox 1227 833 1273 888; x_wconf 91' lang='lat' dir='ltr'>est</span> <span class='ocrx_word' id='word_1_36' title='bbox 1296 822 1490 908; x_wconf 88' lang='lat' dir='ltr'>vocabulum;</span> 
     </span>
     <span class='ocr_line' id='line_1_7' title="bbox 512 929 1356 1013; baseline 0.001 -24"><span class='ocrx_word' id='word_1_37' title='bbox 512 931 627 1010; x_wconf 86' lang='lat' dir='ltr'>quippe</span> <span class='ocrx_word' id='word_1_38' title='bbox 650 948 711 992; x_wconf 89' lang='lat' dir='ltr'>nou</span> <span class='ocrx_word' id='word_1_39' title='bbox 734 929 871 994; x_wconf 88' lang='lat' dir='ltr'>cedendo</span> <span class='ocrx_word' id='word_1_40' title='bbox 894 949 1016 1013; x_wconf 70' lang='lat' dir='ltr'>semper</span> <span class='ocrx_word' id='word_1_41' title='bbox 1039 934 1197 1012; x_wconf 87' lang='lat' dir='ltr'>quaeritur</span> <span class='ocrx_word' id='word_1_42' title='bbox 1220 929 1356 992; x_wconf 76' lang='lat' dir='ltr'>victoria.</span> 
     </span>
     <span class='ocr_line' id='line_1_8' title="bbox 457 1017 1428 1116; baseline 0.001 -22"><span class='ocrx_word' id='word_1_43' title='bbox 457 1029 641 1096; x_wconf 75' lang='lat' dir='ltr'>oolitteram</span> <span class='ocrx_word' id='word_1_44' title='bbox 666 1051 795 1116; x_wconf 90' lang='lat' dir='ltr'>namque</span> <span class='ocrx_word' id='word_1_45' title='bbox 820 1053 836 1098; x_wconf 83' lang='lat' dir='ltr'>a</span> <span class='ocrx_word' id='word_1_46' title='bbox 857 1034 994 1098; x_wconf 84' lang='lat' dir='ltr'>videmus</span> <span class='ocrx_word' id='word_1_47' title='bbox 1017 1053 1081 1098; x_wconf 88' lang='lat' dir='ltr'>esse</span> <span class='ocrx_word' id='word_1_48' title='bbox 1104 1033 1140 1098; x_wconf 89' lang='lat' dir='ltr'>ad</span> <span class='ocrx_word' id='word_1_49' title='bbox 1163 1017 1228 1116; x_wconf 81' lang='grc' dir='ltr'>ἦτα</span> <span class='ocrx_word' id='word_1_50' title='bbox 1250 1033 1428 1115; x_wconf 81' lang='lat' dir='ltr'>proximam,</span> 
     </span>
     <span class='ocr_line' id='line_1_9' title="bbox 397 1125 1225 1218; baseline 0.002 -20"><span class='ocrx_word' id='word_1_51' title='bbox 397 1125 399 1130; x_wconf 73' lang='grc'><strong>’</strong></span> <span class='ocrx_word' id='word_1_52' title='bbox 511 1137 591 1199; x_wconf 83' lang='lat' dir='ltr'>eleut</span> <span class='ocrx_word' id='word_1_53' title='bbox 613 1155 632 1199; x_wconf 95' lang='lat' dir='ltr'>o</span> <span class='ocrx_word' id='word_1_54' title='bbox 655 1146 686 1200; x_wconf 91' lang='lat' dir='ltr'>et</span> <span class='ocrx_word' id='word_1_55' title='bbox 708 1157 735 1200; x_wconf 82' lang='lat' dir='ltr'>oa</span> <span class='ocrx_word' id='word_1_56' title='bbox 758 1137 900 1202; x_wconf 86' lang='lat' dir='ltr'>videntur</span> <span class='ocrx_word' id='word_1_57' title='bbox 924 1157 990 1202; x_wconf 85' lang='lat' dir='ltr'>esse</span> <span class='ocrx_word' id='word_1_58' title='bbox 1015 1140 1129 1202; x_wconf 81' lang='lat' dir='ltr'>sicinae</span> <span class='ocrx_word' id='word_1_59' title='bbox 1153 1137 1225 1218; x_wconf 84' lang='lat' dir='ltr'>sibl:</span> 
     </span>
     <span class='ocr_line' id='line_1_10' title="bbox 366 1233 1388 1323; baseline -0.002 -21"><span class='ocrx_word' id='word_1_60' title='bbox 366 1233 371 1242; x_wconf 77' lang='grc'><strong>”</strong></span> <span class='ocrx_word' id='word_1_61' title='bbox 404 1244 409 1250; x_wconf 87' lang='grc'><strong>’</strong></span> <span class='ocrx_word' id='word_1_62' title='bbox 510 1246 682 1323; x_wconf 88' lang='lat' dir='ltr'>temporum</span> <span class='ocrx_word' id='word_1_63' title='bbox 705 1249 858 1306; x_wconf 91' lang='lat' dir='ltr'>momenta</span> <span class='ocrx_word' id='word_1_64' title='bbox 881 1243 1009 1315; x_wconf 87' lang='lat' dir='ltr'>distant,</span> <span class='ocrx_word' id='word_1_65' title='bbox 1034 1261 1095 1306; x_wconf 93' lang='lat' dir='ltr'>non</span> <span class='ocrx_word' id='word_1_66' title='bbox 1118 1242 1186 1307; x_wconf 86' lang='lat' dir='ltr'>soni</span> <span class='ocrx_word' id='word_1_67' title='bbox 1208 1238 1388 1303; x_wconf 82' lang='lat' dir='ltr'>nativitas.¹</span> 
     </span>
     <span class='ocr_line' id='line_1_11' title="bbox 418 1333 1535 1432; baseline -0.004 -26"><span class='ocrx_word' id='word_1_68' title='bbox 418 1341 425 1348; x_wconf 80' lang='grc'><strong>’</strong></span> <span class='ocrx_word' id='word_1_69' title='bbox 511 1342 582 1407; x_wconf 84' lang='lat' dir='ltr'>lude</span> <span class='ocrx_word' id='word_1_70' title='bbox 605 1353 726 1407; x_wconf 83' lang='lat' dir='ltr'>vertunt</span> <span class='ocrx_word' id='word_1_71' title='bbox 749 1344 827 1409; x_wconf 91' lang='lat' dir='ltr'>hanc</span> <span class='ocrx_word' id='word_1_72' title='bbox 852 1349 884 1410; x_wconf 91' lang='lat' dir='ltr'>in</span> <span class='ocrx_word' id='word_1_73' title='bbox 906 1333 969 1432; x_wconf 77' lang='grc' dir='ltr'>ἦτα</span> <span class='ocrx_word' id='word_1_74' title='bbox 991 1365 1082 1430; x_wconf 88' lang='lat' dir='ltr'>saepe</span> <span class='ocrx_word' id='word_1_75' title='bbox 1106 1343 1315 1430; x_wconf 81' lang='lat' dir='ltr'>diphthongon</span> <span class='ocrx_word' id='word_1_76' title='bbox 1339 1343 1421 1413; x_wconf 84' lang='lat' dir='ltr'>Grai.</span> <span class='ocrx_word' id='word_1_77' title='bbox 1533 1399 1535 1402; x_wconf 79' lang='grc'>,</span> 
     </span>
     <span class='ocr_line' id='line_1_12' title="bbox 506 1443 1435 1532; baseline -0.004 -21"><span class='ocrx_word' id='word_1_78' title='bbox 506 1448 633 1528; x_wconf 62' lang='lat' dir='ltr'>‚quando</span> <span class='ocrx_word' id='word_1_79' title='bbox 656 1467 733 1532; x_wconf 88' lang='lat' dir='ltr'>quos</span> <span class='ocrx_word' id='word_1_80' title='bbox 757 1445 871 1523; x_wconf 76' lang='grc' dir='ltr'><strong><em>ἱππεῖς</em></strong></span> <span class='ocrx_word' id='word_1_81' title='bbox 893 1449 1032 1514; x_wconf 88' lang='lat' dir='ltr'>solebant</span> <span class='ocrx_word' id='word_1_82' title='bbox 1056 1458 1107 1523; x_wconf 90' lang='lat' dir='ltr'>aut</span> <span class='ocrx_word' id='word_1_83' title='bbox 1127 1443 1300 1532; x_wconf 80' lang='grc' dir='ltr'><strong><em>Ἀχαρνεῑς</em></strong></span> <span class='ocrx_word' id='word_1_84' title='bbox 1322 1446 1435 1519; x_wconf 84' lang='lat' dir='ltr'>dicere,</span> 
     </span>
     <span class='ocr_line' id='line_1_13' title="bbox 457 1547 1404 1640; baseline -0.002 -27"><span class='ocrx_word' id='word_1_85' title='bbox 457 1553 642 1636; x_wconf 73' lang='lat' dir='ltr'>mtevtgant</span> <span class='ocrx_word' id='word_1_86' title='bbox 666 1551 833 1640; x_wconf 77' lang='grc' dir='ltr'><strong><em>ἱππῆσοοε</em></strong></span> <span class='ocrx_word' id='word_1_87' title='bbox 856 1557 958 1638; x_wconf 81' lang='lat' dir='ltr'>potius</span> <span class='ocrx_word' id='word_1_88' title='bbox 980 1565 1031 1618; x_wconf 90' lang='lat' dir='ltr'>aut</span> <span class='ocrx_word' id='word_1_89' title='bbox 1050 1547 1214 1638; x_wconf 77' lang='grc' dir='ltr'><strong><em>Ἀχαρνῆς</em></strong></span> <span class='ocrx_word' id='word_1_90' title='bbox 1236 1551 1404 1615; x_wconf 90' lang='lat' dir='ltr'>nominant.</span> 
     </span>
     <span class='ocr_line' id='line_1_14' title="bbox 471 1655 1459 1740; baseline -0.002 -20"><span class='ocrx_word' id='word_1_91' title='bbox 471 1686 473 1694; x_wconf 56' lang='lat'><strong><em>¹</em></strong></span> <span class='ocrx_word' id='word_1_92' title='bbox 510 1676 625 1740; x_wconf 83' lang='lat' dir='ltr'>nosque</span> <span class='ocrx_word' id='word_1_93' title='bbox 648 1657 810 1722; x_wconf 80' lang='lat' dir='ltr'>Medeam</span> <span class='ocrx_word' id='word_1_94' title='bbox 833 1655 925 1722; x_wconf 88' lang='lat' dir='ltr'>latine</span> <span class='ocrx_word' id='word_1_95' title='bbox 948 1661 1046 1722; x_wconf 89' lang='lat' dir='ltr'>sic-in</span> <span class='ocrx_word' id='word_1_96' title='bbox 1071 1678 1159 1722; x_wconf 90' lang='lat' dir='ltr'>usum</span> <span class='ocrx_word' id='word_1_97' title='bbox 1184 1659 1337 1727; x_wconf 82' lang='lat' dir='ltr'>vertimus,</span> <span class='ocrx_word' id='word_1_98' title='bbox 1452 1661 1459 1670; x_wconf 78' lang='lat'><strong><em>‘</em></strong></span> 
     </span>
     <span class='ocr_line' id='line_1_15' title="bbox 401 1762 1376 1846; baseline -0.004 -21"><span class='ocrx_word' id='word_1_99' title='bbox 401 1782 403 1786; x_wconf 75' lang='grc'><strong>’</strong></span> <span class='ocrx_word' id='word_1_100' title='bbox 509 1779 620 1826; x_wconf 88' lang='lat' dir='ltr'>nomeu</span> <span class='ocrx_word' id='word_1_101' title='bbox 644 1771 674 1825; x_wconf 88' lang='lat' dir='ltr'>et</span> <span class='ocrx_word' id='word_1_102' title='bbox 696 1763 803 1840; x_wconf 87' lang='lat' dir='ltr'>regina</span> <span class='ocrx_word' id='word_1_103' title='bbox 827 1762 920 1842; x_wconf 85' lang='lat' dir='ltr'>gessit</span> <span class='ocrx_word' id='word_1_104' title='bbox 943 1762 1022 1846; x_wconf 92' lang='lat' dir='ltr'>quod</span> <span class='ocrx_word' id='word_1_105' title='bbox 1045 1767 1151 1828; x_wconf 82' lang='lat' dir='ltr'>lucens</span> <span class='ocrx_word' id='word_1_106' title='bbox 1175 1766 1376 1826; x_wconf 78' lang='lat' dir='ltr'>Amazonum:</span> 
     </span>
     <span class='ocr_line' id='line_1_16' title="bbox 509 1863 1368 1938; baseline -0.003 -10"><span class='ocrx_word' id='word_1_107' title='bbox 509 1867 555 1930; x_wconf 91' lang='lat' dir='ltr'>sic</span> <span class='ocrx_word' id='word_1_108' title='bbox 579 1874 608 1929; x_wconf 88' lang='lat' dir='ltr'>et</span> <span class='ocrx_word' id='word_1_109' title='bbox 630 1863 774 1928; x_wconf 79' lang='grc' dir='ltr'><strong><em>Αἰνείαν</em></strong></span> <span class='ocrx_word' id='word_1_110' title='bbox 796 1864 948 1938; x_wconf 80' lang='lat' dir='ltr'>Achaeus,</span> <span class='ocrx_word' id='word_1_111' title='bbox 974 1877 1078 1932; x_wconf 89' lang='lat' dir='ltr'>noster</span> <span class='ocrx_word' id='word_1_112' title='bbox 1101 1869 1249 1930; x_wconf 79' lang='lat' dir='ltr'>Aenean</span> <span class='ocrx_word' id='word_1_113' title='bbox 1272 1870 1368 1925; x_wconf 87' lang='lat' dir='ltr'>vocat.</span> 
     </span>
     <span class='ocr_line' id='line_1_17' title="bbox 353 1967 1302 2058; baseline -0.003 -26"><span class='ocrx_word' id='word_1_114' title='bbox 353 2052 358 2058; x_wconf 18' lang='grc' dir='ltr'>ι</span> <span class='ocrx_word' id='word_1_115' title='bbox 509 1971 555 2032; x_wconf 88' lang='lat' dir='ltr'>sic</span> <span class='ocrx_word' id='word_1_116' title='bbox 577 1970 635 2032; x_wconf 86' lang='lat' dir='ltr'>erit</span> <span class='ocrx_word' id='word_1_117' title='bbox 658 1967 748 2031; x_wconf 90' lang='lat' dir='ltr'>nobis</span> <span class='ocrx_word' id='word_1_118' title='bbox 771 1977 800 2030; x_wconf 88' lang='lat' dir='ltr'>et</span> <span class='ocrx_word' id='word_1_119' title='bbox 823 1970 881 2032; x_wconf 90' lang='lat' dir='ltr'>ista</span> <span class='ocrx_word' id='word_1_120' title='bbox 904 1970 1002 2033; x_wconf 86' lang='lat' dir='ltr'>rarior</span> <span class='ocrx_word' id='word_1_121' title='bbox 1026 1969 1232 2051; x_wconf 79' lang='lat' dir='ltr'>diphthongos</span> <span class='ocrx_word' id='word_1_122' title='bbox 1255 1980 1302 2037; x_wconf 78' lang='lat' dir='ltr'>m,</span> 
     </span>
     <span class='ocr_line' id='line_1_18' title="bbox 275 2070 1342 2158; baseline -0.001 -26"><span class='ocrx_word' id='word_1_123' title='bbox 275 2120 278 2127; x_wconf 95' lang='lat'><em>.</em></span> <span class='ocrx_word' id='word_1_124' title='bbox 342 2107 349 2114; x_wconf 94' lang='lat'>-</span> <span class='ocrx_word' id='word_1_125' title='bbox 405 2119 409 2126; x_wconf 88' lang='lat'>.</span> <span class='ocrx_word' id='word_1_126' title='bbox 456 2087 531 2135; x_wconf 78' lang='lat' dir='ltr'>culo</span> <span class='ocrx_word' id='word_1_127' title='bbox 553 2073 691 2136; x_wconf 85' lang='lat' dir='ltr'>videmus</span> <span class='ocrx_word' id='word_1_128' title='bbox 713 2070 833 2155; x_wconf 91' lang='lat' dir='ltr'>quando</span> <span class='ocrx_word' id='word_1_129' title='bbox 857 2074 945 2136; x_wconf 86' lang='lat' dir='ltr'>lixam</span> <span class='ocrx_word' id='word_1_130' title='bbox 969 2075 1128 2158; x_wconf 86' lang='lat' dir='ltr'>principali</span> <span class='ocrx_word' id='word_1_131' title='bbox 1152 2075 1182 2136; x_wconf 93' lang='lat' dir='ltr'>in</span> <span class='ocrx_word' id='word_1_132' title='bbox 1205 2073 1342 2135; x_wconf 88' lang='lat' dir='ltr'>nominc:</span> 
     </span>
     <span class='ocr_line' id='line_1_19' title="bbox 397 2172 1418 2246; baseline -0.004 -8"><span class='ocrx_word' id='word_1_133' title='bbox 397 2243 399 2246; x_wconf 65' lang='grc'><strong>,</strong></span> <span class='ocrx_word' id='word_1_134' title='bbox 445 2172 446 2176; x_wconf 69' lang='grc'>’</span> <span class='ocrx_word' id='word_1_135' title='bbox 507 2177 629 2240; x_wconf 79' lang='lat' dir='ltr'>‘citur</span> <span class='ocrx_word' id='word_1_136' title='bbox 651 2175 688 2239; x_wconf 90' lang='lat' dir='ltr'>in</span> <span class='ocrx_word' id='word_1_137' title='bbox 713 2175 864 2238; x_wconf 81' lang='lat' dir='ltr'>silvam’</span> <span class='ocrx_word' id='word_1_138' title='bbox 889 2195 1013 2242; x_wconf 87' lang='lat' dir='ltr'>necesse</span> <span class='ocrx_word' id='word_1_139' title='bbox 1038 2187 1083 2241; x_wconf 89' lang='lat' dir='ltr'>est</span> <span class='ocrx_word' id='word_1_140' title='bbox 1105 2193 1128 2240; x_wconf 79' lang='grc' dir='ltr'><strong><em>ο</em></strong></span> <span class='ocrx_word' id='word_1_141' title='bbox 1152 2185 1182 2240; x_wconf 88' lang='lat' dir='ltr'>et</span> <span class='ocrx_word' id='word_1_142' title='bbox 1203 2191 1217 2240; x_wconf 88' lang='lat'>1</span> <span class='ocrx_word' id='word_1_143' title='bbox 1241 2183 1418 2238; x_wconf 81' lang='lat' dir='ltr'>conectere:</span> 
     </span>
     <span class='ocr_line' id='line_1_20' title="bbox 507 2273 1369 2363; baseline -0.002 -22"><span class='ocrx_word' id='word_1_144' title='bbox 507 2273 676 2361; x_wconf 81' lang='lat' dir='ltr'>principali¹</span> <span class='ocrx_word' id='word_1_145' title='bbox 693 2298 825 2360; x_wconf 88' lang='lat' dir='ltr'>namque</span> <span class='ocrx_word' id='word_1_146' title='bbox 850 2281 942 2345; x_wconf 80' lang='lat' dir='ltr'>verbo</span> <span class='ocrx_word' id='word_1_147' title='bbox 966 2285 1120 2354; x_wconf 87' lang='lat' dir='ltr'>nascitur,</span> <span class='ocrx_word' id='word_1_148' title='bbox 1144 2279 1224 2363; x_wconf 83' lang='lat' dir='ltr'>qcaod</span> <span class='ocrx_word' id='word_1_149' title='bbox 1250 2288 1296 2341; x_wconf 88' lang='lat' dir='ltr'>est</span> <span class='ocrx_word' id='word_1_150' title='bbox 1319 2297 1369 2340; x_wconf 90' lang='lat' dir='ltr'>eo.</span> 
     </span>
     <span class='ocr_line' id='line_1_21' title="bbox 507 2379 1446 2467; baseline -0.006 -21"><span class='ocrx_word' id='word_1_151' title='bbox 507 2382 551 2446; x_wconf 85' lang='lat' dir='ltr'>sic</span> <span class='ocrx_word' id='word_1_152' title='bbox 574 2384 677 2447; x_wconf 78' lang='lat' dir='ltr'>oreis</span> <span class='ocrx_word' id='word_1_153' title='bbox 701 2384 806 2467; x_wconf 89' lang='lat' dir='ltr'>plures</span> <span class='ocrx_word' id='word_1_154' title='bbox 829 2393 859 2448; x_wconf 91' lang='lat' dir='ltr'>et</span> <span class='ocrx_word' id='word_1_155' title='bbox 882 2389 1025 2448; x_wconf 79' lang='lat' dir='ltr'>omneis</span> <span class='ocrx_word' id='word_1_156' title='bbox 1047 2384 1209 2448; x_wconf 83' lang='lat' dir='ltr'>scribimus</span> <span class='ocrx_word' id='word_1_157' title='bbox 1231 2379 1405 2465; x_wconf 84' lang='lat' dir='ltr'>pluraliter:</span> <span class='ocrx_word' id='word_1_158' title='bbox 1443 2423 1446 2428; x_wconf 16' lang='lat' dir='ltr'>A</span> 
     </span>
     <span class='ocr_line' id='line_1_22' title="bbox 508 2483 1400 2571; baseline -0.003 -23"><span class='ocrx_word' id='word_1_159' title='bbox 508 2505 568 2550; x_wconf 91' lang='lat' dir='ltr'>non</span> <span class='ocrx_word' id='word_1_160' title='bbox 593 2488 673 2549; x_wconf 84' lang='lat' dir='ltr'>anim</span> <span class='ocrx_word' id='word_1_161' title='bbox 698 2507 778 2552; x_wconf 89' lang='lat' dir='ltr'>nuno</span> <span class='ocrx_word' id='word_1_162' title='bbox 802 2487 893 2552; x_wconf 87' lang='lat' dir='ltr'>addis</span> <span class='ocrx_word' id='word_1_163' title='bbox 908 2503 946 2560; x_wconf 77' lang='grc' dir='ltr'>Ε,</span> <span class='ocrx_word' id='word_1_164' title='bbox 969 2489 1021 2552; x_wconf 91' lang='lat' dir='ltr'>sed</span> <span class='ocrx_word' id='word_1_165' title='bbox 1044 2496 1205 2571; x_wconf 89' lang='lat' dir='ltr'>permanet</span> <span class='ocrx_word' id='word_1_166' title='bbox 1228 2487 1306 2550; x_wconf 88' lang='lat' dir='ltr'>sicut</span> <span class='ocrx_word' id='word_1_167' title='bbox 1330 2483 1400 2554; x_wconf 90' lang='lat' dir='ltr'>iuit;</span> 
     </span>
     <span class='ocr_line' id='line_1_23' title="bbox 458 2589 1394 2674; baseline 0.002 -26"><span class='ocrx_word' id='word_1_168' title='bbox 458 2589 607 2653; x_wconf 78' lang='lat' dir='ltr'>usteetoe</span> <span class='ocrx_word' id='word_1_169' title='bbox 630 2599 661 2654; x_wconf 84' lang='lat' dir='ltr'>et</span> <span class='ocrx_word' id='word_1_170' title='bbox 683 2610 743 2654; x_wconf 90' lang='lat' dir='ltr'>non</span> <span class='ocrx_word' id='word_1_171' title='bbox 767 2593 952 2674; x_wconf 84' lang='lat' dir='ltr'>singularem</span> <span class='ocrx_word' id='word_1_172' title='bbox 976 2595 1194 2657; x_wconf 85' lang='lat' dir='ltr'>nominativum</span> <span class='ocrx_word' id='word_1_173' title='bbox 1217 2590 1291 2654; x_wconf 85' lang='lat' dir='ltr'>sciet</span> <span class='ocrx_word' id='word_1_174' title='bbox 1391 2628 1394 2633; x_wconf 36' lang='lat' dir='ltr'><em>f</em></span> 
     </span>
     <span class='ocr_line' id='line_1_24' title="bbox 507 2691 1363 2780; baseline -0.002 -27"><span class='ocrx_word' id='word_1_175' title='bbox 507 2691 554 2756; x_wconf 81' lang='lat' dir='ltr'>sel</span> <span class='ocrx_word' id='word_1_176' title='bbox 577 2703 773 2778; x_wconf 85' lang='lat' dir='ltr'>sequentem,</span> <span class='ocrx_word' id='word_1_177' title='bbox 798 2700 849 2779; x_wconf 90' lang='lat' dir='ltr'>qui</span> <span class='ocrx_word' id='word_1_178' title='bbox 867 2698 985 2780; x_wconf 86' lang='lat' dir='ltr'>prioris</span> <span class='ocrx_word' id='word_1_179' title='bbox 1008 2715 1099 2778; x_wconf 86' lang='lat' dir='ltr'>saepe</span> <span class='ocrx_word' id='word_1_180' title='bbox 1123 2694 1231 2758; x_wconf 88' lang='lat' dir='ltr'>similis</span> <span class='ocrx_word' id='word_1_181' title='bbox 1254 2692 1363 2754; x_wconf 86' lang='lat' dir='ltr'>editur.</span> 
     </span>
     <span class='ocr_line' id='line_1_25' title="bbox 475 2795 1511 2882; baseline -0.006 -22"><span class='ocrx_word' id='word_1_182' title='bbox 475 2817 483 2834; x_wconf 64' lang='lat'>³</span> <span class='ocrx_word' id='word_1_183' title='bbox 550 2811 598 2860; x_wconf 82' lang='grc' dir='ltr'>Δο</span> <span class='ocrx_word' id='word_1_184' title='bbox 621 2806 651 2860; x_wconf 86' lang='lat' dir='ltr'>et</span> <span class='ocrx_word' id='word_1_185' title='bbox 674 2813 735 2869; x_wconf 79' lang='grc' dir='ltr'>οο,</span> <span class='ocrx_word' id='word_1_186' title='bbox 761 2818 836 2882; x_wconf 84' lang='lat' dir='ltr'>quas</span> <span class='ocrx_word' id='word_1_187' title='bbox 859 2803 903 2864; x_wconf 90' lang='lat' dir='ltr'>sic</span> <span class='ocrx_word' id='word_1_188' title='bbox 925 2799 1071 2862; x_wconf 86' lang='lat' dir='ltr'>habemus</span> <span class='ocrx_word' id='word_1_189' title='bbox 1094 2819 1162 2861; x_wconf 90' lang='lat' dir='ltr'>cum</span> <span class='ocrx_word' id='word_1_190' title='bbox 1186 2797 1274 2862; x_wconf 86' lang='lat' dir='ltr'>Grais</span> <span class='ocrx_word' id='word_1_191' title='bbox 1298 2795 1511 2864; x_wconf 86' lang='lat' dir='ltr'>communitor,</span> 
     </span>
     <span class='ocr_line' id='line_1_26' title="bbox 507 2898 1398 2986; baseline -0.001 -25"><span class='ocrx_word' id='word_1_192' title='bbox 507 2899 622 2982; x_wconf 84' lang='lat' dir='ltr'>corripi</span> <span class='ocrx_word' id='word_1_193' title='bbox 645 2899 825 2984; x_wconf 89' lang='lat' dir='ltr'>plerumque</span> <span class='ocrx_word' id='word_1_194' title='bbox 849 2909 975 2984; x_wconf 88' lang='lat' dir='ltr'>possunt</span> <span class='ocrx_word' id='word_1_195' title='bbox 997 2912 1169 2986; x_wconf 87' lang='lat' dir='ltr'>temporum</span> <span class='ocrx_word' id='word_1_196' title='bbox 1193 2899 1275 2968; x_wconf 81' lang='lat' dir='ltr'>salvo</span> <span class='ocrx_word' id='word_1_197' title='bbox 1299 2898 1398 2970; x_wconf 88' lang='lat' dir='ltr'>modo,</span> 
     </span>
     <span class='ocr_line' id='line_1_27' title="bbox 507 3003 1280 3083; baseline 0.004 -19"><span class='ocrx_word' id='word_1_198' title='bbox 507 3003 569 3066; x_wconf 84' lang='lat' dir='ltr'>sire</span> <span class='ocrx_word' id='word_1_199' title='bbox 593 3007 712 3083; x_wconf 87' lang='lat' dir='ltr'>graecis</span> <span class='ocrx_word' id='word_1_200' title='bbox 738 3025 792 3070; x_wconf 89' lang='lat' dir='ltr'>seu</span> <span class='ocrx_word' id='word_1_201' title='bbox 815 3003 915 3070; x_wconf 87' lang='lat' dir='ltr'>latinis</span> <span class='ocrx_word' id='word_1_202' title='bbox 938 3009 1109 3070; x_wconf 89' lang='lat' dir='ltr'>inserantur</span> <span class='ocrx_word' id='word_1_203' title='bbox 1133 3005 1280 3068; x_wconf 88' lang='lat' dir='ltr'>versibus.</span> 
     </span>
     <span class='ocr_line' id='line_1_28' title="bbox 454 3103 1414 3192; baseline 0.002 -28"><span class='ocrx_word' id='word_1_204' title='bbox 454 3123 493 3166; x_wconf 83' lang='lat' dir='ltr'>uo</span> <span class='ocrx_word' id='word_1_205' title='bbox 508 3107 585 3169; x_wconf 86' lang='lat' dir='ltr'>‘aut</span> <span class='ocrx_word' id='word_1_206' title='bbox 607 3109 685 3187; x_wconf 87' lang='lat' dir='ltr'>age&#39;</span> <span class='ocrx_word' id='word_1_207' title='bbox 709 3109 808 3190; x_wconf 87' lang='lat' dir='ltr'>lnquit</span> <span class='ocrx_word' id='word_1_208' title='bbox 832 3108 881 3172; x_wconf 87' lang='lat' dir='ltr'>ille</span> <span class='ocrx_word' id='word_1_209' title='bbox 904 3120 999 3182; x_wconf 86' lang='lat' dir='ltr'>vates,</span> <span class='ocrx_word' id='word_1_210' title='bbox 1023 3129 1114 3192; x_wconf 80' lang='lat' dir='ltr'>saepe</span> <span class='ocrx_word' id='word_1_211' title='bbox 1137 3109 1213 3172; x_wconf 86' lang='lat' dir='ltr'>dixit</span> <span class='ocrx_word' id='word_1_212' title='bbox 1235 3109 1308 3171; x_wconf 87' lang='lat' dir='ltr'>‘aut</span> <span class='ocrx_word' id='word_1_213' title='bbox 1332 3103 1414 3178; x_wconf 89' lang='lat' dir='ltr'>uhi,’</span> 
     </span>
     <span class='ocr_line' id='line_1_29' title="bbox 506 3208 1501 3296; baseline -0.001 -26"><span class='ocrx_word' id='word_1_214' title='bbox 506 3209 585 3272; x_wconf 81' lang='lat' dir='ltr'>dixit</span> <span class='ocrx_word' id='word_1_215' title='bbox 606 3213 814 3284; x_wconf 76' lang='lat' dir='ltr'>&#39;Aurunci&#39;,</span> <span class='ocrx_word' id='word_1_216' title='bbox 839 3210 919 3294; x_wconf 87' lang='lat' dir='ltr'>quud</span> <span class='ocrx_word' id='word_1_217' title='bbox 943 3232 1039 3296; x_wconf 90' lang='lat' dir='ltr'>aeque</span> <span class='ocrx_word' id='word_1_218' title='bbox 1063 3208 1226 3274; x_wconf 88' lang='lat' dir='ltr'>barbarum</span> <span class='ocrx_word' id='word_1_219' title='bbox 1251 3219 1294 3274; x_wconf 91' lang='lat' dir='ltr'>est</span> <span class='ocrx_word' id='word_1_220' title='bbox 1317 3209 1501 3294; x_wconf 85' lang='lat' dir='ltr'>producere:</span> 
     </span>
     <span class='ocr_line' id='line_1_30' title="bbox 505 3311 1390 3399; baseline 0.001 -25"><span class='ocrx_word' id='word_1_221' title='bbox 505 3330 562 3399; x_wconf 84' lang='lat' dir='ltr'>pes</span> <span class='ocrx_word' id='word_1_222' title='bbox 582 3311 696 3395; x_wconf 85' lang='lat' dir='ltr'>ubique</span> <span class='ocrx_word' id='word_1_223' title='bbox 720 3314 786 3396; x_wconf 87' lang='lat' dir='ltr'>lege</span> <span class='ocrx_word' id='word_1_224' title='bbox 809 3323 941 3387; x_wconf 88' lang='lat' dir='ltr'>constat,</span> <span class='ocrx_word' id='word_1_225' title='bbox 967 3317 1063 3397; x_wconf 89' lang='lat' dir='ltr'>prima</span> <span class='ocrx_word' id='word_1_226' title='bbox 1087 3335 1156 3379; x_wconf 92' lang='lat' dir='ltr'>cum</span> <span class='ocrx_word' id='word_1_227' title='bbox 1180 3323 1319 3397; x_wconf 86' lang='lat' dir='ltr'>correpta</span> <span class='ocrx_word' id='word_1_228' title='bbox 1343 3315 1390 3388; x_wconf 81' lang='lat' dir='ltr'>stt,</span> 
     </span>
     <span class='ocr_line' id='line_1_31' title="bbox 506 3415 1407 3504; baseline -0.002 -26"><span class='ocrx_word' id='word_1_229' title='bbox 506 3435 678 3480; x_wconf 86' lang='lat' dir='ltr'>consonans</span> <span class='ocrx_word' id='word_1_230' title='bbox 702 3427 741 3504; x_wconf 26' lang='lat' dir='ltr'>ct·</span> <span class='ocrx_word' id='word_1_231' title='bbox 756 3437 813 3481; x_wconf 78' lang='lat' dir='ltr'>tina</span> <span class='ocrx_word' id='word_1_232' title='bbox 837 3417 960 3500; x_wconf 87' lang='lat' dir='ltr'>plenum</span> <span class='ocrx_word' id='word_1_233' title='bbox 985 3438 1045 3482; x_wconf 91' lang='lat' dir='ltr'>non</span> <span class='ocrx_word' id='word_1_234' title='bbox 1069 3428 1159 3502; x_wconf 87' lang='lat' dir='ltr'>queat</span> <span class='ocrx_word' id='word_1_235' title='bbox 1182 3427 1301 3498; x_wconf 88' lang='lat' dir='ltr'>tempus</span> <span class='ocrx_word' id='word_1_236' title='bbox 1324 3415 1407 3478; x_wconf 86' lang='lat' dir='ltr'>dare.</span> 
     </span>
     <span class='ocr_line' id='line_1_32' title="bbox 506 3506 1417 3601; baseline -0.002 -21"><span class='ocrx_word' id='word_1_237' title='bbox 506 3529 536 3582; x_wconf 87' lang='lat' dir='ltr'>et</span> <span class='ocrx_word' id='word_1_238' title='bbox 558 3506 662 3601; x_wconf 55' lang='lat' dir='ltr'>‘lupi&#39;</span> <span class='ocrx_word' id='word_1_239' title='bbox 676 3525 756 3584; x_wconf 90' lang='lat' dir='ltr'>ccu&#39;</span> <span class='ocrx_word' id='word_1_240' title='bbox 780 3521 856 3584; x_wconf 76' lang='lat' dir='ltr'>dixit</span> <span class='ocrx_word' id='word_1_241' title='bbox 878 3523 975 3586; x_wconf 89' lang='lat' dir='ltr'>idem:</span> <span class='ocrx_word' id='word_1_242' title='bbox 1000 3524 1066 3586; x_wconf 77' lang='lat' dir='ltr'>serris</span> <span class='ocrx_word' id='word_1_243' title='bbox 1089 3530 1135 3585; x_wconf 88' lang='lat' dir='ltr'>est</span> <span class='ocrx_word' id='word_1_244' title='bbox 1157 3539 1263 3585; x_wconf 85' lang='lat' dir='ltr'>versus</span> <span class='ocrx_word' id='word_1_245' title='bbox 1286 3518 1417 3599; x_wconf 87' lang='lat' dir='ltr'>quidem,</span> 
     </span>
     <span class='ocr_line' id='line_1_33' title="bbox 452 3621 1570 3708; baseline 0.001 -28"><span class='ocrx_word' id='word_1_246' title='bbox 452 3641 492 3682; x_wconf 77' lang='lat' dir='ltr'>aas</span> <span class='ocrx_word' id='word_1_247' title='bbox 505 3641 560 3704; x_wconf 87' lang='lat' dir='ltr'>pes</span> <span class='ocrx_word' id='word_1_248' title='bbox 584 3633 682 3686; x_wconf 87' lang='lat' dir='ltr'>tamen</span> <span class='ocrx_word' id='word_1_249' title='bbox 707 3643 766 3686; x_wconf 90' lang='lat' dir='ltr'>non</span> <span class='ocrx_word' id='word_1_250' title='bbox 790 3634 836 3689; x_wconf 90' lang='lat' dir='ltr'>est</span> <span class='ocrx_word' id='word_1_251' title='bbox 859 3625 1033 3698; x_wconf 88' lang='lat' dir='ltr'>trochacus,</span> <span class='ocrx_word' id='word_1_252' title='bbox 1057 3629 1127 3708; x_wconf 85' lang='lat' dir='ltr'>quia</span> <span class='ocrx_word' id='word_1_253' title='bbox 1151 3623 1355 3706; x_wconf 87' lang='lat' dir='ltr'>diphthongos</span> <span class='ocrx_word' id='word_1_254' title='bbox 1377 3621 1488 3684; x_wconf 78' lang='lat' dir='ltr'>extima</span> <span class='ocrx_word' id='word_1_255' title='bbox 1512 3629 1570 3684; x_wconf 88' lang='lat' dir='ltr'>cst:</span> 
     </span>
     <span class='ocr_line' id='line_1_34' title="bbox 506 3723 1447 3811; baseline -0.001 -24"><span class='ocrx_word' id='word_1_256' title='bbox 506 3723 642 3810; x_wconf 75' lang='lat' dir='ltr'>dactylus</span> <span class='ocrx_word' id='word_1_257' title='bbox 665 3746 734 3791; x_wconf 91' lang='lat' dir='ltr'>nam</span> <span class='ocrx_word' id='word_1_258' title='bbox 758 3748 812 3811; x_wconf 87' lang='lat' dir='ltr'>pes</span> <span class='ocrx_word' id='word_1_259' title='bbox 835 3739 867 3791; x_wconf 89' lang='lat' dir='ltr'>et</span> <span class='ocrx_word' id='word_1_260' title='bbox 888 3727 939 3792; x_wconf 88' lang='lat' dir='ltr'>ille</span> <span class='ocrx_word' id='word_1_261' title='bbox 964 3740 1023 3804; x_wconf 86' lang='lat' dir='ltr'>est,</span> <span class='ocrx_word' id='word_1_262' title='bbox 1049 3730 1149 3791; x_wconf 90' lang='lat' dir='ltr'>nube</span> <span class='ocrx_word' id='word_1_263' title='bbox 1174 3723 1253 3788; x_wconf 83' lang='lat' dir='ltr'>n&#39;ati</span> <span class='ocrx_word' id='word_1_264' title='bbox 1277 3745 1345 3789; x_wconf 89' lang='lat' dir='ltr'>ocu</span> <span class='ocrx_word' id='word_1_265' title='bbox 1370 3725 1447 3787; x_wconf 90' lang='lat' dir='ltr'>duo.</span> 
     </span>
     <span class='ocr_line' id='line_1_35' title="bbox 504 3821 1340 3915; baseline 0.001 -24"><span class='ocrx_word' id='word_1_266' title='bbox 504 3821 682 3910; x_wconf 79' lang='grc' dir='ltr'><strong><em>αὐέρυσαν</em></strong></span> <span class='ocrx_word' id='word_1_267' title='bbox 703 3832 802 3915; x_wconf 90' lang='lat' dir='ltr'>inquit</span> <span class='ocrx_word' id='word_1_268' title='bbox 823 3842 923 3914; x_wconf 87' lang='lat' dir='ltr'>poeta,</span> <span class='ocrx_word' id='word_1_269' title='bbox 948 3833 992 3896; x_wconf 93' lang='lat' dir='ltr'>sic</span> <span class='ocrx_word' id='word_1_270' title='bbox 1016 3839 1046 3895; x_wconf 90' lang='lat' dir='ltr'>et</span> <span class='ocrx_word' id='word_1_271' title='bbox 1069 3823 1179 3912; x_wconf 77' lang='grc' dir='ltr'><em>αὐτάρ</em></span> <span class='ocrx_word' id='word_1_272' title='bbox 1203 3830 1340 3909; x_wconf 87' lang='lat' dir='ltr'>corripit:</span> 
     </span>
     <span class='ocr_line' id='line_1_36' title="bbox 504 3923 1464 4018; baseline -0.003 -22"><span class='ocrx_word' id='word_1_273' title='bbox 504 3923 666 3996; x_wconf 76' lang='grc' dir='ltr'><strong><em>Εὔπολιν</em></strong></span> <span class='ocrx_word' id='word_1_274' title='bbox 688 3927 821 4018; x_wconf 81' lang='grc' dir='ltr'><strong><em>πεύκην</em></strong></span> <span class='ocrx_word' id='word_1_275' title='bbox 844 3943 875 3998; x_wconf 89' lang='lat' dir='ltr'>et</span> <span class='ocrx_word' id='word_1_276' title='bbox 899 3929 1028 4000; x_wconf 79' lang='grc' dir='ltr'><strong><em>εὔνουν</em></strong></span> <span class='ocrx_word' id='word_1_277' title='bbox 1051 3944 1102 3998; x_wconf 88' lang='lat' dir='ltr'>aut</span> <span class='ocrx_word' id='word_1_278' title='bbox 1125 3943 1244 4015; x_wconf 88' lang='lat' dir='ltr'>poetam</span> <span class='ocrx_word' id='word_1_279' title='bbox 1269 3925 1464 4014; x_wconf 77' lang='grc' dir='ltr'><strong><em>Εὐριπίδην</em></strong></span> 
     </span>
     <span class='ocr_line' id='line_1_37' title="bbox 503 4029 1380 4121; baseline 0 -23"><span class='ocrx_word' id='word_1_280' title='bbox 503 4034 634 4119; x_wconf 75' lang='lat' dir='ltr'>syllabas</span> <span class='ocrx_word' id='word_1_281' title='bbox 656 4029 774 4121; x_wconf 84' lang='lat' dir='ltr'>primas</span> <span class='ocrx_word' id='word_1_282' title='bbox 794 4056 919 4102; x_wconf 85' lang='lat' dir='ltr'>necesse</span> <span class='ocrx_word' id='word_1_283' title='bbox 944 4048 1066 4103; x_wconf 80' lang='lat' dir='ltr'>estora</span> <span class='ocrx_word' id='word_1_284' title='bbox 1090 4039 1198 4117; x_wconf 88' lang='lat' dir='ltr'>raptim</span> <span class='ocrx_word' id='word_1_285' title='bbox 1223 4055 1380 4118; x_wconf 87' lang='lat' dir='ltr'>promerc;</span> 
     </span>
    </p>
   </div>
   <div class='ocr_carea' id='block_1_4' title="bbox 299 4168 506 4182">
    <p class='ocr_par' dir='ltr' id='par_1_4' title="bbox 299 4168 506 4182">
     <span class='ocr_line' id='line_1_38' title="bbox 299 4168 506 4182; baseline 0.005 -1"><span class='ocrx_word' id='word_1_286' title='bbox 299 4168 506 4182; x_wconf 58' lang='lat' dir='ltr'><em>m</em></span> 
     </span>
    </p>
   </div>
   <div class='ocr_carea' id='block_1_5' title="bbox 365 4241 1009 4312">
    <p class='ocr_par' dir='ltr' id='par_1_5' title="bbox 365 4241 1009 4312">
     <span class='ocr_line' id='line_1_39' title="bbox 365 4241 1009 4312; baseline 0.012 -22"><span class='ocrx_word' id='word_1_287' title='bbox 365 4241 504 4292; x_wconf 78' lang='lat' dir='ltr'>roc-cce</span> <span class='ocrx_word' id='word_1_288' title='bbox 523 4243 629 4297; x_wconf 71' lang='lat' dir='ltr'>crema.</span> <span class='ocrx_word' id='word_1_289' title='bbox 648 4247 692 4305; x_wconf 79' lang='lat' dir='ltr'>rc,</span> <span class='ocrx_word' id='word_1_290' title='bbox 714 4245 746 4296; x_wconf 79' lang='lat' dir='ltr'><em>u</em></span> <span class='ocrx_word' id='word_1_291' title='bbox 764 4245 878 4312; x_wconf 69' lang='lat' dir='ltr'>Pompei.</span> <span class='ocrx_word' id='word_1_292' title='bbox 899 4250 957 4309; x_wconf 77' lang='lat' dir='ltr'>aas,</span> <span class='ocrx_word' id='word_1_293' title='bbox 976 4249 1009 4298; x_wconf 80' lang='lat' dir='ltr'>as</span> 
     </span>
    </p>
   </div>
   <div class='ocr_carea' id='block_1_6' title="bbox 296 4355 503 4373">
    <p class='ocr_par' dir='ltr' id='par_1_6' title="bbox 296 4355 503 4373">
     <span class='ocr_line' id='line_1_40' title="bbox 296 4355 503 4373; baseline 0.014 -3"><span class='ocrx_word' id='word_1_294' title='bbox 296 4355 503 4373; x_wconf 53' lang='lat' dir='ltr'>uda——</span> 
     </span>
    </p>
   </div>
   <div class='ocr_carea' id='block_1_7' title="bbox 254 4447 1717 4930">
    <p class='ocr_par' dir='ltr' id='par_1_7' title="bbox 254 4447 1717 4930">
     <span class='ocr_line' id='line_1_41' title="bbox 365 4447 1618 4518; baseline -0.014 -2"><span class='ocrx_word' id='word_1_295' title='bbox 365 4448 417 4499; x_wconf 72' lang='lat'>4⁵³</span> <span class='ocrx_word' id='word_1_296' title='bbox 435 4449 501 4514; x_wconf 66' lang='lat' dir='ltr'>Sfflll</span> <span class='ocrx_word' id='word_1_297' title='bbox 520 4449 555 4502; x_wconf 88' lang='lat' dir='ltr'><em>M</em></span> <span class='ocrx_word' id='word_1_298' title='bbox 568 4458 721 4503; x_wconf 79' lang='lat' dir='ltr'>constanter</span> <span class='ocrx_word' id='word_1_299' title='bbox 792 4453 842 4504; x_wconf 78' lang='grc'>467</span> <span class='ocrx_word' id='word_1_300' title='bbox 865 4453 1032 4518; x_wconf 76' lang='lat' dir='ltr'>Verp.‘Aen.</span> <span class='ocrx_word' id='word_1_301' title='bbox 1052 4453 1069 4503; x_wconf 86' lang='lat'><em>1</em></span> <span class='ocrx_word' id='word_1_302' title='bbox 1088 4455 1139 4503; x_wconf 71' lang='lat'>490</span> <span class='ocrx_word' id='word_1_303' title='bbox 1156 4451 1227 4502; x_wconf 81' lang='lat' dir='ltr'>ducit</span> <span class='ocrx_word' id='word_1_304' title='bbox 1246 4449 1435 4501; x_wconf 83' lang='lat' dir='ltr'>Amazonidum</span> <span class='ocrx_word' id='word_1_305' title='bbox 1455 4447 1550 4500; x_wconf 86' lang='lat' dir='ltr'>lunatis</span> <span class='ocrx_word' id='word_1_306' title='bbox 1569 4463 1618 4516; x_wconf 80' lang='lat' dir='ltr'>eg·</span> 
     </span>
     <span class='ocr_line' id='line_1_42' title="bbox 294 4532 1617 4605; baseline 0.002 -23"><span class='ocrx_word' id='word_1_307' title='bbox 294 4533 368 4584; x_wconf 79' lang='lat' dir='ltr'>mina</span> <span class='ocrx_word' id='word_1_308' title='bbox 387 4532 463 4599; x_wconf 85' lang='lat' dir='ltr'>peltis</span> <span class='ocrx_word' id='word_1_309' title='bbox 481 4533 644 4588; x_wconf 78' lang='lat' dir='ltr'>Penthesilea</span> <span class='ocrx_word' id='word_1_310' title='bbox 661 4537 750 4588; x_wconf 80' lang='lat' dir='ltr'>lucens</span> <span class='ocrx_word' id='word_1_311' title='bbox 821 4539 869 4589; x_wconf 75' lang='lat' dir='ltr'>tot</span> <span class='ocrx_word' id='word_1_312' title='bbox 891 4535 968 4605; x_wconf 77' lang='lat' dir='ltr'>eitun]</span> <span class='ocrx_word' id='word_1_313' title='bbox 992 4537 1071 4603; x_wconf 81' lang='lat' dir='ltr'>Verp.</span> <span class='ocrx_word' id='word_1_314' title='bbox 1085 4537 1153 4588; x_wconf 78' lang='lat' dir='ltr'>Aen.</span> <span class='ocrx_word' id='word_1_315' title='bbox 1177 4535 1282 4587; x_wconf 79' lang='lat' dir='ltr'>Vltro</span> <span class='ocrx_word' id='word_1_316' title='bbox 1351 4537 1403 4588; x_wconf 78' lang='lat' dir='ltr'>too</span> <span class='ocrx_word' id='word_1_317' title='bbox 1420 4535 1502 4586; x_wconf 88' lang='lat' dir='ltr'>lector</span> <span class='ocrx_word' id='word_1_318' title='bbox 1519 4545 1617 4586; x_wconf 88' lang='lat' dir='ltr'>utnon</span> 
     </span>
     <span class='ocr_line' id='line_1_43' title="bbox 294 4617 1717 4690; baseline -0.001 -21"><span class='ocrx_word' id='word_1_319' title='bbox 294 4617 834 4684; x_wconf 74' lang='lat' dir='ltr'>-sciutWakefieidiueinhucret.13</span> <span class='ocrx_word' id='word_1_320' title='bbox 903 4617 1088 4690; x_wconf 72' lang='lat' dir='ltr'>learrtage]</span> <span class='ocrx_word' id='word_1_321' title='bbox 1114 4621 1356 4689; x_wconf 84' lang='lat' dir='ltr'>Verg.Aen.170</span> <span class='ocrx_word' id='word_1_322' title='bbox 1425 4623 1477 4672; x_wconf 73' lang='grc'>474</span> <span class='ocrx_word' id='word_1_323' title='bbox 1494 4621 1546 4689; x_wconf 91' lang='lat' dir='ltr'>lupi</span> <span class='ocrx_word' id='word_1_324' title='bbox 1559 4617 1618 4688; x_wconf 88' lang='lat' dir='ltr'>cen]</span> <span class='ocrx_word' id='word_1_325' title='bbox 1711 4635 1717 4686; x_wconf 77' lang='lat'>&#39;.</span> 
     </span>
     <span class='ocr_line' id='line_1_44' title="bbox 300 4704 1618 4775; baseline -0.002 -13"><span class='ocrx_word' id='word_1_326' title='bbox 300 4704 380 4769; x_wconf 65' lang='lat' dir='ltr'>Vera.</span> <span class='ocrx_word' id='word_1_327' title='bbox 400 4705 468 4756; x_wconf 78' lang='lat' dir='ltr'>Aeo.</span> <span class='ocrx_word' id='word_1_328' title='bbox 487 4707 522 4758; x_wconf 84' lang='grc' dir='ltr'>ΙΙ</span> <span class='ocrx_word' id='word_1_329' title='bbox 541 4710 598 4760; x_wconf 77' lang='lat'>355</span> <span class='ocrx_word' id='word_1_330' title='bbox 665 4711 715 4761; x_wconf 76' lang='lat'>4⁷⁶</span> <span class='ocrx_word' id='word_1_331' title='bbox 738 4707 870 4775; x_wconf 86' lang='lat' dir='ltr'>diphouos</span> <span class='ocrx_word' id='word_1_332' title='bbox 889 4709 921 4760; x_wconf 86' lang='lat' dir='ltr'>L.</span> <span class='ocrx_word' id='word_1_333' title='bbox 941 4709 1083 4761; x_wconf 76' lang='grc' dir='ltr'><strong><em>Μοεὶἱεινι</em></strong></span> <span class='ocrx_word' id='word_1_334' title='bbox 1105 4710 1139 4762; x_wconf 86' lang='lat' dir='ltr'>de</span> <span class='ocrx_word' id='word_1_335' title='bbox 1156 4724 1185 4758; x_wconf 82' lang='lat' dir='ltr'>re</span> <span class='ocrx_word' id='word_1_336' title='bbox 1204 4715 1275 4760; x_wconf 81' lang='lat' dir='ltr'>metr.</span> <span class='ocrx_word' id='word_1_337' title='bbox 1294 4714 1366 4773; x_wconf 84' lang='lat' dir='ltr'>poet.</span> <span class='ocrx_word' id='word_1_338' title='bbox 1385 4710 1430 4758; x_wconf 76' lang='lat' dir='ltr'>ici.</span> <span class='ocrx_word' id='word_1_339' title='bbox 1446 4724 1475 4773; x_wconf 85' lang='lat' dir='ltr'>p.</span> <span class='ocrx_word' id='word_1_340' title='bbox 1496 4711 1563 4760; x_wconf 77' lang='lat'>314:</span> <span class='ocrx_word' id='word_1_341' title='bbox 1581 4709 1618 4772; x_wconf 81' lang='lat' dir='ltr'>cs.</span> 
     </span>
     <span class='ocr_line' id='line_1_45' title="bbox 294 4789 1616 4862; baseline -0.001 -17"><span class='ocrx_word' id='word_1_342' title='bbox 294 4805 319 4840; x_wconf 77' lang='lat' dir='ltr'>v·</span> <span class='ocrx_word' id='word_1_343' title='bbox 339 4789 398 4839; x_wconf 73' lang='grc'>441-</span> <span class='ocrx_word' id='word_1_344' title='bbox 468 4791 520 4843; x_wconf 74' lang='grc'>476</span> <span class='ocrx_word' id='word_1_345' title='bbox 538 4791 616 4862; x_wconf 85' lang='lat' dir='ltr'>nube]</span> <span class='ocrx_word' id='word_1_346' title='bbox 640 4793 719 4862; x_wconf 82' lang='lat' dir='ltr'>Verp.</span> <span class='ocrx_word' id='word_1_347' title='bbox 741 4794 808 4846; x_wconf 84' lang='lat' dir='ltr'>Aen.</span> <span class='ocrx_word' id='word_1_348' title='bbox 831 4793 890 4845; x_wconf 88' lang='lat' dir='ltr'>VII</span> <span class='ocrx_word' id='word_1_349' title='bbox 910 4797 960 4846; x_wconf 79' lang='grc'>674</span> <span class='ocrx_word' id='word_1_350' title='bbox 978 4809 1023 4845; x_wconf 89' lang='lat' dir='ltr'>ceu</span> <span class='ocrx_word' id='word_1_351' title='bbox 1043 4794 1094 4844; x_wconf 91' lang='lat' dir='ltr'>duo</span> <span class='ocrx_word' id='word_1_352' title='bbox 1114 4794 1260 4862; x_wconf 79' lang='lat' dir='ltr'>nubigenae</span> <span class='ocrx_word' id='word_1_353' title='bbox 1278 4807 1337 4848; x_wconf 85' lang='lat' dir='ltr'>eum</span> <span class='ocrx_word' id='word_1_354' title='bbox 1357 4793 1451 4843; x_wconf 83' lang='lat' dir='ltr'>vertice</span> <span class='ocrx_word' id='word_1_355' title='bbox 1469 4793 1566 4844; x_wconf 82' lang='lat' dir='ltr'>montis</span> <span class='ocrx_word' id='word_1_356' title='bbox 1583 4793 1616 4844; x_wconf 83' lang='lat' dir='ltr'>ab</span> 
     </span>
     <span class='ocr_line' id='line_1_46' title="bbox 254 4867 671 4930; baseline 0.014 -7"><span class='ocrx_word' id='word_1_357' title='bbox 254 4867 256 4870; x_wconf 73' lang='grc'><strong>’</strong></span> <span class='ocrx_word' id='word_1_358' title='bbox 294 4871 349 4923; x_wconf 82' lang='lat' dir='ltr'>ulto</span> <span class='ocrx_word' id='word_1_359' title='bbox 367 4871 533 4928; x_wconf 84' lang='lat' dir='ltr'>Descendunt</span> <span class='ocrx_word' id='word_1_360' title='bbox 550 4877 671 4930; x_wconf 77' lang='lat' dir='ltr'>Centauri</span> 
     </span>
    </p>
   </div>
   <div class='ocr_carea' id='block_1_8' title="bbox 0 0 1942 5556">
    <p class='ocr_par' dir='ltr' id='par_1_8' title="bbox 0 0 1942 5556">
     <span class='ocr_line' id='line_1_47' title="bbox 0 0 1942 5556; baseline 0 2"><span class='ocrx_word' id='word_1_361' title='bbox 0 0 1942 5556; x_wconf 95' lang='lat' dir='ltr'> </span> 
     </span>
    </p>
   </div>
  </div>
 </body>
</html>
