3904 5556
364 337 407 403 43
864 337 971 392 nasu
993 337 1185 392 vrcnorann

391 454 412 495 p.
426 441 486 490 sset.
499 443 525 483 aa
541 440 562 484 e.
1510 453 1532 496 p.
1546 443 1579 484 as.
1593 441 1619 482 aa
1633 440 1658 484 s.

366 533 486 611 ritoquc
508 532 666 595 aGraecis
688 531 728 591 ito
753 527 826 591 dicti
843 524 1021 610 ἑπίτριτοιε
1053 549 1123 594 nam
1145 537 1217 594 sunt
1238 529 1416 610 heptasemi.
1444 529 1524 594 unde
1540 551 1576 594 ex
1593 541 1685 594 tetra·

363 634 501 718 syllabis,
537 637 681 717 quisunt
704 651 829 696 numero
853 646 915 696 xv1
945 643 1087 715 quattuor
1109 641 1225 698 tantum
1248 632 1339 696 utiles
1360 633 1555 708 adseruntur,
1585 635 1615 698 id
1639 645 1685 698 est

304 770 309 780 =
364 738 559 803 choriambus
587 747 617 800 et
645 739 827 818 antispastus
856 738 1043 820 aequalitatis
1074 742 1192 802 ratione
1227 744 1414 810 constantes,
1452 739 1505 802 sed
1535 749 1565 802 et
1592 742 1684 803 ionici

364 842 441 915 duo,
472 843 582 906 ceteris
605 840 709 905 decem
733 860 794 904 non
817 841 892 905 adeo
915 844 1109 908 necessariis:
1140 861 1208 906 nant
1233 841 1441 905 ditrochaeum
1465 852 1494 905 et
1520 842 1683 906 diiambum

365 949 446 1011 inter
468 945 631 1029 disyllabos
647 945 741 1026 magis
764 952 849 1027 aptos
873 945 978 1010 haberi
993 947 1106 1012 volunt.
1136 947 1230 1028 igitur
1253 963 1350 1027 paeon
1373 949 1490 1027 primus
1506 951 1565 1011 erit
1586 951 1712 1029 primas

363 1049 452 1132 longa
476 1051 525 1114 cui
548 1057 609 1114 tres
631 1051 791 1113 continuae
814 1048 923 1113 breves
950 1049 1131 1122 adhaerent,
1161 1068 1198 1112 ex
1227 1048 1370 1113 trochaeo
1401 1059 1429 1112 et
1457 1051 1611 1134 pyrrichio
1634 1069 1683 1114 co·

363 1153 498 1236 palatus.
523 1163 557 1216 ιιι
579 1151 733 1216 Caecilius.
780 1153 933 1217 secundus
956 1172 1053 1236 paeon
1077 1153 1278 1235 praecedente
1302 1150 1395 1226 brevi,
1420 1161 1568 1236 sequente
1583 1155 1682 1235 longa,

363 1258 412 1320 cui
434 1256 624 1320 subiciuntur
648 1255 724 1320 duae
747 1255 869 1330 breues,
900 1277 936 1321 ex
960 1257 1060 1321 iambo
1083 1268 1113 1322 et
1135 1257 1291 1341 pyrrichio
1313 1257 1508 1336 formabitur,
1539 1269 1573 1322 ut
1595 1277 1684 1321 cane·

363 1350 487 1442 phoras.
533 1362 641 1424 tertius
670 1379 686 1422 e
715 1359 831 1424 duabus
860 1361 1019 1433 brevibus,
1056 1361 1143 1442 longa
1173 1363 1277 1432 tertia,
1309 1370 1414 1441 quarta
1444 1361 1528 1426 brevi
1559 1361 1682 1444 syllaba,

363 1466 546 1545 compositus
570 1483 606 1526 ex
624 1464 777 1547 pyrrichio
800 1475 830 1526 et
852 1464 1010 1536 trochaeo,
1035 1473 1068 1528 ut
1086 1465 1244 1547 Epicurus.
1291 1473 1428 1547 quartum
1454 1473 1553 1529 autern
1578 1475 1682 1548 quarta
1699 1489 1724 1526 aa

361 1568 467 1649 longa,
497 1569 594 1632 tribus
615 1567 759 1631 breuibus
775 1566 898 1650 syllabis
920 1570 951 1630 ln
975 1570 1072 1650 prima
1100 1570 1225 1649 regione
1248 1573 1368 1651 positis,
1398 1591 1434 1634 ex
1457 1570 1610 1653 pyrrichio
1626 1567 1637 1653 ΙΙ
1655 1578 1684 1631 et

309 1739 312 1747 Δ
362 1671 463 1738 iambo
485 1691 635 1735 conexum
660 1673 857 1754 accipiemus,
882 1682 915 1734 ut
931 1651 1088 1753 Diogenes.
1134 1683 1298 1755 supersunt
1314 1675 1440 1754 epitriti,
1463 1675 1561 1754 quiet
1579 1673 1682 1755 hippii,

362 1777 496 1864 adaeque
519 1794 645 1840 numero
668 1785 820 1860 qttattuor,
845 1772 1016 1858 quod[que]
1041 1784 1088 1838 cst
1110 1775 1200 1840 veluti
1222 1795 1318 1856 genus
1340 1779 1570 1858 paeonicorum,
1596 1797 1683 1860 prae·

362 1865 465 1946 sertim
506 1899 573 1943 carm
613 1882 674 1942 sint
707 1881 803 1962 spatio
845 1887 1017 1959 temporum
1053 1879 1204 1962 dispares,
1245 1882 1343 1944 torma
1383 1880 1573 1944 consimiles:
1612 1891 1683 1944 sunt

362 1988 445 2049 enim
475 1985 653 2068 heptasemi,
685 1983 715 2046 id
746 1991 792 2046 est
821 1992 993 2065 temporum
1023 1995 1149 2066 septem.
1196 2003 1325 2065 quorum
1354 1986 1470 2066 primus
1499 1988 1601 2067 priore
1623 1985 1681 2067 syl·
1698 2005 1723 2044 aa
1764 2003 1767 2008 ¹

361 2087 429 2152 laba
463 2087 562 2159 breui,
598 2087 793 2171 sequentibus
826 2087 925 2168 longis
956 2087 1067 2158 tribus,
1102 2107 1138 2150 ex
1172 2087 1272 2150 iambo
1300 2093 1330 2150 et
1358 2089 1493 2169 spondeo
1522 2087 1681 2161 constabit,

361 2203 395 2256 ut
423 2191 596 2256 Aristocles.
646 2190 800 2255 secundus
827 2210 843 2253 e
873 2190 961 2269 longa
991 2200 1020 2254 et
1049 2191 1146 2263 breui,
1177 2191 1344 2255 subiunctis
1373 2195 1401 2254 ei
1431 2191 1547 2256 duabus
1574 2192 1680 2272 longis,

361 2299 420 2360 erit
448 2315 483 2360 ex
511 2297 654 2360 trochaeo
685 2305 714 2358 et
742 2294 884 2377 spondeo.
906 2293 1076 2378 copulatus,
1107 2304 1138 2358 ut
1161 2295 1366 2359 Archimedes.
1414 2299 1531 2368 tertius.
1560 2299 1592 2358 in
1621 2315 1681 2378 qtrc

360 2402 476 2482 primae
504 2401 581 2464 duae
610 2399 731 2480 longae,
766 2401 853 2461 tertia
882 2399 1000 2480 brevis,
1030 2399 1117 2480 longa
1147 2399 1265 2469 ultima.
1297 2419 1331 2462 ex
1360 2401 1496 2482 spondeo
1524 2409 1555 2463 et
1579 2400 1681 2463 iambo

361 2513 522 2567 concretus
552 2503 715 2574 ridebitur,
746 2513 779 2564 ut
808 2501 1036 2566 Demosthenes.
1082 2513 1176 2566 restat
1205 2502 1385 2585 complendo
1414 2503 1677 2586 tetrasyllabarum
1693 2525 1721 2566 su

361 2606 471 2690 pedum
501 2625 627 2670 nurnero
657 2609 797 2689 epitritus
825 2615 967 2687 quartus,
1002 2625 1092 2689 quem
1121 2609 1238 2690 primae
1266 2615 1329 2670 tres
1356 2606 1479 2688 lungae,
1513 2617 1618 2690 quarta
1649 2610 1680 2671 in

360 2711 466 2774 ultimo
501 2711 599 2774 brevis
632 2730 669 2774 ex
698 2710 832 2792 spondeo
866 2720 895 2774 et
929 2711 1073 2774 trochaeo
1104 2729 1252 2774 conexum
1287 2729 1354 2774 esse
1388 2711 1611 2782 demonstrant,
1647 2722 1681 2774 ιιι

360 2815 513 2879 irenaeus.

447 2919 509 2984 llac
537 2919 725 3000 inspectione
747 2919 887 2982 conicere
913 2919 1041 3000 poteris,
1072 2937 1161 3001 quern
1191 2920 1373 2984 admodum
1403 2939 1439 2984 ex
1469 2918 1622 3002 disyllabis
1650 2932 1680 2985 et

362 3021 524 3105 trisyllabis
547 3021 758 3105 pentasyllabi,
790 3022 842 3084 sed
868 3029 898 3084 et
920 3023 1079 3103 geminatis
1108 3021 1271 3104 trisyllabis
1293 3023 1477 3107 hexasyllabi
1501 3024 1596 3106 pedes
1618 3026 1679 3087 lor·
1693 3045 1720 3085 ss

360 3129 433 3190 mati
457 3126 629 3198 rideantur,
661 3145 788 3208 quorum
812 3126 979 3208 syllabatim
1003 3145 1058 3209 per
1087 3115 1226 3209 tempora
1247 3130 1363 3208 species
1385 3127 1601 3210 comprehendi
1626 3147 1679 3210 po·

359 3238 472 3295 terunt.
503 3249 572 3294 narn
585 3231 701 3293 etiamsi
717 3232 848 3312 propriis
864 3229 1053 3301 nominibus.
1078 3238 1111 3292 ut
1126 3229 1176 3293 alli
1192 3231 1299 3311 pedes,
1317 3232 1441 3294 minime
1457 3235 1678 3314 exprimuntur.

360 3343 461 3398 tamen
495 3337 556 3396 situ
590 3332 772 3416 syllabarum
806 3342 836 3396 et
868 3333 1032 3396 substantia
1067 3343 1238 3416 temporum
1273 3333 1432 3417 malnllesti
1461 3342 1541 3398 sunt.
1586 3338 1678 3418 aqui

307 3493 310 3502 .
359 3456 468 3501 rursus
490 3437 579 3500 soluti
603 3439 743 3518 exigente
766 3455 822 3500 usu
845 3435 883 3498 ad
906 3439 1062 3518 proprium
1078 3445 1188 3501 statum
1205 3436 1475 3519 condicionemque
1490 3439 1677 3502 revocabun-

359 3551 419 3606 tur.
464 3544 557 3624 igitur
580 3543 718 3622 cognatio
742 3551 772 3603 et
794 3541 940 3620 quaedam
965 3539 1001 3602 ad
1032 3544 1252 3605 incrementum
1276 3546 1468 3624 propagatio,
1503 3561 1561 3625 qua
1584 3543 1677 3625 pedes
1692 3564 1720 3602 so

359 3665 375 3708 a
398 3645 566 3729 primordio
583 3643 773 3726 multiplicati
796 3652 978 3717 noscuntur,
1003 3643 1071 3708 talis
1094 3653 1147 3708 est.
1194 3663 1262 3708 nam
1286 3665 1321 3708 ex
1346 3646 1535 3728 primigeniis
1558 3646 1677 3710 duobus

317 3801 326 3819 .
359 3751 513 3832 pyrrichio
548 3756 578 3812 et
612 3733 747 3831 spondeo
782 3748 937 3831 adquisitis
970 3749 1047 3811 lacta
1078 3757 1249 3831 temporum
1283 3753 1485 3832 permistione
1517 3749 1617 3812 iambo
1646 3759 1676 3812 et

411 3951 445 4001 24
458 3949 510 3999 linc
523 3949 685 4014 inspectione
697 3973 731 3984 -
744 3949 786 4008 50,
800 3948 816 3998 2
829 3947 967 4015 copulatur
981 3948 1060 3999 schot.
1076 3947 1221 4013 Hephaest.
1235 3952 1445 4013 mad-129,
1457 3951 1491 4000 26
1503 3947 1675 4016 ιιιΨιειρλ.

358 4051 564 4065 *un-—

356 4124 447 4174 tertiae
465 4123 559 4190 partiar
588 4137 646 4174 nam
666 4133 727 4174 stant
744 4121 897 4190 heptasemi.
981 4116 1223 4174 ΙΕΠΙΤΡΙΤΟΑ
1312 4123 1379 4173 uude
1403 4137 1436 4172 ex
1458 4121 1674 4187 tetrasyllabisA

358 4191 426 4243 unde
444 4193 616 4259 tetrasyllabis
634 4193 690 4250 ςΒ
778 4195 793 4243 b
816 4194 864 4241 erit
882 4191 923 4240 cui
941 4179 1025 4258 prim'u
1044 4189 1122 4258 longa
1141 4202 1192 4243 tres
1212 4190 1302 4248 ΑΒς
1392 4197 1421 4242 ll
1446 4206 1479 4242 ex
1502 4191 1632 4258 pyrrichio
1652 4203 1677 4243 et

356 4299 444 4356 iambo
464 4304 490 4356 B
506 4306 594 4363 ναις
612 4321 645 4358 ex
658 4303 789 4374 pyrrichio
803 4314 828 4354 et
839 4257 959 4373 ty'tlzllgep
978 4305 1004 4355 A
1076 4306 1108 4356 13
1126 4303 1242 4368 adaeque
1261 4317 1278 4362 ς
1296 4315 1416 4367 araeque
1436 4303 1496 4354 AB
1567 4305 1599 4354 id
1617 4317 1675 4354 oum

357 4409 410 4458 sint
427 4406 566 4462 Suetonius
584 4411 610 4462 s'n
631 4408 736 4461 Terent.
755 4405 845 4458 allaar.
862 4425 888 4473 p.
902 4411 953 4458 128
971 4421 1029 4456 cum
1047 4381 1103 4471 sine¹
1123 4406 1147 4458 B
1165 4423 1223 4456 oum
1242 4409 1298 4458 siae
1318 4407 1340 4456 A
1355 4419 1372 4461 ς
1442 4418 1503 4457 sarna
1521 4409 1588 4457 euim
1602 4417 1677 4474 epta·

357 4478 422 4528 aemi
444 4475 470 4526 B
486 4477 546 4534 Vat,
568 4491 629 4530 strat
651 4478 744 4529 etenim
768 4477 894 4544 eptasemi
912 4495 929 4527 a
951 4488 1014 4527 sunt
1037 4487 1061 4525 et
1084 4476 1236 4544 heptaserni,
1259 4483 1286 4525 at
1309 4475 1419 4540 ardema,
1439 4477 1463 4528 A
1492 4487 1561 4538 sunt,
1580 4477 1675 4527 etenim

357 4545 536 4612 heptasemis
608 4549 638 4600 tt
658 4545 800 4598 Aristocles
817 4559 834 4602 ς
852 4545 997 4596 aristoteles
1016 4543 1074 4596 AB
1143 4546 1175 4595 21
1195 4545 1290 4612 pedrnn
1309 4543 1395 4596 om.B
1465 4545 1498 4596 23
1516 4545 1674 4598 iraetteasA

426 4617 459 4666 24
478 4615 526 4667 hac
544 4617 706 4685 inspectione
724 4615 778 4672 ςΒ
797 4613 845 4666 hac
863 4617 995 4682 spectione
1014 4617 1038 4665 A
1109 4615 1142 4666 25
1160 4613 1333 4681 pentasyllabi
1350 4613 1397 4664 sed
1416 4611 1471 4670 ab
1489 4613 1675 4684 pentasyllabis

358 4709 404 4761 sed
423 4711 447 4760 A
467 4712 653 4778 pentasyllabis
673 4711 718 4762 sed
738 4711 797 4760 Vol.
866 4709 900 4762 28
918 4721 1003 4760 tamen
1022 4712 1074 4761 situ
1093 4723 1110 4766 ς
1128 4722 1212 4760 tamen
1230 4709 1253 4759 si
1271 4710 1337 4758 situs
1357 4707 1382 4758 B
1399 4709 1458 4762 Vol.
1478 4705 1513 4759 tm
1526 4680 1625 4760 sistltua
1639 4713 1674 4763 A.

358 4781 451 4830 deinde
469 4785 508 4832 oet
524 4783 686 4846 gramatici
702 4785 741 4832 oet
760 4777 924 4831 librariorum
942 4782 1002 4830 attio
1020 4781 1145 4846 quaedam
1164 4781 1257 4831 omaso
1275 4783 1334 4828 sunt
1352 4777 1385 4828 de
1400 4781 1577 4830 contractione
1594 4785 1675 4846 sylla-

357 4851 445 4902 tamon
463 4857 489 4902 et
507 4859 655 4918 temporam,
678 4866 729 4917 qua
747 4865 783 4900 erc
798 4848 986 4913 pentasyllabis
1004 4855 1029 4898 et
1047 4849 1224 4915 hexasylladis
1241 4845 1350 4914 pedidus
1364 4849 1430 4910 short
1447 4849 1585 4913 trisyllabi.
1616 4867 1675 4902 nam

357 4919 393 4972 ad
409 4917 455 4969 dos
473 4923 603 4986 pertineat
621 4937 653 4971 en
672 4936 737 4986 quae
754 4925 885 4982 secuntur,
903 4919 948 4981 qui
967 4933 1057 4968 rursus
1076 4918 1155 4968 soluti
1172 4934 1232 4985 sqq.
