3874 5556
402 347 467 413 300
857 355 1269 412 tmtusoncvutnttut

429 463 450 508 p.
465 453 517 492 eros
530 450 554 503 n.
1534 473 1556 516 p.
1571 461 1617 504 ssa.
1631 461 1657 504 ss
1671 459 1697 503 c.

583 549 778 631 γουνοῦμαί
797 543 830 612 σ’
855 546 1050 633 §lampadis
1072 545 1228 616 δέσποιν’
1242 542 1381 633 Ἀρτεμι
1404 549 1534 632 θηρῶν.

404 662 531 735 utraque
554 653 629 717 haec
652 671 722 736 pars
746 657 942 719 Anacreontis
965 665 1020 720 est.
1037 653 1051 740 ΙΙ

557 772 594 839 Vl
638 775 835 838 Scriberis
856 775 969 839 Vario
993 777 1108 839 tortis
1131 786 1168 840 et
1190 775 1355 839 hostium

638 881 775 951 vietor.
800 879 964 943 Maeonii
988 883 1172 946 carminis
1194 879 1301 953 alite,

637 1003 747 1065 quarn
770 1003 846 1046 rem
870 1002 1026 1068 cumque
1048 985 1155 1048 ieron
1180 983 1338 1048 navibus
1360 991 1423 1047 aut
1445 989 1556 1067 equis
1745 1016 1757 1056 5

637 1085 748 1151 miles
772 1096 807 1150 te
831 1087 925 1151 duce
948 1091 1130 1170 gesserit

402 1217 463 1270 tres
485 1209 576 1290 primi
599 1207 789 1292 asclepiadei,
816 1219 849 1273 ut

726 1313 925 1378 Maecenas
948 1316 1069 1377 atavis
1091 1315 1195 1378 edite
1218 1314 1392 1396 regibus;

403 1423 530 1498 quartus
553 1417 718 1498 glyconins,
744 1425 776 1481 ut

820 1521 1019 1603 γουνοῦμαί
1038 1515 1071 1584 σ’
1096 1517 1292 1606 ἐλαφηβόλε

401 1621 545 1706 [utraque
568 1613 643 1688 haec
666 1644 736 1706 pars
759 1627 957 1688 Anacreontis
980 1625 1052 1710 est].

508 1745 558 1808 Vll
603 1747 829 1810 Laudabunt
852 1746 917 1808 alii
941 1747 1082 1810 claram
1108 1747 1264 1811 Rhodon
1288 1757 1352 1812 aut
1373 1748 1584 1830 Mitylenen

604 1859 666 1913 aut
690 1850 863 1932 Epheson
888 1850 1093 1914 bimarisve
1117 1852 1306 1916 Corinthi.

401 1954 518 2033 primus
541 1952 662 2026 herous,
686 1953 837 2018 secundus
859 1955 931 2018 item
955 1955 1076 2028 herous,
1106 1955 1159 2020 ecel
1183 1963 1370 2029 tetrameter,
1394 1959 1443 2019 cui
1466 1958 1491 2020 si
1515 1955 1623 2020 reddas
1646 1955 1721 2018 duos

399 2057 501 2140 pedes,
526 2059 584 2121 erit
606 2056 719 2121 solidus
743 2059 919 2122 hexameter
941 2061 994 2132 sic,
1734 2088 1757 2130 rs

638 2172 688 2224 aut
711 2161 851 2244 Epheson
875 2161 1036 2227 bimarisve
1059 2164 1195 2227 Corinthi
1219 2165 1334 2246 primus
1357 2163 1394 2228 ab
1417 2165 1479 2226 oris

400 2265 445 2328 vel

692 2375 736 2436 sic
759 2374 855 2435 tristis
878 2373 984 2433 allatus
1007 2375 1120 2434 amicos
1143 2372 1288 2452 Cynthius
1311 2382 1427 2435 auctor.

529 2474 594 2538 Vlll
640 2476 752 2560 Lydia
777 2475 837 2538 dic
859 2478 1072 2557 peremnis

638 2589 673 2642 te
697 2578 788 2642 deos
811 2598 894 2652 oro,
919 2579 1091 2662 Sybarim
1116 2599 1183 2642 cur
1206 2598 1393 2663 properas
1416 2579 1584 2643 amancio.
1734 2607 1759 2647 ρο

400 2681 458 2745 hoc
488 2689 581 2746 totum
605 2681 843 2746 choriambicum
872 2693 917 2745 est
940 2695 1080 2746 metrum.
1126 2687 1256 2763 primum
1284 2682 1371 2745 colon
1396 2683 1545 2746 dimetron
1569 2681 1721 2746 catalecti-

400 2805 469 2850 cum
493 2796 547 2849 est.
594 2785 647 2850 sed
670 2789 845 2868 quominus
868 2787 1105 2851 choriambicum
1130 2807 1197 2850 esse
1220 2789 1359 2851 rideatur
1380 2789 1542 2868 integrum,
1561 2786 1638 2848 'iacit
1654 2786 1720 2848 ulti·

400 2909 466 2952 mus
482 2888 641 2952 bacchius:
665 2909 733 2952 nam
757 2891 898 2954 similiter
920 2894 950 2954 in
974 2892 1107 2954 secuntlo
1131 2891 1198 2956 colo
1221 2892 1369 2954 allectavit
1391 2893 1422 2953 in
1443 2891 1546 2952 ultimo
1562 2889 1719 2952 bacchium

400 2993 522 3056 habere.
558 2997 589 3056 in
613 2993 671 3056 boc
694 2996 782 3058 etiam
806 2997 929 3058 recessit
945 2995 982 3058 ab
999 2996 1116 3066 Alcaeo,
1141 2995 1220 3078 quod
1238 2997 1369 3075 primum
1386 2993 1595 3056 choriambum
1613 2993 1719 3056 durum

399 3097 471 3160 lecit
496 3095 693 3180 [secuntum]
723 3117 778 3180 pro
808 3099 908 3162 iantbo
936 3099 1103 3180 sprondeum
1133 3099 1284 3182 ponendo.
1329 3117 1398 3161 nam
1422 3100 1447 3160 si
1471 3107 1592 3160 secutus
1616 3099 1757 3164 luissetn

400 3200 555 3269 Alcaeum,
578 3203 621 3264 sic
644 3201 824 3272 ordinasset.

659 3305 718 3368 hoc
741 3305 795 3368 dea
820 3325 889 3369 cere
913 3307 1050 3390 Sybarim
1075 3327 1129 3368 cur
1153 3325 1299 3389 properes
1323 3304 1461 3368 amantio.

400 3407 453 3472 sed
482 3409 638 3472 allectasse
667 3414 882 3492 potiusquam
912 3431 1031 3473 errasse
1061 3410 1215 3474 iloratiunt
1244 3419 1380 3493 apparet.
1410 3408 1488 3491 quod
1519 3407 1624 3470 eadem
1655 3408 1720 3487 lege

401 3531 494 3596 usque
519 3513 554 3575 ad
579 3513 669 3576 linem
693 3513 815 3594 eglogae
839 3516 1050 3598 perseveravit.
1098 3517 1154 3577 erit
1177 3533 1248 3595 orgo
1272 3524 1301 3576 et
1324 3513 1488 3576 secundum
1517 3509 1604 3574 colon
1629 3521 1720 3573 tetra·

399 3624 518 3680 metron
534 3614 545 3702 ΙΙ
562 3617 783 3682 catalecticum.
831 3641 866 3682 ex
891 3621 946 3681 hoc
969 3609 1252 3700 ltenclecasyllabttrrr
1276 3617 1452 3699 sapphicum
1478 3618 1569 3678 iacies
1593 3617 1646 3686 sic,
1733 3650 1759 3690 20

401 3915 450 3962 166
467 3841 569 3962 2²l3hoc
588 3853 669 3893 ιοιιιιιι
687 3841 889 3894 choriambicum
909 3871 942 3880 -
960 3846 993 3894 aa
1012 3845 1187 3910 perseverarit
1208 3844 1282 3896 Caes.
1302 3841 1381 3893 Bosa.
1402 3845 1462 3906 270,
1484 3845 1500 3893 3
1520 3841 1595 3892 Mar.
1618 3841 1718 3891 Victor.

452 3949 460 3978 9

469 4105 485 4154 9
504 4101 642 4168 glyconius
662 4117 689 4154 ut
706 4119 838 4170 γουνομα
856 4102 937 4168 (corr.
957 4100 1108 4170 γουνοῦμα
1127 4101 1165 4168 A)
1189 4117 1219 4154 σε
1245 4115 1351 4166 utraque
1374 4100 1438 4152 haec
1463 4115 1523 4165 pars
1544 4097 1606 4150 AB
1629 4097 1719 4166 glyco-

400 4173 473 4224 nicus
492 4187 521 4222 uc
538 4185 553 4220 ιι
571 4183 679 4236 utraque
698 4187 758 4240 pare
778 4172 840 4222 lmec
859 4187 884 4229 ς,
905 4185 1012 4235 utruque
1032 4173 1093 4222 linco
1114 4187 1173 4238 pnrs
1194 4173 1364 4222 Anacreontis
1384 4183 1422 4219 est
1439 4185 1476 4221 ec
1493 4167 1672 4235 superioribus
1703 4171 1718 4217 u

399 4244 514 4307 repetito
531 4249 591 4292 aunt
661 4244 692 4292 12
713 4241 897 4307 llutplenems
917 4242 1061 4308 llitplenem
1082 4241 1219 4292 Paitechiua
1239 4239 1299 4291 ΑΒ
1369 4241 1400 4290 13
1419 4237 1574 4304 ephesonA
1594 4237 1719 4304 ephesum

401 4309 452 4367 ςΒ
510 4311 620 4360 corinthi
641 4311 779 4366 moeniae
850 4314 881 4363 ib
901 4313 968 4360 sicne
988 4310 1117 4378 Ephesum
1137 4309 1226 4366 §AB
1297 4309 1328 4359 tt
1349 4309 1447 4374 primus
1467 4307 1498 4357 ab
1519 4309 1572 4357 oris
1590 4319 1667 4362 οιιι,ς

402 4381 433 4431 18
452 4379 490 4428 sic
508 4376 602 4446 tristis]
623 4379 657 4441 cs.
671 4379 863 4431 Hor.carrn.l
877 4385 899 4440 7,
914 4383 949 4431 24
1025 4383 1056 4432 19
1076 4395 1165 4430 omnes
1185 4378 1237 4435 §B
1316 4379 1349 4427 ‘22‘
1367 4375 1413 4426 sed
1433 4377 1573 4440 quominus
1591 4375 1720 4424 choriam-

401 4451 485 4498 bicum
508 4465 566 4498 esse
590 4449 708 4498 cudentur
729 4449 858 4510 integrum
879 4450 903 4500 Α
928 4450 973 4500 sed
997 4451 1118 4512 quamuis
1142 4447 1272 4514 integrum
1296 4445 1498 4496 choriambicum
1523 4461 1580 4494 esse
1602 4443 1721 4494 uideatur

400 4516 452 4573 ςΒ
522 4517 750 4568 arcitenentum
770 4521 793 4568 A
813 4519 1015 4569 choriambicum
1034 4517 1086 4574 ςΒ
1151 4520 1184 4569 th
1203 4515 1354 4576 secundnm,
1374 4515 1444 4581 quod
1461 4515 1494 4564 de
1511 4513 1625 4564 secunda
1640 4521 1720 4578 porte

399 4587 476 4652 pedis
493 4589 627 4652 compositi
644 4588 699 4638 clici
716 4603 765 4638 non
780 4589 872 4651 potnit.
892 4605 927 4639 ee
944 4591 1031 4654 pterea
1050 4589 1087 4638 ad
1098 4589 1210 4652 primum
1223 4583 1400 4635 choriambum
1413 4585 1557 4646 adscripto,
1576 4582 1719 4632 secundnm

400 4659 440 4707 vel
457 4657 482 4704 in
502 4655 615 4706 secundo
635 4671 721 4717 versu,
740 4663 823 4707 ortum
842 4673 898 4708 esse
916 4659 1017 4708 videtur
1086 4659 1119 4707 ut
1139 4671 1261 4722 properes
1277 4653 1300 4704 Α
1320 4667 1446 4718 properas
1465 4649 1517 4708 ςΒ
1585 4651 1619 4703 28
1638 4649 1719 4702 Hora-

402 4727 463 4774 tium
484 4725 532 4776 ltoc
550 4737 694 4791 apparete
798 4729 831 4778 30
849 4727 1058 4793 hendecasyllabi
1073 4725 1196 4792 sapphiri
1212 4727 1354 4787 exernplum
1372 4729 1432 4771 onte
1454 4721 1627 4787 phalaecim
1652 4723 1722 4788 quod

400 4795 528 4859 seqnitur,
552 4795 669 4846 anciacum
691 4797 729 4845 ita
749 4795 808 4857 sere
832 4799 936 4847 restitui
956 4803 1056 4862 potest,
1081 4811 1113 4846 ex
1132 4795 1180 4845 hoc
1201 4789 1441 4855 nerrucorspttanom
1461 4789 1617 4857 sapphicum
1639 4791 1720 4840 iacies

401 4864 453 4920 sic,
478 4865 640 4927 ‘quaerimus
663 4875 687 4914 te
707 4863 789 4929 Lydia
813 4865 853 4914 elic
878 4881 924 4932 per
947 4870 1067 4926 omnes’;
1091 4862 1334 4927 lterulecasyllshum
1354 4859 1513 4928 phalaeciunr
1534 4861 1583 4918 sic,
1603 4863 1720 4924 ‘quaeso

402 4930 488 4997 Lydia
505 4931 546 4982 dic
564 4932 629 4984 deos
648 4949 694 5001 per
712 4937 822 4984 omnes)
