3904 5556
371 303 414 372 60
875 305 982 360 itanu
999 303 1191 360 vtcronnti

397 419 420 461 ρ.
432 407 492 450 asor.
506 407 518 449 a
534 406 556 448 r.
1515 419 1536 462 p.
1552 410 1583 450 aa.
1599 409 1624 450 ro
1638 407 1663 451 c.

457 495 521 560 Hoc
543 515 640 579 genus
662 500 693 560 in
715 499 808 561 sacris
831 498 988 562 cantilenis
1004 497 1108 563 lerunt
1129 495 1251 582 quidam
1268 498 1435 561 instituisse
1451 497 1613 570 Theseum,
1637 500 1690 579 qui

370 601 471 664 occiso
498 601 665 664 Minotauro
701 620 769 664 cum
805 601 883 685 apud
919 601 1024 666 Dalrrm
1052 601 1184 668 solveret
1210 610 1291 674 vota,
1326 600 1460 666 imitatas
1488 603 1632 665 intortum
1660 611 1690 665 ct

370 704 539 770 llcxuosum
562 707 619 769 iter
647 703 810 788 labyrinthi
843 723 911 768 cum
946 708 1050 789 pueris
1082 705 1324 788 virginibusque,
1353 723 1421 769 cum
1450 707 1518 788 quis
1546 714 1688 778 eraserat,

370 818 479 872 cantus
502 807 625 882 edebat,
654 811 755 890 primo
778 810 809 870 in
838 811 980 883 circuitu,
1010 809 1120 872 dehinc
1142 812 1173 872 iu
1196 828 1341 880 recursu,
1371 809 1400 872 id
1429 819 1475 874 ast
1504 810 1638 894 στροφῇ
1660 819 1691 872 ct

370 905 596 997 ἀντιστρόφῳ.
643 909 693 974 alil
716 911 840 977 tradunt
862 912 919 977 boc
942 915 1097 977 sacomam
1121 921 1211 976 cantu
1227 919 1408 978 concentum
1432 913 1535 976 mundi
1552 931 1673 977 cursum
1703 927 1717 970 s

369 1035 429 1118 qne
452 1015 489 1080 ab
513 1015 685 1080 bominibus
709 1014 712 1099 l
738 1017 859 1080 imitari.
905 1035 1035 1098 namque
1058 1019 1089 1080 ln
1113 1016 1321 1098 bocaninque
1337 1013 1441 1079 stellae
1456 1035 1530 1100 quas
1546 1019 1690 1082 erraticas

369 1129 493 1192 nocant,
516 1119 570 1183 sed
594 1130 624 1184 st
646 1121 691 1184 sol
714 1129 743 1184 et
765 1121 850 1190 luna.
874 1131 909 1185 nt
931 1121 1083 1184 doctiores
1105 1120 1229 1184 tradunt
1250 1119 1510 1204 philosophorum,
1534 1120 1687 1184 iucundIs·

368 1225 461 1287 simos
485 1223 578 1286 edunt
600 1243 692 1289 sonos
716 1244 772 1307 per
794 1225 885 1289 orbes
908 1245 980 1290 suns
1003 1227 1143 1288 nitentes.
1189 1227 1281 1305 igitur
1297 1233 1476 1288 concentum
1500 1223 1605 1288 mnndi
1620 1243 1688 1288 carr·

368 1336 495 1410 sumque
518 1329 640 1393 imitans
668 1329 779 1392 chorus
802 1327 929 1395 canebat
945 1327 956 1414 [Ι
974 1329 1223 1411 dextrorsumque
1258 1331 1358 1412 primo
1391 1327 1583 1410 tripudiando
1617 1327 1688 1399 ibat,

369 1435 438 1515 quia
460 1429 577 1495 caelum
601 1433 797 1526 dextrorsum·
813 1434 850 1496 ab
874 1444 943 1497 ortu
966 1433 1003 1496 ad
1026 1450 1166 1496 occasum
1190 1430 1332 1504 volvitur3
1356 1433 1465 1496 debinc
1482 1433 1688 1495 sinistrorsum
1705 1445 1731 1484 ¹0

368 1534 503 1608 redibat,
528 1538 598 1618 quia
620 1535 665 1600 sol
688 1535 819 1620 lunaque
843 1545 873 1601 et
889 1545 991 1600 cetera
1015 1536 1142 1600 erratica
1158 1535 1273 1608 sidera,
1296 1555 1375 1620 quae
1391 1535 1500 1601 Graeci
1515 1531 1690 1616 πλανήτας

368 1649 490 1712 vocant,
520 1643 729 1704 sinistrorsum
758 1639 795 1704 ab
823 1658 934 1704 occasu
967 1640 1004 1704 ad
1033 1649 1133 1705 ortum
1163 1643 1312 1705 feruntur.
1359 1643 1449 1703 tertio
1484 1637 1690 1702 consistebant

369 1751 528 1822 canentes,
558 1745 627 1827 qnia
659 1752 754 1816 terra,
785 1747 865 1808 circa
889 1762 978 1827 quam
1008 1743 1124 1808 caelum
1154 1752 1285 1818 rotatur,
1312 1742 1476 1808 immobilis
1504 1742 1604 1806 medio
1631 1752 1689 1806 stat

368 1847 492 1910 mundo.
539 1847 576 1911 de
599 1865 657 1932 qua
680 1867 714 1910 re
738 1848 843 1912 Varius
865 1849 908 1910 sic
932 1847 1070 1920 tradidit,

919 1953 1077 2033 primum
1101 1951 1187 2015 bnic
1703 1959 1728 2001 ¹⁵

682 2057 813 2119 nervis
837 2065 984 2139 septem
1008 2064 1066 2118 cst
1087 2057 1237 2119 intenta
1261 2056 1359 2120 sides

686 2161 857 2242 rarilqna
880 2161 960 2242 apti
983 2177 1111 2222 vocum
1136 2158 1295 2252 moduli,

688 2263 731 2326 ad
754 2283 847 2346 qttos
871 2262 1001 2326 mundi
1025 2271 1182 2327 resonat
1204 2282 1324 2328 canor
1347 2265 1385 2327 in

682 2385 748 2431 sua
771 2385 810 2430 se
832 2369 997 2448 uestigia
1021 2367 1222 2430 volventis.

368 2474 439 2534 item
466 2479 496 2533 et
519 2471 627 2542 vanu,

522 2575 621 2640 sidit
643 2585 680 2638 et
701 2575 879 2639 aetherio
902 2573 1076 2638 mundum
1099 2577 1321 2656 torquerier
1344 2595 1430 2646 axe,

522 2688 558 2742 et
579 2687 723 2762 septem
747 2679 917 2743 aeternis
940 2679 1106 2740 sonitum
1131 2675 1222 2740 dare
1245 2675 1401 2741 vocibus
1424 2677 1538 2742 orbes

522 2785 691 2846 nitentes
714 2781 803 2845 allis
826 2782 940 2853 alios,
965 2800 1061 2864 quae
1084 2783 1243 2845 maxima
1266 2781 1364 2845 divis

520 2885 673 2951 laetitia
696 2895 763 2950 est.
807 2894 843 2947 at
867 2893 956 2948 tunc
979 2883 1337 2966 longegratlssima
1360 2884 1505 2949 Phoebi

522 2989 682 3053 dextera
705 2987 926 3053 consimiles
948 2989 1160 3054 meditatur
1182 2989 1346 3052 reddere
1368 3007 1489 3052 voces.
1702 2995 1729 3036 ²⁵

673 3214 722 3278 hh
745 3213 958 3279 blE'lllOlthl
980 3214 1070 3279 FINE
1093 3214 1163 3278 SEV
1187 3214 1379 3280 CLAVSVLA

455 3352 543 3416 Nunc
566 3353 604 3418 de
626 3363 808 3426 metrorum,
833 3363 1049 3436 proutpersus
1072 3357 1272 3437 processerit,
1295 3355 1485 3437 praescripto
1509 3362 1539 3418 et
1553 3351 1687 3434 legitimo

368 3459 426 3519 dne
450 3457 643 3542 clausulaqne
667 3456 812 3521 dicemus
859 3474 926 3519 nam
951 3459 1075 3520 metrica
1092 3457 1159 3538 lege
1182 3459 1212 3520 in
1236 3461 1295 3521 line
1311 3475 1453 3521 versuum
1469 3457 1687 3541 quadripertita

367 3561 521 3624 conclusio
552 3571 611 3636 cst,
640 3580 695 3643 par
724 3579 814 3644 quam
845 3563 942 3624 exitus
972 3564 1060 3624 metri
1089 3568 1243 3644 statusque
1267 3563 1449 3634 dinoscitur,
1480 3571 1581 3625 ntrarm
1610 3561 1689 3644 pade

435 3788 449 3837 1
473 3786 615 3837 cantilenae
638 3787 728 3843 Alte
816 3787 833 3838 b
855 3778 1084 3842 ὸΝΤΙΕΤΡΟΦΟ
1110 3786 1133 3836 A
1156 3785 1321 3853 antistrophe
1344 3785 1399 3842 ςΒ
1486 3785 1536 3836 ltoc
1559 3787 1640 3849 (liutto
1658 3788 1686 3846 ς)

366 3869 498 3907 sacrorum
517 3867 669 3908 concentum
694 3855 784 3906 mundi
802 3867 905 3905 cantum
925 3869 1081 3918 cursumque
1100 3854 1124 3904 A
1138 3853 1192 3910 Be
1264 3857 1295 3906 10
1313 3853 1479 3906 dextrorsum
1498 3857 1530 3906 ab
1550 3858 1606 3912 Ας
1623 3856 1688 3906 dex-

367 3938 506 3988 trorsumq.
525 3925 557 3976 ab
576 3923 602 3975 B
682 3927 712 3976 11
733 3924 852 3975 redibant
870 3925 895 3974 A
910 3923 965 3980 Βς
1040 3927 1091 3992 dnn
1109 3922 1149 3973 sol
1167 3923 1192 3973 A
1211 3938 1288 3986 quam
1309 3924 1348 3974 sol
1367 3923 1393 3974 B
1411 3925 1444 3987 da
1463 3923 1537 3988 (he.
1556 3927 1629 3989 quin)
1648 3925 1688 3976 snl

369 3995 428 4046 Vni.
447 3995 658 4058 quarrdoquidem
677 3993 717 4043 sol
739 4007 756 4050 ς
840 3996 871 4045 13
889 3992 1006 4044 canendo
1025 4005 1042 4048 ς
1125 3994 1157 4042 14
1180 3991 1286 4043 tradidit
1303 3991 1329 4042 B
1351 3993 1457 4044 tradidit
1473 4011 1543 4045 corr.
1568 3994 1647 4045 tradit
1664 3998 1686 4046 A

366 4063 444 4115 tradit
465 4063 554 4121 Vade
626 4065 657 4114 ld
679 4062 757 4113 Varii
774 4077 863 4114 uernae
881 4063 906 4112 in
924 4063 1080 4113 incertarum
1097 4061 1245 4124 fabularum
1260 4061 1416 4128 srapmentic
1433 4065 1520 4130 ponait
1533 4063 1687 4116 liidbeclsius

364 4140 434 4199 trap.
453 4135 497 4184 lat.
515 4133 610 4199 [rapta.
629 4150 655 4199 p.
675 4135 732 4186 195.
766 4131 895 4199 Thyestae
911 4131 1017 4196 subulae
1041 4129 1169 4182 tribuerm
1191 4139 1215 4182 et
1234 4134 1420 4198 anapaesticus
1438 4141 1608 4186 monometroc
1625 4149 1686 4184 con·

364 4205 486 4253 stituerat
504 4201 658 4269 liutperaine
679 4203 738 4255 lect.
761 4202 857 4256 Venas.
875 4217 898 4256 c.
920 4203 936 4252 3
954 4217 981 4267 p.
1002 4203 1054 4250 216
1077 4201 1118 4250 ed.
1140 4199 1254 4252 Troiae&
1279 4217 1304 4252 a.
1325 4205 1401 4252 lidii.
1430 4205 1553 4254 dbnetroe
1570 4218 1687 4268 araapne-

364 4272 444 4323 sticne
456 4273 596 4336 descripsit
608 4268 718 4322 Balbine
736 4279 805 4336 poet.
823 4286 893 4324 naen.
912 4271 958 4322 lat.
977 4269 1029 4319 Vl
1047 4287 1073 4335 p.
1089 4271 1141 4320 272
1213 4271 1244 4322 tt
1263 4271 1317 4338 epti
1336 4269 1546 4323 Schneidewinue
1559 4271 1687 4337 Goeltinp.

365 4343 414 4406 pet.
435 4341 501 4392 Aac.
521 4343 592 4392 1839
614 4357 641 4406 p.
662 4339 711 4390 685
735 4345 761 4390 et
783 4356 844 4394 maan.
867 4340 975 4392 rhenan.
994 4338 1011 4389 Ι
1029 4355 1054 4388 a.
1077 4339 1145 4390 1812
1168 4356 1194 4405 p.
1216 4343 1266 4392 112
1288 4341 1406 4396 additis
1434 4339 1522 4392 addita
1541 4339 1605 4391 AB
1633 4341 1686 4392 clati

365 4408 475 4460 Balbine
553 4407 650 4461 moduli
671 4406 782 4460 Botbt‘us
804 4409 874 4460 modi
893 4409 989 4465 AB&
1068 4408 1100 4460 18
1119 4420 1223 4460 resntrat
1241 4425 1321 4460 caum
1338 4411 1364 4458 in
1384 4407 1437 4460 Sua
1456 4425 1484 4460 sc
1503 4411 1612 4476 vestigia
1630 4409 1686 4460 vol-

365 4479 447 4529 ventis
466 4477 673 4531 Schneideninaa
701 4491 805 4530 resonat
821 4493 901 4529 canor
919 4478 1005 4543 (terror
1016 4475 1047 4543 ς)
1066 4491 1114 4526 aaa
1132 4493 1160 4529 se
1179 4479 1307 4530 uoluentis
1326 4479 1351 4528 in
1372 4477 1484 4545 uestigia
1501 4477 1591 4534 nne
1615 4493 1687 4529 raso-

366 4559 410 4598 uat
427 4561 501 4598 tenor
519 4549 545 4598 in
564 4545 618 4600 Sua
638 4547 766 4599 uoluentis
785 4563 814 4599 se
833 4550 943 4615 vestigia
961 4547 1071 4598 Botlius
1090 4561 1211 4600 resonare
1230 4561 1303 4600 tenor
1321 4547 1449 4598 volventis
1462 4560 1509 4598 sun
1522 4561 1551 4596 se
1569 4547 1593 4596 in
1608 4549 1687 4598 resai-

364 4618 408 4682 gia
425 4617 578 4684 liutpersiuc
665 4619 698 4669 ’20
720 4616 850 4669 Varnorria
868 4633 957 4670 nerana
980 4621 1005 4667 in
1024 4616 1180 4681 [repnentia
1202 4617 1408 4682 ebornprapbtne
1427 4617 1458 4671 P.
1480 4613 1597 4666 Terentii
1617 4615 1687 4668 Var-

364 4688 436 4737 ronis
458 4687 567 4737 Atacini
586 4689 673 4752 poenit
696 4686 814 4752 Sealiper
841 4686 914 4754 Virp.
938 4686 1052 4752 append.
1075 4703 1101 4751 p.
1122 4688 1175 4737 2⁴4
1266 4689 1299 4738 24
1322 4685 1455 4738 laetitia'st
1476 4695 1503 4734 nt
1525 4697 1584 4734 tnnc
1609 4684 1687 4753 longe

364 4755 451 4806 editor
469 4755 627 4810 Sanctandr.
653 4756 749 4806 laetitia
768 4765 820 4805 stat
838 4767 898 4806 trano
917 4757 995 4822 longe
1013 4755 1069 4810 Ας
1093 4755 1189 4805 laetitia
1208 4766 1258 4808 arnt
1276 4755 1354 4820 longe
1374 4755 1399 4805 B
1486 4755 1519 4805 29
1543 4769 1589 4820 per
1607 4770 1687 4819 quam
1770 4759 1774 4768 “

364 4824 450 4873 exitus
474 4823 512 4874 bie
534 4826 642 4890 scripta,
665 4826 714 4877 aed
733 4827 826 4890 priore
849 4827 905 4878 laco
929 4827 1015 4877 deleta
1036 4831 1096 4875 eunt
1114 4825 1140 4874 in
1160 4825 1183 4876 A
1273 4824 1345 4874 metri
1365 4835 1499 4886 statusque
1518 4821 1574 4880 ςΒ
1596 4827 1687 4877 metris

363 4904 499 4957 statcisque
517 4895 542 4943 A
