3866 5562
600 395 712 448 contu.
736 397 786 448 nn
808 397 967 451 nvunnrs
991 401 1096 451 onan.
1119 371 1221 451 a-te'
1493 389 1560 456 569
1646 356 1652 364 ¹

235 493 258 532 p.
271 481 331 524 1116·
347 483 373 524 lt
386 483 411 525 P.
1385 504 1407 544 p.
1420 493 1467 536 ³92
1480 493 1518 536 98
1531 491 1560 536 G·

236 589 434 634 numerorum
457 581 489 636 et
512 573 621 637 minuti
646 573 749 656 pedes.
792 594 887 658 quare
911 579 1043 658 primum
1060 578 1096 642 ad
1121 577 1247 642 berount
1272 598 1327 643 nos
1351 578 1505 664 [dactylici
1529 589 1560 644 et

235 675 391 754 anapaesti
420 687 450 738 et
478 675 620 760 spondei]
650 679 759 760 pedem
789 680 909 752 inritat,
938 682 968 742 in
996 701 1057 765 quo
1086 683 1201 764 inpune
1231 684 1375 763 progredi
1404 683 1475 747 licet
1497 685 1558 748 duo

198 817 202 822 -
234 775 391 841 dumtaxat
413 779 506 861 pedes
529 790 581 844 aut
596 780 686 862 paulo
710 780 788 863 plus,
813 801 870 846 nec
892 782 981 866 plane
1003 787 1035 846 in
1058 803 1178 849 rersutn
1199 795 1250 848 aut
1273 786 1304 847 in
1328 787 1557 851 similitudinem

124 949 127 954 ,
234 897 339 945 versus
362 883 533 956 incidimus,
557 881 668 960 ‘altae
689 893 779 948 sunt
801 888 971 966 geminae
995 889 1157 968 quibus’.
1209 890 1240 952 bl
1264 897 1327 952 tres
1355 889 1441 952 berni
1465 889 1558 972 pedes

207 987 264 1047 tin
281 989 431 1069 principia
447 988 726 1052 continuandorum
741 989 904 1054 uerborum
922 992 996 1054 setis
1008 991 1122 1075 decora
1139 993 1260 1056 cadunt
1289 992 1438 1075 probatur
1454 1006 1556 1057 autem

234 1087 271 1152 ab
294 1089 401 1154 eodem
425 1090 477 1154 illo
500 1095 632 1156 maxime
655 1111 767 1174 paean,
797 1095 848 1177 qul
877 1101 924 1158 est
952 1093 1080 1176 duplex:
1110 1114 1180 1159 nam
1209 1107 1261 1160 aut
1290 1115 1306 1158 a
1336 1095 1425 1176 louge
1448 1100 1556 1167 oritur,

233 1209 322 1272 quarn
347 1201 410 1257 tres
426 1193 534 1259 breues
550 1205 787 1280 consequuntur,
811 1207 847 1260 ut
870 1197 945 1260 baec
961 1198 1064 1276 rerba,
1089 1199 1240 1269 ‘desinite
1265 1201 1400 1284 incipite,
1424 1187 1563 1284 conrpri?

233 1299 328 1371 mlte’,
352 1308 405 1362 aut
427 1317 444 1360 a
467 1298 610 1364 brevibus
632 1299 777 1384 deinceps
799 1301 898 1365 tribus
921 1310 1055 1365 exueme
1071 1303 1221 1383 producta
1243 1311 1334 1385 atque
1357 1302 1454 1384 longa,
1479 1306 1558 1366 sicut

231 1397 282 1462 illa
303 1409 391 1474 sunt,
419 1401 624 1476 domuerant,
654 1404 840 1484 sonipedes'.
891 1413 981 1486 atque
1009 1405 1054 1468 illi
1082 1403 1264 1486 philosopho
1293 1405 1388 1468 ordiri
1418 1404 1555 1486 placete

193 1505 390 1585 1⁰superiore
413 1523 538 1587 paeane,
562 1510 733 1590 posteriore
761 1509 858 1570 finire.
905 1516 951 1572 ost
979 1519 1079 1572 autern
1109 1526 1205 1591 paean
1234 1507 1285 1570 bic
1313 1511 1465 1590 posterior
1495 1528 1556 1572 non

231 1606 415 1690 syllabarum
441 1626 586 1684 numero,
620 1611 674 1674 sed
702 1613 822 1675 aurium
851 1628 1010 1684 mensura,
1040 1613 1120 1692 quod
1153 1620 1198 1674 est
1227 1614 1329 1674 acrius
1357 1611 1501 1676 iudicium
1526 1623 1556 1676 et

228 1711 354 1784 certius,
378 1729 434 1792 par
456 1713 521 1776 lere
543 1717 669 1784 cretico,
692 1715 744 1796 qui
767 1723 813 1778 est
836 1731 873 1777 ex
897 1713 988 1796 longo
1012 1727 1042 1778 et
1065 1715 1148 1779 bren
1172 1723 1203 1778 et
1224 1714 1324 1796 longa,

263 1829 277 1848 ‘
387 1817 476 1898 qnid
500 1825 623 1898 petam
645 1817 818 1899 praesidi
841 1827 904 1881 aut
927 1819 1113 1901 exequar?
1136 1837 1252 1903 quove
1275 1836 1385 1883 nunc.

232 1937 326 2000 aquo
342 1937 470 1982 numero
487 1938 614 1984 exorsus
631 1928 677 1983 est
692 1919 837 1992 Fannius,
861 1922 920 1992 ‘si,
938 1921 1133 1995 Quirites,
1158 1925 1281 1986 minas
1304 1921 1437 1985 illlus'.
1477 1922 1556 1984 bunc

193 2019 283 2086 1lille
300 2021 444 2086 clausulis
466 2025 613 2105 aptiorem
629 2032 725 2106 putat,
749 2042 825 2105 quas
849 2024 912 2088 rult
933 2024 1023 2105 longa
1039 2025 1220 2108 plerumque
1243 2023 1356 2106 syllaba
1373 2025 1558 2086 terminari’.
1627 2039 1631 2046 ·

316 2124 424 2188 Postea
452 2127 484 2188 in
515 2128 622 2192 eodem
651 2129 741 2190 tertio
771 2127 848 2192 libro
877 2126 914 2191 de
938 2127 1067 2191 Oratore
1095 2129 1138 2191 sic
1160 2127 1248 2198 dicit,
1278 2126 1350 2190 ‘Sed
1374 2144 1465 2208 saepe
1489 2145 1556 2189 ear·

230 2228 329 2311 penda
360 2228 507 2293 membris
534 2215 752 2294 minutioribus
781 2231 879 2294 oratlo
908 2242 969 2303 est,
1001 2248 1077 2311 quae
1106 2239 1207 2294 ternen
1237 2232 1302 2311 ipsa
1326 2229 1463 2292 membra
1487 2224 1557 2293 sunt

230 2333 368 2396 numeris
397 2332 565 2416 vincienda.
617 2351 716 2417 neque
751 2351 929 2416 rossspaean
965 2343 1017 2398 aut
1046 2335 1160 2398 herous
1193 2331 1246 2396 ille
1275 2332 1451 2406 conturbet:
1469 2330 1480 2415 ΙΙ
1497 2335 1558 2414 ipsi

231 2444 395 2500 occurrent
417 2437 557 2509 orationi,
586 2437 656 2520 ipsi,
685 2441 825 2520 inquam,
845 2455 877 2500 se
899 2437 1029 2500 offerent
1056 2447 1087 2500 et
1108 2435 1336 2517 respondebunt
1365 2455 1425 2500 nou
1449 2439 1556 2499 uocati.

190 2538 420 2603 ¹⁰consuetudo
450 2539 540 2604 modo
565 2539 616 2604 illa
649 2543 688 2605 slt
716 2527 871 2606 scribendi
900 2549 991 2622 atquc
1020 2540 1158 2612 dicendi,
1192 2549 1225 2603 ut
1258 2541 1427 2603 sententiae
1455 2535 1558 2600 rerbls

230 2643 375 2706 liniantur
391 2661 560 2726 corumque
575 2644 737 2708 verborum
757 2645 873 2708 iunctio
889 2653 1031 2708 nascatur
1046 2663 1063 2707 a
1079 2645 1217 2726 proceris
1232 2644 1367 2706 numen's
1390 2661 1424 2706 ac
1440 2640 1556 2712 liberis,
1601 2719 1605 2727 .

230 2747 361 2810 maxime
385 2745 478 2810 heroo
502 2758 554 2810 aut
575 2765 690 2827 paeane
714 2749 815 2830 priore
839 2756 890 2810 aut
912 2750 1039 2820 cretico,
1070 2747 1123 2810 sed
1146 2747 1227 2809 uarie
1259 2745 1461 2827 distincteque
1483 2761 1557 2807 con·

230 2850 325 2914 sidat:
349 2855 472 2914 notatur
495 2851 576 2914 enim
606 2853 737 2914 maxime
760 2849 926 2913 similitudo
949 2852 981 2912 in
1011 2849 1265 2929 conquiescendo.
1312 2857 1342 2910 ct
1365 2849 1389 2910 si
1412 2849 1502 2931 primi
1527 2856 1559 2909 et

232 2955 380 3035 postremi
402 2951 497 3034 pedes
518 2963 590 3017 sunt
611 2954 668 3017 hac
691 2954 810 3016 ratione
833 2955 954 3023 serrati.
979 2953 1071 3018 medii
1093 2961 1222 3034 possunt
1243 2950 1349 3024 latere,
1374 2951 1463 3016 modo
1488 2970 1525 3013 nc
1549 2947 1554 3035 l

191 3059 219 3102 ²⁵
232 3057 375 3120 circuitus
398 3059 465 3138 ipse
487 3055 649 3122 verborum
672 3057 712 3120 sit
734 3065 785 3120 aut
807 3055 928 3118 brevior
950 3074 1041 3138 quam
1064 3072 1153 3120 aures
1168 3063 1339 3138 expectant,
1364 3064 1416 3117 aut
1438 3053 1557 3134 longior

231 3178 321 3242 quarn
345 3162 423 3222 vires
447 3168 538 3242 atquo
561 3162 661 3224 anima
685 3163 826 3241 patiatur.
872 3159 1025 3223 clausulas
1047 3167 1148 3223 autem
1175 3157 1351 3238 diligentius
1379 3159 1469 3219 etiam
1491 3173 1556 3218 ser·
1667 3217 1673 3228 ,
1751 3171 1757 3184 ·

233 3261 344 3326 vendas
367 3281 435 3326 esse
458 3262 593 3342 arbitror
615 3281 705 3346 quarn
728 3264 897 3344 superiora,
922 3261 1002 3344 quod
1027 3263 1056 3325 in
1080 3263 1129 3326 luis
1144 3263 1275 3324 maxime
1298 3259 1445 3343 perlectio
1469 3268 1556 3341 atque

232 3363 381 3430 absolutio
403 3365 565 3430 ludlcatur.
611 3385 681 3430 nant
705 3385 808 3430 versus
836 3384 932 3448 aeque
963 3367 1060 3445 prima
1088 3373 1118 3428 et
1139 3365 1239 3428 media
1269 3373 1298 3426 et
1328 3373 1463 3426 extremo
1487 3380 1558 3444 pars

302 3627 335 3678 lb
353 3625 453 3678 Postea
470 3626 499 3678 in
518 3626 610 3678 eodem
629 3625 684 3679 Gir.
704 3625 737 3676 cle
755 3641 799 3677 or.
817 3623 869 3676 ΙΙΙ
889 3627 932 3688 td,
951 3625 1002 3675 190

303 3855 317 3903 l
337 3851 458 3918 dactylici
476 3849 584 3917 (dactyli
604 3849 670 3913 Cio.)
690 3861 715 3902 et
732 3849 868 3917 sttupsesti
881 3861 906 3900 et
924 3847 1035 3915 spondei
1053 3849 1126 3912 apud
1137 3847 1286 3900 Ciceronem
1304 3826 1397 3900 deleuit
1410 3848 1557 3914 alladut'piua

286 3941 302 3991 3
321 3937 348 3990 in
367 3951 473 3989 uersurn
492 3938 518 3988 A
537 3939 600 3990 Aac.
621 3937 684 3992 ΑΜ.
703 3935 730 3987 in
750 3951 843 3987 uersus
863 3934 888 3987 B
911 3935 977 3987 Ven.
1049 3935 1074 3984 in
1094 3933 1262 3985 similitudine
1281 3949 1374 3985 uersus
1394 3935 1420 3986 A
1439 3935 1464 3983 in
1483 3935 1558 3985 simi-

233 4023 367 4075 litudinem
387 4037 494 4074 uersum
514 4024 577 4074 Aac.
681 4017 967 4090 1ιιΙιιιε]ιιΙίιιοΑΒς
1064 4021 1236 4087 «trigeminae
1254 4021 1413 4087 adscriptum
1432 4022 1458 4070 in
1475 4036 1556 4088 uturp.

233 4109 356 4162 Gemmas
375 4110 399 4160 A
490 4109 507 4160 d
526 4107 568 4160 ille
586 4124 656 4166 corr.
675 4107 719 4159 illo
738 4107 764 4157 B
869 4109 884 4159 't
903 4107 1067 4174 comprimite
1084 4118 1102 4162 ς
1119 4108 1263 4173 comprime
1283 4109 1307 4157 A
1326 4107 1445 4172 ciprime
1463 4104 1489 4155 B

230 4196 249 4248 8
267 4189 404 4263 deinceps]
421 4208 468 4245 nos
482 4195 605 4262 deinceps
618 4195 822 4262 antepenultimo
835 4209 911 4245 nauto
924 4203 1030 4244 occentu
1042 4192 1154 4243 dicimus
1168 4196 1194 4243 t'n
1206 4208 1287 4260 marg.
1303 4194 1342 4242 A:
1361 4193 1397 4254 rs.
1410 4209 1437 4258 p.
1450 4194 1511 4256 504,
1525 4193 1557 4242 15

283 4283 300 4334 9
312 4282 469 4333 domuerunt
482 4291 499 4336 ς
551 4279 592 4331 illi
604 4293 620 4337 ς
632 4280 678 4330 illo
691 4279 744 4332 ΑΒ
804 4273 977 4348 philosopho]
992 4293 1040 4330 noa
1054 4277 1215 4345 plrilnsoplro
1228 4277 1342 4329 dit-Imus
1352 4278 1556 4343 antepenultimo

230 4379 308 4419 acuto
327 4369 354 4419 in
371 4381 452 4432 mara.
472 4367 496 4416 Α
570 4368 600 4417 11
620 4365 691 4429 quod
710 4368 798 4422 nudus
817 4381 834 4423 ς
906 4369 938 4417 11
957 4361 1032 4432 quid]
1055 4364 1123 4415 Ena.
1145 4364 1321 4416 Andromach.
1337 4364 1376 4427 fr.
1394 4365 1410 4413 9
1428 4364 1469 4414 ed.
1481 4361 1555 4414 stou

286 4455 319 4506 14
336 4453 421 4504 mines
434 4451 474 4503 Ab
494 4464 588 4508 manns
605 4449 632 4501 B
703 4454 735 4504 11
753 4451 878 4503 clausulis
891 4451 933 4502 bis
946 4453 1076 4518 aptiorem
1095 4461 1112 4506 ς
1183 4449 1317 4501 terminari
1330 4449 1558 4516 Copperonnert'ua

183 4573 371 4642 'terminare
389 4590 461 4648 ΑΒς
532 4591 563 4640 l'i
581 4589 643 4655 ipsa
661 4589 776 4639 membra
794 4588 827 4644 ὸς
845 4565 905 4655 ipsa
924 4589 1046 4640 membris
1066 4585 1118 4639 AB
1187 4589 1221 4638 10
1240 4543 1369 4653 senteuti;
1382 4585 1469 4637 uerbis
1483 4587 1558 4636 tinin-

230 4687 273 4727 tur
291 4673 317 4726 B
398 4679 432 4728 11
451 4675 567 4727 numeris
586 4691 633 4726 ona.
655 4673 734 4739 Aba,
753 4690 790 4725 ιω
807 4673 932 4726 Cicerone
950 4676 1013 4729 add.
1034 4673 1262 4739 Cnpperonneriut
1349 4673 1381 4723 11
1400 4683 1445 4722 aut
1462 4673 1576 4723 cretico'

231 4778 279 4815 orn.
298 4775 316 4818 ς
421 4764 455 4814 tu
472 4759 682 4825 conquiescendo
702 4759 749 4811 sed
768 4760 840 4810 uarie
857 4761 1031 4824 distincteque
1051 4771 1075 4810 et
1095 4760 1118 4810 si
1136 4757 1163 4809 B
1250 4757 1326 4826 primi
1344 4772 1375 4807 nc
1393 4757 1520 4824 postremi
1539 4772 1556 4813 ς

284 4849 318 4900 ib
337 4859 475 4916 expectent
493 4847 586 4900 dimo
668 4847 701 4898 11
719 4845 747 4896 in
766 4844 806 4896 his
825 4845 870 4902 Bc
889 4845 916 4896 in
936 4847 971 4896 iis
993 4846 1017 4897 A
1037 4847 1104 4898 Aac.
1185 4844 1218 4895 18
1237 4841 1365 4894 ludicatur
1383 4841 1409 4891 B
1428 4842 1558 4893 indicetur·

230 4949 304 4986 corr.
323 4929 453 4986 indicatur
473 4935 496 4985 A
517 4933 636 4985 uideatur
659 4933 723 4990 Ven.
742 4931 874 4984 indicatur
893 4933 956 4986 Aac.
977 4934 1039 4983 Ata.

285 5043 440 5076 sunnam
452 5045 536 5076 uam
549 5045 583 5078 ιιι.
1288 5013 1297 5026 ’
1315 5017 1348 5069 37
