3850 5560
339 375 403 444 638
423 435 430 450 ‚
691 451 695 454 ,
746 387 965 440 raaausrara
990 386 1262 438 sasaabssrasra
1328 417 1331 420 -

340 569 472 652 quinque
486 565 607 650 ,dactyli
629 575 659 629 et
681 585 759 630 unus
782 564 927 648 spondius
955 563 1069 628 iaciunt
1090 581 1228 637 versum,
1260 573 1293 627 ut
1320 571 1365 629 est
1388 563 1454 628 bic.
1470 583 1589 638 versus,
1612 565 1662 647 qui
1778 586 1780 588 ·

340 669 504 752 dactylicus
528 669 651 742 dicitur,
1205 751 1206 754 Ἴ

295 761 298 766 ’
403 757 405 760 ’
495 782 532 836 at
554 773 646 838 tuba
668 771 887 836 terribilem
910 771 1073 836 sonitum
1096 769 1229 854 procul
1253 789 1342 835 aere
1366 789 1520 854 canoro.

340 895 431 960 saepe
453 895 506 941 sex
529 877 649 961 spondli
672 877 786 939 iaciunt
808 875 974 948 heroicum,
999 883 1032 939 ut
1054 876 1104 938 laic'
1436 857 1441 864 ”

208 963 212 972 ’
314 1018 318 1027 ·
404 1047 409 1054 ‚
496 977 1359 1080 AmphionDircaeusinulctaeohrecyntbo.
1577 983 1579 988 '
1672 996 1686 1037 ⁵

426 1083 576 1148 caesurae
604 1079 720 1168 heroici
750 1100 856 1147 versus
882 1090 953 1145 sunt
979 1083 1130 1166 quinque,
1165 1081 1439 1165 penthemimeres,
1472 1080 1661 1166 hephthemi·

253 1213 258 1216 ·
339 1205 449 1259 meres,
473 1189 647 1252 catatriton
664 1188 842 1260 trochaeos,
865 1194 930 1249 cate
954 1193 1084 1248 tetarlon
1100 1185 1278 1257 trochaeos,
1302 1184 1449 1249 bucolice.
1487 1185 1541 1249 sed
1558 1205 1594 1249 ex
1615 1185 1661 1250 bis

338 1293 595 1375 penthemimeres
624 1291 709 1372 prior
739 1291 787 1363 dt,
816 1287 925 1352 deinde
954 1287 1248 1370 bephtbemlmeres:
1283 1288 1418 1370 reliquae
1448 1289 1485 1358 si,
1502 1307 1563 1352 non
1594 1289 1659 1361 sint,
1696 1283 1698 1286 ’

337 1395 412 1460 nibil
436 1397 574 1459 interest.
613 1395 874 1477 penthemimeres
900 1399 945 1456 est
968 1390 1083 1472 syllaba
1099 1393 1272 1454 catalectica
1296 1410 1372 1471 quae
1388 1400 1457 1475 post
1478 1391 1555 1456 duos
1571 1392 1660 1474 pedes

339 1498 460 1581 conplet
482 1507 599 1580 partem
628 1500 786 1561 orationis
830 1495 922 1560 simili
952 1495 1042 1559 modo
1066 1493 1347 1577 hephthemimeres
1370 1504 1417 1558 est
1444 1495 1558 1579 syllaba
1586 1513 1697 1578 quaere

285 1677 290 1682 y
338 1611 406 1685 post
428 1604 555 1666 tertium
578 1601 687 1684 pedem
710 1611 829 1685 partem
852 1601 997 1664 orationis
1020 1596 1151 1681 conplet,
1177 1610 1209 1663 ut
1232 1599 1291 1670 hic,
1316 1601 1434 1663 ‘arma
1462 1601 1660 1682 virumque

340 1724 432 1770 cano
455 1703 624 1771 Troiae'.

428 1807 507 1881 Ouid
532 1817 577 1872 est
592 1807 726 1872 herousl
749 1810 814 1890 ipse
839 1795 886 1872 est
909 1816 940 1871 et
954 1809 1129 1872 hexameter
1152 1825 1214 1879 sex,
1239 1813 1272 1870 ut
1287 1805 1427 1882 diximus,
1451 1804 1578 1887 pedibus
1593 1824 1661 1869 con·

98 1925 105 1942 ·’
210 1907 222 1980 “,
341 1920 434 1984 stans,
459 1912 544 1976 cuius
569 1909 740 1993 exemplum
763 1915 905 1994 superius
928 1913 1095 1995 posuimus.

334 2079 338 2088 ,
428 2013 621 2081 Pentameter
645 2033 748 2079 sersus
770 2014 865 2078 isdem
889 2013 1075 2098 bipedibus
1099 2023 1129 2078 et
1152 2012 1265 2103 syllaba
1283 2012 1467 2078 catalectica.
1513 2023 1699 2093 ponunturss

33 2125 37 2132 '
265 2150 283 2183 ,·
344 2119 425 2184 enirn
449 2117 508 2181 duo
524 2115 617 2199 pedes
640 2128 692 2182 aut
715 2119 836 2201 spondii
851 2127 903 2181 aut
926 2117 1034 2201 dactyli
1058 2125 1088 2180 et
1110 2134 1171 2180 una
1188 2115 1303 2201 syllaba
1327 2117 1428 2196 longa,
1452 2135 1529 2198 quae
1544 2119 1663 2200 conplet

342 2230 460 2305 partem
477 2222 634 2293 orationis,
658 2222 768 2285 deinde
785 2222 844 2285 duo
861 2219 971 2304 dactyli
989 2230 1018 2284 et
1039 2217 1154 2304 syllaba
1169 2215 1203 2283 in
1221 2222 1290 2292 line,
1308 2239 1385 2304 quae
1400 2217 1511 2284 dicitnr
1526 2222 1661 2304 semipes.

237 2407 243 2414 1
318 2339 420 2408 'quae
444 2333 490 2388 est
511 2324 613 2389 autein
636 2325 668 2388 in
698 2323 797 2388 medio
820 2334 850 2387 et
878 2341 956 2407 quae
984 2331 1030 2386 est
1058 2326 1089 2386 ln
1113 2324 1187 2396 dne,
1216 2324 1332 2387 iaciunt
1360 2341 1453 2387 unum
1483 2322 1607 2404 pedem,
1635 2333 1665 2387 et

344 2438 435 2492 erunt
458 2430 602 2510 quinque,
628 2435 658 2490 et
680 2435 726 2490 est
748 2426 797 2490 hlc
820 2445 925 2492 versus
947 2428 1000 2510 qui
1023 2425 1176 2509 elegiaeus
1199 2425 1322 2505 dicitur,
1345 2435 1378 2490 ut
1401 2426 1523 2514 Ovidius

499 2531 599 2593 laeta
623 2530 876 2611 triumphanti
899 2529 943 2593 de
966 2549 1106 2594 summo
1127 2529 1423 2612 materOlympo
1675 2545 1700 2590 u

541 2631 701 2716 plaudet
724 2643 759 2697 et
782 2634 979 2716 adpositas
1002 2633 1207 2714 spargitis
1231 2653 1292 2697 ore
1315 2652 1430 2697 rosas.
1543 2703 1546 2708 ἡ

734 2759 792 2800 -ιι
998 2759 1015 2796 s
1223 2760 1240 2797 s
1321 2793 1330 2800 .

717 2991 787 3068 DE
815 2993 1014 3082 IAMBICO
1042 2993 1288 3069 TRIMETRO

343 3213 352 3222 .
430 3165 553 3249 Recipit
574 3139 724 3229 lumbicus
751 3167 890 3230 trimeter
917 3175 948 3228 et
968 3136 1174 3250 tribrachum,
1205 3168 1252 3228 sul
1274 3168 1395 3246 generis
1424 3144 1548 3250 pedem,
1578 3179 1607 3230 et
1628 3186 1664 3230 ex

239 3335 243 3344 ,
345 3268 494 3353 dactylico
517 3287 631 3349 genere
655 3269 821 3352 dactylum,
845 3269 1008 3352 spondium
1033 3279 1066 3334 et
1085 3279 1295 3352 anapaestum,
1319 3271 1371 3348 qui
1395 3289 1499 3335 omnes
1523 3280 1665 3352 quaterna

345 3381 495 3454 occupant
516 3381 663 3454 tempora.
710 3391 746 3436 ex
770 3391 830 3454 quo
854 3375 954 3437 evenit
977 3381 1019 3442 ut,
1044 3391 1114 3436 cum
1138 3381 1181 3436 tot
1203 3372 1298 3452 pedes
1320 3375 1466 3445 admittat,
1490 3376 1661 3439 innumera·
1677 3392 1701 3434 ss

345 3475 421 3538 biles
450 3477 562 3556 figuras
591 3477 718 3549 efficiat,
749 3492 823 3555 quas
852 3478 883 3538 ln
912 3475 1007 3540 heroo
1035 3495 1125 3540 versu
1154 3479 1402 3550 monstravimus,
1430 3476 1483 3542 ubi
1512 3479 1665 3542 docuimus

346 3571 436 3670 duam
459 3581 634 3643 varietatem
651 3577 760 3642 eliciat
775 3579 969 3660 permutatio.
1004 3579 1079 3644 illud
1096 3588 1196 3644 autem
1212 3581 1483 3645 demonstrandum
1499 3590 1553 3654 est,
1578 3599 1664 3664 quem
1718 3594 1720 3597 ’

229 3713 241 3762 5
333 3682 383 3770 ¹ud
407 3681 530 3746 modum
554 3681 624 3754 hos,
655 3700 732 3763 quos
756 3683 924 3752 nominari,
956 3685 1085 3764 recipiat
1113 3683 1208 3766 pedes
1231 3693 1261 3746 et
1289 3683 1399 3767 qulbus
1422 3703 1474 3748 eos
1502 3685 1568 3748 iere
1590 3675 1672 3748 locis

347 3787 413 3850 alne
436 3785 619 3849 detrimento
641 3802 714 3849 suae
738 3786 934 3869 proprietatis
956 3789 1109 3850 admittat.
1153 3769 1308 3869 spondius,

363 3967 365 3974 Ι
501 3886 581 3952 ibis
604 3886 770 3953 liburnis
793 3888 899 3952 later
921 3885 997 3952 alta
1020 3891 1184 3953 narium.
1535 3937 1539 3943 .
1677 3909 1702 3950 so

349 3990 494 4073 dactylus,
714 3996 718 4004 '

349 4111 556 4125 Ἥ

418 4167 480 4216 llst
498 4159 572 4231 taba]
595 4162 676 4230 Vera.
696 4165 763 4246 Aen.
787 4163 884 4216 VIIII
901 4166 955 4216 503
1046 4165 1062 4216 b
1081 4164 1210 4216 Ameiloa
1228 4163 1344 4216 dlrealus
1362 4165 1615 4216 inecaaeeraeiuntho
1633 4164 1664 4216 S:

1099 4251 1154 4289 002}

67 4265 92 4328 ἱ·
128 4311 132 4319 ’
160 4281 164 4288 ’
191 4313 194 4318 ·
352 4303 432 4371 Verp.
451 4301 532 4356 bucol.
551 4305 577 4362 2,
597 4303 632 4353 tt
701 4301 929 4368 bpiutemimerea
949 4303 1131 4368 eptymimeres
1151 4303 1226 4354 trites
1245 4302 1368 4354 trocheon
1386 4311 1411 4353 et
1428 4302 1664 4354 thetratebucolicea
1707 4317 1712 4322 ·

157 4811 217 4850 gy
349 4745 826 4854 hismpeneris1mlqagenemsS
911 4795 937 4836 et
953 4792 1014 4838 unte
1033 4800 1066 4836 ex
1084 4783 1172 4838 συιδ
1271 4787 1306 4836 ab
1322 4784 1463 4836 amittetS
1561 4786 1595 4836 28
1612 4784 1667 4834 sine

269 4415 296 4464 .'
349 4389 383 4441 8:
401 4387 437 4454 rs.
451 4386 527 4455 Serp.
546 4389 654 4454 explan.
672 4389 700 4439 he
718 4387 785 4440 non.
797 4403 823 4454 p.
836 4389 901 4448 523,
916 4389 948 4440 12
1021 4389 1053 4441 ts
1071 4397 1112 4438 est
1128 4389 1277 4454 pmaertore
1295 4391 1352 4441 loeo
1369 4388 1453 4441 συιδ
1523 4391 1555 4442 te
1573 4399 1598 4440 et
1615 4385 1662 4455 est]

351 4483 378 4526 ut
395 4473 474 4527 eetS
543 4470 674 4542 adlecta]
696 4471 996 4538 Ouid.asror.12‚39
1066 4474 1098 4525 at
1118 4469 1236 4542 plaudet]
1256 4471 1367 4542 pladeS
1434 4489 1510 4526 rosas
1526 4471 1532 4542 Ι
1547 4473 1664 4540 Dactylus

350 4575 412 4628 ergo
432 4569 562 4612 exemeter
578 4585 609 4598 ·-
633 4559 765 4624 tenditque
783 4557 885 4625 initque
900 4557 905 4626 Ι
920 4558 1022 4626 Recipit
1039 4560 1166 4612 iambicus
1184 4561 1299 4612 trimeter
1316 4559 1345 4611 S.
1380 4561 1538 4627 interposita
1559 4569 1598 4613 eet
1618 4575 1665 4612 ea-

272 4643 277 4650 ’
348 4648 444 4713 parilia
462 4647 495 4699 ds
512 4645 648 4714 speciebus
665 4645 765 4698 heroica·
780 4661 877 4707 mm,
897 4662 972 4715 quum
989 4661 1003 4697 e
1021 4647 1111 4699 codice
1130 4631 1297 4700 Berolinenri
1314 4647 1386 4700 edidi
1401 4645 1488 4714 eupru'
1495 4665 1522 4715 p.
1540 4650 1595 4699 034

466 4871 505 4910 bril

306 4913 315 4948 ⁵
350 4919 504 4973 detrimento
522 4923 579 4974 siue
598 4922 766 4990 proprietatis
785 4918 948 4974 SPONDIUS
968 4921 989 4974 S
1058 4924 1092 4974 80
1109 4895 1261 4988 saraptim.
1282 4923 1359 4988 epod.
1378 4924 1437 4986 t,1
