3888 5550
393 325 457 393 426
594 341 698 394 naun
722 343 842 396 rcomt
866 345 1087 396 sacannorts
1112 347 1224 396 anuas
1249 305 1532 414 constitutrices*

394 521 441 582 bri
469 521 589 584 codices
623 523 686 603 ipso
723 527 852 586 excussi.
899 546 915 586 e
950 525 1058 604 quihus
1088 524 1294 587 valentianum
1324 524 1479 596 codicem,
1510 544 1526 586 e
1556 545 1616 607 quo
1646 523 1715 586 oiim

393 623 528 686 Putsehii
551 624 643 688 editio
667 643 809 708 expressa
834 636 891 697 est,
922 628 1147 691 et'Parisinum
1171 645 1238 688 curu
1264 626 1443 690 i’utsehiana
1469 627 1618 702 editione,
1648 625 1715 691 Lei·

394 726 517 791 ‹iensem
547 747 616 792 cum
639 729 802 794 Gaisiordii
833 732 965 794 editione
995 729 1118 794 cotituii.
1166 740 1195 792 et
1220 730 1396 793 Leidensem
1421 732 1555 813 quidem,
1588 711 1716 813 poento

394 833 558 914 praetactis
586 831 666 896 iliius
694 833 894 898 bibliothecae
924 840 1045 918 egregia
1071 833 1311 896 liberalitatem}
1336 853 1384 895 me
1410 837 1533 898 missum
1558 833 1716 906 habebam,

395 941 621 1004 accuratissime
645 941 775 1002 excussi.
820 958 914 1021 quare
931 938 1112 1022 ubicumque
1136 957 1169 1002 ea
1194 956 1270 1019 quae
1294 938 1331 1000 de
1355 938 1412 1000 hoo
1437 936 1515 1000 iibro
1540 941 1631 1003 reiata
1648 949 1717 1003 sunt

395 1026 432 1106 ab
456 1046 494 1106 iis
517 1043 799 1124 quae-Gaisiotdius
815 1053 959 1124 ptosuerat
974 1043 1169 1114 dissentiunt,
1186 1041 1273 1104 iliius
1296 1060 1431 1104 errorem
1456 1043 1592 1106 adhibito
1615 1043 1717 1106 codice

395 1157 566 1211 correctum
597 1165 662 1210 esse
689 1148 760 1208 sciri
789 1147 865 1209 roto.
912 1148 949 1208 de
979 1148 1102 1226 reliquis
1129 1144 1249 1210 duobus
1280 1165 1348 1209 cum
1381 1163 1437 1207 non
1468 1145 1557 1209 nuliis
1581 1145 1662 1217 iocis,
1687 1151 1715 1211 in

397 1250 507 1331 quibus
531 1251 730 1332 discrepantia
752 1238 793 1312 'ab
817 1251 898 1312 edito
922 1251 1089 1337 exemplari
1118 1249 1247 1313 indicata
1273 1267 1332 1312 non
1357 1259 1450 1319 esset,
1475 1249 1606 1312 dubitari
1631 1271 1715 1334 posse

396 1356 543 1424 riderem,
571 1355 723 1435 adscripta
742 1353 876 1416 Putschii
900 1354 1028 1416 lectione
1053 1372 1120 1416 curn
1146 1353 1201 1415 hac
1225 1356 1398 1416 consentire
1422 1356 1715 1434 manuscriptorum

396 1457 544 1520 librorum
573 1457 764 1521 coitationotn
795 1459 968 1536 significari.
1016 1466 1149 1519 ceterum
1180 1456 1349 1520 levissimas
1378 1456 1521 1534 qttasdam
1551 1459 1716 1538 scripturae

395 1563 613 1640 discrepantias
650 1561 778 1622 artaxium
811 1562 845 1622 od
882 1559 1128 1641 orthographiam
1168 1563 1355 1641 pertinentes
1389 1561 1487 1622 sciens
1514 1562 1714 1641 praetermisi.

395 1667 454 1727 iam
479 1664 515 1726 de
540 1664 598 1726 iide
620 1665 712 1726 trium
732 1663 869 1725 codicum
894 1665 918 1726 si
935 1666 1106 1746 quaeritur,
1132 1662 1340 1727 Veientiauum
1365 1672 1396 1725 et
1410 1663 1591 1725 Leidensem
1615 1683 1715 1743 parem

395 1769 459 1829 iere
489 1771 700 1830 auctoritatem
732 1767 844 1828 hahei‘e
874 1767 990 1836 inveni,
1021 1768 1135 1848 quippe
1160 1769 1210 1849 qui
1235 1769 1274 1828 ita
1297 1768 1378 1828 inter·
1400 1785 1433 1828 se
1456 1768 1656 1848 consentiant,
1687 1775 1716 1829 ut

397 1891 431 1932 ex
451 1890 511 1934 tino
527 1870 689 1952 archetypo
706 1869 863 1931 videantur
879 1869 1021 1952 tiescripti
1044 1889 1120 1934 esse.
1166 1874 1197 1932 in
1219 1890 1279 1952 qun
1297 1870 1489 1932 valentianus
1513 1871 1608 1932 codex
1632 1889 1716 1934 aecu-

395 1977 491 2038 ratius
514 1973 634 2056 quidem
651 1977 781 2054 scriptus
797 1983 843 2034 cst
858 1993 947 2056 quam
963 1975 1138 2044 beidands,
1163 1973 1215 2036 scd
1240 1975 1303 2040 hic,
1328 1977 1464 2053 qtiamtis
1487 1977 1608 2054 saepius
1624 1976 1715 2037 marii·

350 2135 352 2140 ,
396 2078 481 2141 iestis
505 2076 659 2140 scribendi
676 2079 755 2139 rutis
772 2088 933 2156 corruptos
954 2079 1002 2149 sit,
1028 2087 1126 2142 tamen
1151 2076 1243 2140 muita
1267 2081 1383 2140 rectius
1405 2096 1494 2159 quam
1520 2075 1569 2140 iiie
1586 2097 1623 2139 ex
1639 2095 1715 2138 cotn-

396 2183 480 2244 muni
503 2181 586 2244 ionte
609 2183 747 2244 servavit.
796 2181 950 2243 Parisinus
966 2180 1060 2243 codor
1084 2180 1121 2242 ab
1145 2180 1264 2243 iberum
1288 2182 1383 2260 stirpe
1408 2197 1466 2242 non
1491 2180 1642 2256 diversus,
1666 2181 1714 2242 sed

398 2284 630 2366 interpolatione
653 2292 815 2364 corruptus
839 2294 898 2352 cst:
931 2303 990 2374 tion
1014 2283 1104 2347 nuliis
1127 2293 1228 2346 tamen
1252 2282 1326 2346 iocis
1350 2301 1448 2346 reram
1471 2285 1656 2364 scripturam
1675 2281 1714 2344 rei

397 2389 570 2450 cottiectura
601 2389 768 2450 restitutam
800 2386 842 2449 rei
868 2407 903 2449 ex
927 2391 1049 2469 antiqua
1078 2388 1221 2450 memoria
1253 2394 1399 2448 servatam
1423 2385 1574 2467 praebuit.
1621 2389 1715 2470 itaque

399 2491 488 2554 huius
524 2508 644 2572 quoque
679 2493 844 2572 scipturam
876 2494 1025 2570 integram
1056 2489 1189 2571 praeter
1211 2507 1265 2552 eos
1294 2489 1393 2560 iocos,
1425 2492 1455 2550 in
1478 2489 1589 2570 quibus
1611 2507 1713 2570 graeca

397 2594 532 2675 exempta
558 2596 667 2655 omissa
692 2605 794 2660 erant.
821 2593 954 2656 exitibui.
1001 2596 1111 2657 Cusaui
1135 2591 1251 2655 codicis
1276 2593 1422 2655 lectiones
1446 2594 1476 2654 in
1500 2596 1604 2673 paucis
1628 2595 1714 2656 versi·

396 2699 453 2759 bus
476 2715 551 2780 quos
567 2695 658 2759 habet
682 2695 719 2758 ab
736 2699 772 2759 iis
789 2696 876 2760 libris
900 2697 1008 2778 utribus
1032 2715 1112 2759 tinne
1136 2700 1252 2760 utimur
1276 2715 1334 2758 nou
1359 2705 1429 2756 sunt
1452 2696 1600 2758 diuersae.
1648 2697 1715 2759 Sca·

396 2800 483 2880 tigeri
513 2799 739 2863 emendationes
768 2819 803 2862 ex
838 2800 956 2861 dnobus
984 2799 1141 2863 codicibus
1171 2799 1384 2870 Leidensibus,
1419 2800 1457 2860 de
1486 2800 1596 2878 quihus
1629 2817 1713 2878 supra

369 2903 473 2978 utin,
499 2905 609 2983 petitae
633 2913 712 2965 sunt.
758 2903 889 2965 I‘tttschii
915 2903 1061 2966 lectiones
1086 2913 1161 2972 tritu,
1186 2923 1254 2967 crim
1279 2906 1358 2964 scire
1382 2905 1527 2964 intererat
1550 2905 1623 2985 quid
1647 2902 1713 2965 oiim

299 3033 305 3041 ·
398 3007 511 3070 editum
536 3018 629 3078 esset,
653 3008 790 3070 iudicavi.
