3888 5550
795 313 798 318 ⁵
834 352 882 402 nn
906 353 1040 402 unrms

275 451 295 490 p.
309 437 367 482 2419.
382 439 408 480 2⁰
421 439 446 480 Ρ.

530 546 586 610 pes
608 526 777 608 longiorem
801 531 922 591 tertiam
947 529 998 591 alat
1021 527 1179 610 syllabam:

532 634 746 712 cgeminum,
771 634 914 714 quonlam
937 637 1089 696 sermonis
1113 633 1214 714 regula
1240 636 1336 715 poscit

467 752 517 792 roro
532 745 565 798 ut
589 736 639 798 ssat
662 736 768 798 bieco
792 735 880 816 plena
904 754 977 806 rox,
1001 741 1030 800 si
1051 737 1222 800 excluditur

532 837 659 912 vocalis,
685 838 814 902 dabitur.
863 857 1073 903 nuc-consona
1097 841 1219 922 pellitur
1243 841 1310 912 ulla,

533 945 592 1005 nisi
616 961 693 1026 quae
717 942 835 1006 duabus
857 943 958 1004 obstat
980 962 1039 1006 una
1064 943 1195 1013 roribus.

532 1065 600 1110 cum
625 1047 705 1116 reule
728 1048 759 1108 in
784 1046 916 1110 medium
942 1065 1088 1129 vocesque
1112 1046 1236 1112 oblimat
1260 1049 1441 1112 adhaerens:

533 1145 580 1212 bis
602 1167 695 1214 senus
718 1151 805 1213 istam
829 1150 957 1213 litteram
982 1157 1130 1214 monstrat
1151 1150 1245 1214 locus.

466 1263 586 1316 acuant
608 1256 764 1333 geminum
787 1255 817 1316 in
842 1253 893 1316 tali
916 1256 1096 1336 pronomine
1120 1255 1144 1315 si
1170 1251 1302 1335 largianos
1324 1271 1354 1324 u.

532 1357 686 1438 spondeus
708 1354 760 1419 ille
784 1375 844 1419 non
868 1354 940 1426 erit,
965 1354 1018 1438 qui
1043 1354 1118 1419 ratis
1133 1367 1189 1428 est,

533 1459 624 1521 ‘lroo
647 1458 742 1522 illud
765 1479 944 1542 germana
968 1461 1072 1532 luit‚’
1096 1463 1148 1522 sed
1174 1471 1203 1523 et
1227 1463 1313 1523 ‘boc
1337 1473 1416 1530 erat
1440 1465 1562 1534 alrrrn';

533 1560 653 1626 iambus
674 1558 726 1625 illo
749 1565 816 1638 llet,
840 1568 899 1628 iste
923 1564 1105 1627 tribrachus.

403 1749 406 1756 Ι
575 1665 635 1728 llas
659 1677 760 1731 aretem
783 1666 866 1748 leges
890 1668 1031 1758 lrrroicus
1054 1669 1150 1730 omnis
1174 1666 1305 1730 babebit.

468 1788 601 1834 sororum
625 1779 694 1854 post
716 1771 792 1834 duos
815 1771 908 1854 pedes
932 1767 1036 1834 relicta
1061 1771 1172 1851 syllaba
1197 1783 1252 1840 est,

532 1872 559 1938 ei
583 1874 706 1956 plenum
730 1873 863 1938 absolvet
886 1872 971 1938 serbi
995 1872 1039 1936 rel
1061 1871 1194 1938 nominis
1217 1872 1322 1948 instar,

480 1984 482 1988 ’
532 1975 679 2042 orationis
701 1979 757 2041 ista
780 1981 826 2042 rel
850 1997 927 2061 quae
951 1997 1021 2058 pars
1043 1980 1110 2048 erit,

437 2167 438 2170 Ἴ
532 2083 589 2144 boo
612 2077 865 2165 πενθημιμερὲς
888 2078 1021 2144 medium
1045 2080 1082 2142 de
1106 2083 1239 2163 aperireque
1264 2093 1403 2145 roratur:

532 2185 611 2248 bano
636 2196 665 2248 et
688 2195 789 2248 tomen
814 2182 930 2248 dixere.
976 2186 1073 2247 lorrua
1099 2182 1166 2248 talis
1190 2195 1244 2256 est,

469 2305 520 2346 rosa
535 2285 691 2370 ‘Tityre
716 2299 753 2351 tu
778 2289 965 2371 patulae':
990 2286 1144 2352 concludit
1165 2287 1278 2370 syllaba
1302 2308 1421 2360 nonno.

534 2393 610 2456 duos
633 2393 726 2475 pedes
748 2403 850 2456 secuta
874 2411 955 2472 puae
977 2393 1010 2456 bt
1031 2395 1171 2474 semipes.

534 2499 603 2560 talls
625 2493 657 2560 in
682 2496 777 2558 berou
800 2495 939 2558 laudatur
962 2496 1066 2578 regula
1090 2515 1188 2568 versu,

534 2599 694 2680 locumque
718 2596 850 2682 primum
875 2596 1024 2682 possidet,
1048 2603 1119 2684 quia
1143 2602 1240 2682 prima
1264 2603 1305 2664 fit.

535 2721 591 2766 nec
613 2705 713 2766 minus
737 2703 815 2766 banc
838 2703 977 2778 laudant,
999 2721 1088 2787 qrram
1114 2704 1164 2768 dat
1187 2722 1327 2768 mensura
1351 2705 1524 2776 sacrandam,

470 2826 521 2867 iseo
536 2817 605 2890 post
627 2816 696 2870 tres·
714 2807 807 2890 pedes
830 2817 863 2870 ut
886 2826 944 2870 una
969 2827 1078 2870 nomeu
1103 2809 1261 2871 terminet:

535 2911 612 2996 lrauc
635 2910 913 2993 lroplrtbemimerin
939 2914 1056 2974 numeri
1082 2911 1119 2972 de
1143 2922 1228 2992 parte
1252 2923 1407 2982 vocarunt,

533 3019 603 3100 quia
628 3025 689 3080 tres
713 3014 806 3096 pedes
830 3027 859 3078 et
881 3033 939 3078 arna
964 3023 1078 3096 septem
1103 3015 1249 3078 dirldunt.

534 3120 640 3184 ‘lude
665 3131 748 3182 toro
773 3129 881 3200 pater
905 3120 1066 3181 teneas’
1091 3120 1245 3201 esenrplar
1269 3119 1409 3181 babebis:

534 3233 602 3304 post
623 3233 688 3287 tres
711 3223 803 3305 pedes
827 3232 947 3303 reperta
971 3241 1081 3284 nomen
1104 3219 1246 3301 integrat.

469 3341 520 3384 ross
534 3326 644 3390 lroruru
667 3325 693 3388 si
718 3326 792 3389 nibil
816 3336 878 3398 ost,
901 3336 1004 3408 specta
1029 3344 1067 3388 ne
1091 3326 1169 3389 lorte
1193 3326 1352 3390 troclroeus

533 3432 572 3492 slt
596 3427 704 3493 tertius
728 3431 877 3511 llnemque
901 3428 953 3492 det
975 3429 1132 3502 vocabulo,

534 3533 750 3597 ‘iulandum
773 3530 938 3611 regina’:
962 3533 1052 3596 datur
1075 3532 1158 3596 loeus
1181 3551 1252 3596 ecoe
1275 3533 1431 3605 troelraeo,

533 3656 622 3721 quaem
647 3645 716 3718 post
739 3635 930 3719 duos‘pedes
955 3637 1088 3699 ridemus
1112 3638 1242 3699 tertium.

534 3758 589 3804 nec
607 3738 718 3804 'sitium
742 3741 841 3804 aredio
865 3738 896 3804 in
921 3760 1009 3804 rersu
1034 3739 1203 3822 deprensus
1226 3739 1357 3818 babebit,

346 3932 519 3986 1666-1764
538 3930 610 3982 Mar.
634 3931 733 3984 Victor.
753 3933 795 3994 61,
816 3933 931 3994 del-65,
951 3933 985 3982 29

344 4109 412 4160 1666
430 4109 453 4158 sl
473 4118 519 4156 orn.
540 4103 578 4162 Μ,
596 4103 659 4155 odd.
680 4103 860 4154 buchananum
932 4103 998 4154 1667
1017 4102 1065 4154 boe
1084 4099 1157 4170 illud]
1182 4105 1267 4170 Ver-p.
1281 4104 1348 4158 Aen.
1368 4103 1438 4156 1111
1456 4110 1506 4156 675
1550 4105 1599 4156 lroc

274 4189 339 4260 erat]
364 4193 443 4260 Verp.
465 4193 531 4245 Aen.
551 4189 665 4252 11664,
689 4191 721 4240 de
741 4205 790 4257 quo
814 4187 1014 4246 uersuSeraa'us
1036 4192 1062 4240 in
1084 4189 1166 4257 Verp.
1185 4193 1251 4242 Aen.
1275 4191 1316 4241 VI
1338 4194 1387 4240 762
1410 4191 1525 4242 elitters
1549 4207 1597 4258 pro

273 4278 373 4347 duplici
393 4293 445 4330 nou
465 4277 515 4328 nisi
535 4277 559 4326 in
573 4272 762 4340 monosyllabis
780 4274 902 4336 babetur,
922 4286 950 4325 ut
968 4275 1030 4326 ‘boo
1043 4287 1097 4326 erat
1115 4276 1182 4326 almo
1195 4275 1309 4344 purens'‚
1329 4292 1377 4343 per
1394 4291 1484 4328 eorum
1502 4278 1597 4328 seilicet

273 4363 450 4434 privilegium.
467 4391 471 4398 ·
488 4362 556 4414 unde
579 4361 674 4412 lolsum
699 4371 738 4412 est
761 4361 831 4424 quod
850 4360 1019 4414 Terentianus
1038 4361 1112 4422 dicit,
1138 4379 1194 4413 earn
1213 4378 1261 4430 pro
1280 4363 1355 4414 metri
1374 4364 1474 4414 ratione
1492 4363 1532 4413 rel
1550 4364 1598 4414 du·

273 4451 367 4520 plicent
386 4450 473 4502 lraberl
493 4447 531 4500 rel
551 4445 704 4515 simplicem.
741 4461 800 4496 nam
819 4447 841 4498 si
863 4448 910 4498 lroc
930 4460 1008 4508 esset,
1027 4450 1104 4500 etiam
1123 4451 1149 4500 in
1168 4448 1303 4514 disyllabis
1323 4463 1370 4516 pro
1388 4449 1490 4500 derebus
1509 4448 1597 4500 baberi

273 4538 410 4596 debuerat.
434 4536 507 4602 quod
530 4549 658 4599 nusquam
681 4531 836 4585 invenimus.
908 4535 975 4585 1676
998 4535 1076 4602 Verp.
1096 4535 1255 4600 bucol.1‚1
1327 4536 1393 4588 1676
1416 4545 1505 4586 secuto
1531 4550 1598 4600 orsae

274 4623 339 4682 111ς
361 4634 451 4674 secuta
470 4621 498 4672 llt
516 4621 549 4673 M
565 4631 654 4672 secuta
678 4619 721 4670 llet
738 4619 927 4671 Loobrnunnue.
965 4621 1038 4670 ettae.
1061 4620 1161 4672 Victor.
1178 4639 1205 4687 p.
1224 4623 1265 4684 65,
1284 4624 1301 4672 l
1319 4620 1424 4671 uerbum
1450 4622 1518 4672 enim
1537 4632 1599 4688 post

273 4709 341 4761 duos
360 4709 444 4778 pedes
457 4707 620 4759 concluditur
638 4721 668 4756 ae
680 4706 866 4756 determinatur
878 4705 987 4770 syllaba,
1008 4721 1074 4769 quoe
1087 4708 1111 4756 iu
1125 4721 1206 4758 metro
1220 4707 1333 4773 semipes
1352 4707 1461 4757 babetur
1532 4708 1598 4760 1679

274 4810 353 4862 quam
371 4795 416 4846 dut
435 4795 555 4863 Micyllus
573 4794 618 4857 qui
636 4791 681 4843 dot
700 4790 738 4844 Μ.
758 4809 792 4842 nn
811 4793 851 4841 cul
870 4791 931 4841 dot?
1004 4793 1071 4844 1683
1094 4793 1173 4860 l'erp.
1193 4797 1260 4845 Aen.
1280 4792 1315 4843 11
1333 4796 1350 4844 2
1422 4794 1488 4846 1666
1507 4792 1599 4844 llnem·

275 4897 326 4946 que
346 4881 491 4934 Briseneus'
505 4881 622 4945 llnesque
642 4879 675 4932 l!
743 4880 808 4932 1667
833 4877 911 4945 Verp.
932 4882 998 4932 Aen.
1018 4879 1051 4930 II
1071 4881 1088 4930 3
