3858 5560
764 332 832 386 nn
844 331 926 400 pon.
943 321 1055 384 loson
1356 382 1361 392 .
1513 327 1578 394 223
1673 333 1680 345 “

281 431 454 488 anamma.
1126 421 1128 426 ’
1375 430 1552 486 sasamon
1593 429 1596 434 ·

255 524 373 608 dativus
394 524 503 596 omnis,
526 525 618 606 quio
641 523 742 588 littora
765 525 960 594 terminatur.
988 529 1095 586 natura
1119 520 1227 602 longus
1249 530 1309 594 ast,
1340 527 1372 584 nt
1395 520 1483 586 dooto
1507 539 1600 595 caro,
1646 603 1649 614 Ι
1738 499 1769 574 ’-

254 635 369 716 ιιιοῑο,
415 617 604 691 aecusativus
626 627 739 700 omnis,
763 628 869 710 quim
893 625 993 702 littora
1016 628 1212 698 terminator,
1234 625 1415 708 positionem
1440 634 1579 720 expectat

255 740 307 796 ant
328 729 533 814 synalipbam,
557 733 628 814 quia
651 729 732 794 nulla
755 729 868 817 syllaba
890 731 922 794 in
938 749 968 793 m
984 728 1114 793 litteram
1130 730 1206 801 exit,
1230 748 1307 814 quaa
1322 748 1384 793 non
1398 728 1578 795 alterutrum

255 843 394 917 quaooat.
440 833 592 899 vocativus
620 835 720 898 omnis
744 853 760 898 a
782 833 882 897 littora
903 825 1082 897 terminatus
1097 842 1203 896 natura
1226 832 1327 897 bravia
1350 841 1411 905 ost,
1435 844 1473 924 ut¹
1491 835 1600 898 docta.

227 953 324 1002 naara
346 947 461 1002 sanato.
505 937 652 1002 ablativus
679 937 778 1000 omnis
800 957 819 1000 o
841 935 940 1000 littera
970 937 1148 1000 terminatus
1176 945 1282 1001 natura
1311 935 1418 1020 longos
1449 947 1509 1011 est,
1545 947 1579 1002 nt
1682 974 1687 985 ·

254 1041 292 1104 ab
314 1023 373 1106 boo
395 1041 485 1106 docto
506 1060 579 1105 oaro
600 1049 717 1106 sancto.
762 1058 890 1105 numero
918 1037 1035 1124 plurali¹
1061 1041 1264 1104 nominativus
1287 1043 1395 1112 omnis,
1419 1060 1488 1106 aum
1510 1045 1543 1106 in
1568 1043 1579 1105 i

254 1147 372 1220 fluitur,
394 1145 505 1228 longua
527 1155 718 1222 salnaium,
742 1152 775 1206 ut
797 1143 827 1207 hi
850 1144 930 1207 docti
952 1145 1017 1208 aovi
1039 1145 1145 1208 sancti.
1161 1168 1176 1206 a
1192 1142 1308 1244 dativus
1324 1145 1421 1208 omnis
1442 1142 1577 1228 pluralis,
1661 1191 1665 1197 -

254 1252 306 1334 qui
329 1251 409 1314 inis
436 1251 555 1324 linitur,
584 1248 700 1337 longua·
718 1255 778 1319 ast,
811 1256 844 1311 nt
866 1247 963 1312 loono
990 1248 1069 1312 naris
1097 1249 1221 1312 sanctis.
1266 1251 1452 1312 accusativus
1479 1251 1578 1313 omnis

137 1361 144 1380 '
253 1351 395 1436 pluralis,
417 1355 524 1438 quiin
548 1372 583 1418 os
605 1353 720 1424 linitur.
744 1349 853 1434 longus
876 1361 935 1425 sat,
959 1360 994 1416 ut
1016 1351 1231 1416 doctos-caros
1257 1361 1388 1415 sanctos.
1427 1357 1577 1417 vocativus
1649 1341 1653 1349 ⁸

216 1459 354 1522 oomnis
376 1456 502 1546 pluralia
523 1458 589 1520 ini
610 1454 711 1524 littera
738 1455 842 1519 linitus
867 1457 1059 1545 longusost,
1089 1465 1123 1520 ut
1151 1457 1232 1520 danti
1260 1457 1321 1519 cavi
1343 1461 1450 1521 sanati.
1494 1457 1576 1522 abla-
1683 1473 1686 1478 ·

254 1565 335 1626 tivuu
358 1563 456 1654 pmnis
472 1542 616 1645 'pluralia
644 1563 696 1646 qui
717 1561 750 1624 in
771 1563 798 1624 ia
821 1561 940 1632 finitor.
956 1579 1059 1644 ‚aequa
1080 1559 1189 1641 longus
1211 1569 1271 1632 ost.
1294 1569 1329 1624 ut
1350 1559 1389 1623 ab
1411 1561 1459 1624 bis
1482 1560 1578 1627 dootis

254 1669 334 1730 oanis
356 1667 479 1729 sanctia.
496 1663 508 1750 fl
524 1666 595 1728 item
625 1664 770 1748 quidquid
791 1665 821 1728 in
844 1665 869 1728 is
897 1663 1042 1746 syllabam
1065 1665 1250 1729 nominativo
1273 1661 1278 1749 l
1302 1673 1333 1727 ot
1354 1666 1493 1747 genetivo
1516 1667 1577 1728 sin·

255 1768 353 1850 pulani
381 1771 459 1842 exit,
498 1769 590 1833 bravo
621 1777 683 1841 ast,
720 1777 754 1833 ut
780 1769 857 1851 lapis
885 1771 960 1852 opis.
1005 1767 1151 1852 quidquid
1180 1769 1211 1830 ln
1235 1785 1251 1830 ι
1273 1769 1376 1832 linitur
1404 1770 1434 1830 in
1464 1787 1577 1850 genere

254 1870 439 1962 mmmlino,
463 1871 556 1936 bravo
579 1881 640 1938 ost.
664 1881 698 1936 ut
720 1872 828 1936 doctor
843 1881 949 1937 cantor
970 1881 1058 1955 patav
1079 1874 1184 1936 irater.
1218 1858 1347 1935 numano
1362 1870 1471 1955 plurali
1489 1874 1577 1954 quid·

215 1976 327 2060 nquit
350 1977 381 2040 in
404 1995 437 2040 aa
459 1974 572 2060 syllaba
594 1977 710 2047 linitur.
732 1974 857 2057 longum
881 1984 944 2049 ast,
978 1984 1013 2040 ut
1040 1975 1179 2040 doctores
1208 1975 1346 2039 bominas
1374 1976 1515 2048 arborea,
1548 1985 1577 2040 at

255 2080 403 2164 quidquid
425 2081 470 2143 sio
491 2082 682 2145 terminatur.
726 2080 800 2142 itam
823 2078 903 2162 quod
926 2081 956 2143 in
979 2076 1037 2142 bus
1059 2078 1203 2162 syllabam
1227 2081 1304 2151 exit,
1336 2077 1428 2155 bravo
1456 2089 1516 2152 ost,
1546 2088 1578 2142 ut
1653 2145 1657 2152 ,
1741 2078 1745 2085 ’

255 2182 432 2250 cantoribus
454 2182 639 2248 doctoribus.
760 2259 765 2270 1
1083 2233 1085 2238 .

342 2285 401 2373 [lla
422 2305 538 2369 genava
561 2279 722 2370 iaminlno]
745 2285 780 2350 ln
803 2303 914 2368 ganeae
937 2287 1082 2351 feminino
1103 2305 1191 2350 casua
1207 2288 1408 2352 nominativus
1430 2283 1512 2350 solus
1534 2289 1578 2352 sin

255 2394 403 2457 variatur:
431 2391 508 2456 baec
529 2389 642 2462 tabula,
666 2410 687 2454 a
707 2389 809 2455 bravia
831 2401 879 2455 ost
899 2392 1098 2463 nominativo,
1123 2389 1251 2455 ablativo
1274 2390 1362 2472 longa
1386 2400 1442 2455 ost
1477 2393 1576 2455 omnin
1690 2399 1694 2407 ’

215 2512 243 2554 ιι
256 2498 379 2560 nomina
401 2496 524 2576 generis
546 2495 700 2590 feminini,
725 2510 802 2575 qnae
825 2513 842 2558 a
864 2493 965 2559 littora
986 2497 1205 2568 terminantur,
1229 2497 1389 2560 novissima
1410 2493 1522 2578 syllaba
1545 2497 1578 2558 in

255 2601 440 2664 nominativo
462 2599 569 2666 bravia·
588 2607 674 2669 sunt,
703 2600 735 2662 ln
758 2598 888 2664 ablativo
909 2599 1009 2680 longa.
1055 2601 1153 2663 omnis
1175 2609 1274 2663 autem
1287 2617 1387 2663 ossus
1406 2600 1577 2662 cuiuscum-
1648 2617 1651 2626 ¹
1680 2665 1691 2688 ⁴

255 2721 315 2788 qna
336 2704 459 2785 panaris
480 2722 510 2766 m
533 2703 633 2768 littera
656 2705 835 2768 terminatus
861 2705 1056 2768 novissimam
1079 2701 1222 2786 syllabam
1250 2701 1372 2783 longam
1395 2713 1501 2766 natura
1524 2703 1578 2767 ba·

256 2806 330 2871 bare
359 2825 421 2870 non
448 2816 566 2891 potest,
599 2806 652 2872 sod
680 2815 732 2871 aut
759 2807 941 2890 positionem
969 2816 1020 2870 aut
1048 2806 1236 2890 synalipham
1263 2815 1413 2890 expectat
1457 2808 1577 2871 nomina

255 2913 377 2992 gononis
400 2910 552 2982 feminini,
582 2929 660 2992 quaa
684 2913 715 2975 in
745 2929 777 2974 es
800 2909 914 2992 syllaba
942 2911 1101 2984 liniuntur,
1135 2915 1161 2974 si
1190 2911 1296 2975 eadem
1323 2912 1387 2993 ipsa
1411 2909 1522 2993 syllaba
1546 2912 1576 2973 in

217 3016 397 3095 mpenotivo
420 3033 482 3078 non
504 3013 698 3098 producitur,
722 3023 783 3078 tom
807 3015 1039 3092 innominativo
1061 3033 1152 3097 qnam
1175 3017 1207 3078 in
1230 3013 1360 3078 ablativo
1381 3014 1481 3078 bve'via
1497 3025 1577 3078 sunt.

256 3119 406 3182 mantem
429 3117 537 3182 eadam
559 3117 671 3202 syllaba
694 3119 726 3180 in
749 3119 888 3200 genetivo
909 3118 1102 3202 producitur,
1132 3127 1192 3183 tam
1222 3119 1253 3181 in
1283 3119 1466 3183 nominativo
1489 3137 1578 3202 quam

326 3309 464 3361 idatinus
483 3309 568 3360 omnia
586 3309 632 3374 qui
652 3323 667 3360 o
685 3309 769 3361 littera
792 3310 944 3362 terminatur
961 3309 987 3360 F
1006 3308 1111 3361 (launna
1135 3309 1222 3360 omnis
1244 3310 1269 3360 in
1289 3325 1304 3360 o
1322 3309 1434 3362 litteram
1455 3311 1579 3361 tennina-

256 3391 298 3444 ιιι
310 3376 343 3430 Β
360 3377 467 3430 datiana
484 3381 589 3446 sempor
606 3379 651 3443 qni
671 3394 686 3428 o
706 3377 789 3429 littam
805 3379 935 3430 terminat'
953 3376 974 3430 0
1044 3391 1136 3430 natura
1153 3394 1202 3434 om.
1215 3377 1241 3430 B
1253 3377 1279 3429 F
1345 3389 1374 3430 ut
1391 3379 1468 3430 doato
1487 3393 1579 3430 annoto

255 3461 316 3499 asro
334 3444 412 3500 Bo·
445 3447 631 3500 balterutrom
649 3446 676 3498 B
694 3454 719 3499 et
736 3455 765 3499 ut
781 3449 884 3501 videtur
901 3448 926 3499 F
941 3447 1050 3498 alteram
1066 3446 1277 3524 futrumqpeG
1334 3450 1397 3499 lut
1414 3462 1472 3499 nare
1490 3459 1579 3500 sancto

256 3517 333 3570 doato
350 3515 377 3568 B
429 3517 573 3568 onomaro
590 3512 696 3584 plurali]
716 3532 776 3568 nam
794 3515 856 3584 plion
874 3517 973 3570 Onam
991 3516 1100 3584 pluralis
1119 3515 1174 3573 ςΒ
1197 3516 1377 3585 ...plurnl...
1398 3517 1424 3568 F
1439 3515 1548 3585 pluralia
1565 3517 1584 3583 f

258 3629 266 3645 ,
342 3599 402 3636 oum
420 3586 447 3636 iu
465 3585 474 3636 i
492 3585 695 3637 liniturFoum
715 3585 724 3636 i
742 3584 831 3636 linitur
850 3585 912 3638 Gin
932 3586 940 3636 i
958 3601 1017 3637 oum
1036 3585 1124 3637 liatB
1209 3587 1442 3639 ἸιιιιιιιιιιιιιὶΙ
1525 3588 1580 3637 ouri
1663 3621 1665 3628 -

257 3655 343 3706 sanati
356 3671 404 3708 ona.
418 3651 453 3710 B.
480 3655 574 3707 deinde
586 3657 703 3706 lacunam
719 3651 840 3721 indicaui,
861 3672 912 3723 pun
928 3658 1021 3723 tepula
1035 3657 1150 3720 ponetiol
1165 3657 1273 3715 excidit,
1291 3671 1358 3722 qnae
1369 3655 1418 3708 boo
1430 3658 1485 3708 loeo
1498 3657 1580 3708 omitti

257 3740 308 3778 novt
324 3731 439 3790 potent,
459 3739 610 3793 quanquam
622 3725 711 3776 eodem
729 3726 763 3777 de
780 3725 829 3777 boo
846 3741 910 3776 onan
924 3726 1117 3792 praecipienda
1133 3732 1219 3786 εναιιε,
1238 3740 1305 3793 quoa
1317 3725 1351 3777 do
1362 3728 1510 3777 aoomottoo
1527 3725 1579 3777 aio·

257 3796 344 3861 potori
358 3794 460 3860 scriptu
477 3799 544 3844 aunt.
597 3793 650 3845 dat.
670 3795 756 3845 omnia
774 3794 840 3862 plur.
860 3797 886 3845 in
905 3794 928 3844 ia
948 3795 1099 3845 terminatus
1120 3791 1261 3844 clauum
1281 3793 1326 3862 pin
1346 3795 1368 3845 is
1387 3791 1579 3845 terminatusB
1607 3835 1613 3849 ,

325 3863 343 3915 8
360 3861 541 3913 aconaaatiuus
560 3863 645 3913 omnis
663 3861 773 3930 pluralia
792 3863 881 3926 quiin
900 3863 923 3914 is
943 3861 981 3928 (in
1000 3877 1030 3914 oa
1047 3863 1077 3928 s)
1096 3861 1185 3914 linitur
1201 3863 1227 3914 F
1242 3864 1407 3914 aootvsatinua
1427 3862 1473 3930 plia
1491 3863 1518 3913 in
1536 3861 1578 3914 hia
1618 3861 1623 3875 “
1691 3877 1694 3888 ·

257 3931 347 3996 quiin
366 3931 396 3982 o'a
414 3929 541 3982 llninntur
557 3929 584 3981 B
605 3945 659 3983 aco.
678 3931 763 3982 omnis
786 3931 846 3999 plion
868 3932 960 3997 quiin
979 3946 1009 3982 os
1027 3931 1154 3998 syllabam
1172 3931 1261 3983 linitur
1278 3931 1301 3985 0
1369 3934 1386 3984 9
1408 3942 1500 3983 natum
1521 3931 1578 3982 lon·

257 4016 307 4068 gna
326 4007 367 4051 est
385 3999 407 4052 0
486 4011 515 4051 nt
532 4015 607 4051 coroa
626 4013 731 4051 sanatos
750 4000 842 4053 doctos
861 4000 887 4052 B
973 4003 1110 4052 uooatiuns
1131 4003 1216 4053 omnia
1234 3999 1334 4068 (omnis
1352 4017 1399 4054 om.
1413 3999 1451 4066 B)
1470 3998 1578 4067 pluralia

257 4071 285 4121 in
302 4071 311 4120 i
328 4068 441 4120 litteram
457 4067 546 4122 finitus
567 4067 626 4121 BG
643 4070 779 4120 uooatinns
799 4069 905 4138 pluralis
924 4070 933 4120 i
950 4069 1035 4122 littera
1053 4071 1205 4122 terminatus
1224 4070 1250 4123 F
1334 4072 1367 4122 10
1389 4080 1418 4122 nt
1436 4070 1490 4120 oori
1508 4069 1579 4121 dooti
1613 4113 1617 4121 .

196 4193 197 4201 χ
257 4139 340 4190 sanati
359 4137 385 4190 Β
448 4137 578 4190 oblatinns
597 4139 683 4190 omnis
700 4139 746 4203 qui
764 4139 790 4189 in
809 4141 832 4191 is
851 4139 940 4191 linitur
956 4154 1040 4204 aeque
1057 4139 1153 4208 longus
1172 4131 1212 4192 ιιι
1229 4139 1396 4192 ΒιιὺΙιιίιιιι
1416 4139 1501 4189 omnia
1520 4139 1579 4206 plu·
1653 4142 1659 4156 ¹
1774 4141 1783 4164 ’

257 4208 319 4260 ralia
336 4222 438 4272 aequas
455 4207 551 4276 longus
569 4217 610 4260 ast
626 4207 673 4272 qui
690 4209 713 4259 ia
731 4206 819 4259 llnitur
836 4209 862 4260 F
881 4207 1012 4260 ablatinns
1031 4225 1114 4274 aoqns
1131 4197 1227 4276 longua
1245 4211 1291 4273 qui
1308 4211 1335 4260 in
1353 4209 1376 4260 ia
1395 4207 1484 4259 llnitnv
1500 4207 1563 4274 ’ΒΑ

259 4279 290 4328 11
308 4277 342 4328 ab
359 4275 401 4328 bis
419 4277 487 4328 caria
503 4277 590 4330 doctis
608 4277 706 4328 sanatis
725 4275 752 4327 B
838 4279 871 4330 ta
889 4279 916 4329 in
934 4277 957 4328 ia
975 4277 1084 4344 syllabis
1102 4278 1128 4330 F
1212 4280 1245 4331 ta
1263 4278 1349 4328 brania
1366 4293 1438 4333 cova.
1456 4277 1535 4329 brena
1553 4277 1579 4329 B
1600 4294 1603 4300 ·

325 4341 397 4414 apia]
416 4345 477 4412 apio
493 4361 565 4400 σοιν.
584 4347 657 4413 aspis
675 4343 702 4396 B
765 4345 843 4398 breue
861 4357 901 4398 est
917 4348 944 4399 ln
962 4361 1058 4413 gonaro
1076 4347 1220 4399 masculino
1239 4358 1268 4398 ut
1284 4346 1311 4398 F
1372 4347 1405 4398 14
1421 4345 1501 4397 irater
1518 4359 1578 4398 nam

257 4414 383 4480 quioquid
399 4414 426 4466 in
444 4431 472 4466 aa
491 4413 617 4482 syllabam
636 4413 770 4483 pluraliter
786 4411 932 4482 (plut-alitor
950 4431 998 4470 nav.
1010 4417 1049 4482 F)
1068 4415 1156 4468 linitur
1173 4415 1200 4468 B
1211 4414 1267 4468 FO
1328 4415 1361 4466 to
1378 4416 1417 4466 aio
1434 4431 1482 4468 oua.
1495 4415 1522 4466 F

258 4484 327 4550 quoti
344 4485 372 4535 lu
389 4484 441 4536 bna
459 4483 586 4561 syllabam
605 4485 659 4536 exit
678 4483 700 4536 G
724 4483 795 4548 quod
814 4486 868 4536 exit
886 4487 912 4536 in
930 4485 989 4564 bus
998 4484 1126 4551 syllabam
1145 4485 1170 4538 Β
1196 4483 1320 4550 quioquid
1338 4485 1365 4535 in
1383 4484 1432 4536 bna
1451 4483 1578 4549 syllabam
1663 4505 1666 4512 ι

174 4612 180 4622 .
258 4571 313 4622 exit
327 4571 354 4622 F
422 4570 456 4622 ta
474 4566 518 4620 DE
537 4565 899 4622 GENERIBUSFEbssNlNl
918 4569 994 4622 luc?
1013 4569 1034 4622 0
1103 4571 1279 4622 nominatinns
1298 4570 1382 4622 omnis
1401 4569 1474 4622 solua
1492 4570 1518 4622 F

260 4640 292 4692 19
308 4638 372 4692 bnon
389 4637 479 4691 tabula
494 4639 583 4690 breuia
601 4649 641 4692 aot
662 4652 734 4690 nom.
753 4634 868 4689 ablatioo
892 4637 972 4706 longo
989 4650 1030 4690 eat
1046 4637 1073 4690 B
1094 4639 1159 4691 baso
1180 4639 1268 4691 tabula
1290 4639 1377 4690 boonis
1402 4649 1444 4691 ast
1464 4640 1575 4693 ablatluc
1637 4641 1640 4648 ’

255 4705 337 4776 'longo
355 4721 396 4760 eat
412 4707 439 4759 F
453 4718 482 4759 ot
498 4706 564 4760 haeo
580 4707 667 4760 tabula
684 4707 771 4758 breuis
789 4717 830 4758 aot
847 4705 1007 4760 ablatia'alon
1030 4722 1061 4758 os
1079 4709 1159 4760 eatG
1212 4709 1247 4760 20
1263 4708 1290 4758 in
1309 4709 1578 4761 nominatinoebreula
1617 4738 1621 4748 ·

259 4787 320 4830 aunt
341 4778 380 4842 (at
395 4777 460 4830 add.
472 4777 521 4842 F)·
536 4775 651 4829 ablutino
673 4775 753 4843 longa
777 4772 854 4843 (suot
870 4777 933 4828 odd.
945 4777 985 4842 F)
1041 4777 1067 4828 F
1087 4777 1176 4828 brettis
1197 4787 1259 4828 aunt
1281 4777 1309 4828 in
1326 4779 1489 4829 nominatiuo
1507 4779 1579 4830 obla-

237 4845 314 4897 ttino
331 4861 395 4898 nono
414 4846 457 4898 lon
513 4845 536 4899 O
602 4847 740 4910 amomon
758 4855 845 4897 autam
862 4847 908 4898 aa}
924 4845 1046 4898 oannsG
1107 4847 1142 4898 24
1159 4847 1186 4896 iu
1204 4861 1232 4897 aa
1251 4845 1352 4912 syllaba
1370 4845 1495 4900 liniantur
1513 4848 1535 4900 G
1550 4850 1577 4899 in

260 4931 288 4966 ss
306 4915 434 4980 apllabam
472 4916 546 4966 ninot
563 4915 627 4968 BF
692 4917 753 4984 ipaa
768 4915 856 4988 oauF
921 4917 956 4968 28
973 4929 1051 4980 quam
1069 4930 1136 4981 qnae
1154 4916 1181 4966 in
1199 4915 1356 4968 ablatinoF
