3874 5556
338 354 403 419 294
796 351 913 405 aranu
932 351 1207 406 ronrvnarmm
1273 337 1276 346 ’
1576 395 1580 408 .

364 469 386 511 p.
401 458 462 500 ecoe.
476 459 502 502 oo
516 454 539 500 t.
1472 465 1494 508 p.
1508 455 1555 497 atr.
1567 453 1593 496 s:
1607 453 1633 498 o.

643 562 774 606 summas
798 561 871 626 opes
894 545 946 623 qui
968 562 1074 624 regum
1099 545 1198 623 regias
1221 545 1357 624 refregit.

339 647 555 713 hebetantem
584 649 614 709 in
644 648 739 728 prima
768 655 856 728 parte
885 647 1035 711 iambicon
1065 648 1215 710 oirrretron
1239 645 1444 719 catalecticon,
1473 649 1503 709 in
1527 647 1660 710 secunda

340 752 515 817 trochaicon
540 751 690 816 dimetron
714 747 1006 843 brachycataleqton,
1032 750 1110 833 quoa
1134 760 1164 814 et
1187 750 1414 832 ithyphallicnm
1438 751 1579 821 diximus,
1604 759 1637 813 ut

669 854 783 919 (tabunt
806 854 917 918 malurn
940 854 1052 920 Metelli
1075 856 1185 919 Naevio
1209 865 1324 936 poetae.

427 963 535 1025 Cetera
558 960 721 1042 partimin
745 959 868 1022 lloratio
883 977 1095 1041 recognosces,
1121 960 1230 1041 partim
1254 961 1285 1022 in
1309 958 1481 1041 archetypis
1504 967 1662 1021 auctorum
1688 989 1700 1030 5

341 1066 437 1137 libris,
462 1064 542 1128 unde
565 1065 639 1126 haer
663 1081 719 1126 nos
742 1063 959 1146 excerpsimus.

804 1254 853 1318 DE
876 1254 1017 1318 ttutnts
1041 1253 1197 1318 tiburtii

428 1375 515 1439 Nunc
543 1377 720 1458 priusquam
743 1377 780 1440 art
804 1357 977 1438 lloratiana
995 1386 1090 1439 metra
1115 1377 1279 1446 veniamus,
1308 1394 1385 1457 quae
1409 1378 1517 1458 partim
1542 1395 1557 1438 a
1582 1383 1663 1436 reie-

341 1481 427 1544 ribus
457 1481 580 1543 Graecis
611 1479 777 1549 transtulit,
813 1483 923 1561 partim
958 1480 1017 1542 sibi
1045 1480 1108 1562 ipse
1138 1482 1323 1562 composuit,
1359 1479 1545 1542 aetrnonttum
1575 1477 1661 1540 eelim

343 1587 443 1648 omnia
466 1603 543 1665 quae
565 1601 714 1664 paragoge
732 1580 743 1666 ΙΙ
761 1581 890 1645 diximus
913 1585 1055 1664 componi
1078 1603 1114 1645 ex
1138 1583 1197 1646 iltis
1220 1583 1439 1665 priucipatibus
1464 1581 1467 1666 t
1494 1584 1597 1645 metris
1612 1591 1703 1654 aut10

343 1688 512 1751 adiectione
529 1696 581 1749 aut
596 1687 782 1749 detractione
798 1695 849 1750 aut
864 1689 1095 1750 concinnatione
1112 1695 1162 1750 aut
1178 1689 1415 1769 permutatione:
1433 1687 1613 1757 adiectione,
1632 1695 1664 1748 ut

494 1787 659 1852 solvitur
682 1791 782 1852 acris
805 1790 926 1852 biems
949 1791 1160 1870 gratavice
1184 1793 1287 1854 veris
1311 1799 1347 1852 et
1369 1790 1512 1861 laconi:

274 1909 277 1916 ·
343 1894 470 1956 accersit
497 1893 578 1956 enim
609 1891 703 1954 heroo
730 1903 828 1955 metro
857 1892 980 1974 syllaba,
1010 1911 1087 1973 quae
1111 1913 1231 1956 versam
1254 1895 1368 1957 laceret
1395 1893 1581 1976 longiorem:
1612 1893 1663 1955 ‹te-

345 2000 501 2074 tractione‚
526 2005 677 2078 tamquam

605 2099 839 2182 trahuntque
862 2103 986 2165 siccas
1010 2101 1206 2165 machinae
1230 2104 1400 2174 carinas:
1681 2133 1704 2172 15

345 2207 480 2268 detracta
505 2207 584 2267 enim
608 2203 720 2288 syllaba
745 2208 904 2268 trimetron
928 2205 1000 2268 tecit
1022 2207 1187 2268 minorem:
1213 2209 1455 2281 concinnatione,

636 2311 706 2371 iam
731 2311 826 2372 satis
850 2311 966 2373 torris
990 2310 1090 2372 nivis
1113 2319 1227 2391 atque
1250 2309 1372 2380 dirae:

347 2415 435 2476 tinius
464 2413 544 2474 enirn
575 2413 671 2492 prima
695 2431 819 2474 caesura
849 2413 1010 2482 trochaica,
1035 2431 1166 2494 sequens
1190 2413 1317 2476 iambica
1342 2425 1402 2477 est:
1434 2413 1665 2496 pernmtatione,

346 2521 424 2579 sicut
453 2534 521 2578 cum
544 2513 743 2579 Archilochus
767 2519 895 2596 primam
925 2525 1042 2596 partem
1072 2518 1157 2578 heroi
1181 2517 1296 2588 lecerit,
1327 2527 1507 2596 sequentem
1535 2515 1666 2587 iambici,

347 2627 380 2685 ut
403 2629 449 2682 est
1681 2647 1707 2690 ao

524 2722 699 2785 scribere
723 2721 943 2785 versiculos
965 2743 1090 2785 amore
1117 2742 1342 2803 percussum
1367 2725 1489 2804 gravi,

350 2828 493 2890 ttorattus
516 2829 698 2908 permutavit
722 2839 751 2886 et
774 2827 844 2887 lecit
868 2828 999 2907 priorem
1023 2827 1192 2898 iambicam,
1217 2841 1392 2906 sequentem
1418 2827 1570 2890 trcruicam
1594 2829 1646 2900 sic,

566 2931 807 2992 occasionem
832 2930 875 2991 cle
898 2930 957 2992 clie
982 2931 1143 3012 dumque
1168 2935 1292 2994 virent
1315 2951 1444 3010 genua.

435 3035 515 3098 llaec
539 3042 637 3096 autent
663 3033 778 3096 lloratii
807 3035 950 3104 carticina,
982 3035 1019 3096 de
1042 3034 1151 3114 quibus
1174 3035 1276 3096 dicore
1300 3037 1422 3103 institui,
1453 3033 1668 3116 rnonostropba

352 3142 461 3202 ilraect
485 3135 718 3219 appellaverunt,
748 3138 826 3216 quoct
852 3140 946 3219 prima
976 3137 1100 3219 strophe
1124 3137 1242 3200 cluotms
1267 3138 1310 3198 ret
1336 3137 1430 3199 tribus
1460 3143 1505 3200 ret
1527 3147 1708 3216 quattrtorffi

350 3241 424 3304 cotis
448 3243 592 3322 explicata
609 3251 726 3302 ceteras
742 3251 904 3320 sequentes
919 3240 1032 3303 sirrrttes
1049 3241 1189 3312 habeant,
1214 3261 1268 3302 nec
1294 3243 1323 3302 tu
1347 3241 1444 3322 aliqua
1468 3253 1554 3324 porte
1577 3243 1668 3303 iuter·

351 3348 488 3408 renitente
513 3345 610 3425 epodo
634 3342 698 3406 cola
722 3351 888 3408 mutentur.
928 3343 1015 3406 colon
1040 3345 1110 3427 quid
1135 3347 1173 3406 sit
1197 3349 1256 3408 iam
1280 3345 1420 3414 elisimus,
1445 3367 1460 3407 a
1484 3364 1544 3426 quo
1567 3347 1669 3408 (licata

349 3454 411 3511 siue
434 3446 538 3510 tricota
567 3449 627 3509 sive
658 3449 799 3510 tetracola
829 3447 969 3510 dicuntur
998 3448 1071 3509 haec
1100 3451 1242 3510 carmina.
1289 3449 1318 3510 in
1348 3448 1540 3511 earrtiouibus
1569 3458 1669 3510 aretem

351 3554 452 3634 lyricis
474 3552 606 3632 legitime
630 3551 759 3633 scriptis,
791 3551 846 3612 hoc
871 3561 914 3613 est
939 3553 1174 3632 rnorrostropbts,
1206 3553 1279 3613 baec
1304 3555 1359 3614 tria
1390 3555 1521 3614 irrvcniri
1546 3571 1670 3614 necesse

355 3675 559 3700 ..Ι-..-

422 3728 454 3776 10
473 3727 558 3774 onrrtin
578 3739 644 3788 quae
663 3739 797 3790 paragoge
817 3753 849 3762 -
869 3729 901 3775 23
921 3741 1006 3787 genna
1026 3724 1099 3775 Caes.
1120 3724 1197 3775 Basa.
1218 3729 1277 3786 271,
1296 3731 1312 3776 5
1394 3728 1428 3775 :a
1448 3725 1515 3774 llaec
1534 3737 1618 3774 :mtem
1636 3704 1693 3762 -¹

352 3798 411 3856 295,
434 3797 463 3844 15
484 3794 564 3843 trinita
584 3795 716 3858 appellant
735 3795 809 3844 Caes.
832 3793 906 3843 Barsa.
921 3797 980 3852 266,
994 3797 1028 3843 26
1047 3793 1117 3844 liar.
1136 3795 1234 3846 Victor.
1249 3799 1321 3852 58,h'
1390 3795 1579 3861 :nouostroplta
1598 3793 1669 3845 Mar.

356 3866 455 3915 Victor.
477 3865 535 3922 162,
556 3867 579 3914 1.
601 3867 658 3925 167,
679 3866 712 3914 18

421 4021 437 4068 2
457 4020 481 4067 in
503 4017 586 4083 primu
608 4019 630 4067 ,t
644 4015 669 4066 B
689 4017 772 4082 prima
791 4032 807 4073 ς
878 4018 987 4067 iambico
1007 4018 1134 4068 dimetron
1155 4032 1171 4074 ς
1241 4021 1257 4068 6
1278 4035 1324 4068 nos
1344 4037 1390 4071 orn.
1410 4033 1427 4076 ς
1509 4021 1525 4068 il
1544 4021 1601 4086 ipse
1620 4019 1669 4068 sibi

353 4101 369 4144 ς
452 4089 483 4137 12
502 4083 624 4153 solvitur]
645 4087 713 4138 Har.
733 4088 847 4138 caram!
868 4091 927 4151 1,1
1016 4087 1290 4142 t'nnouissslmruuii
1314 4091 1337 4139 A
1427 4091 1457 4140 13
1477 4091 1584 4137 :recessit
1602 4089 1669 4139 enirn

353 4157 432 4206 heroo
452 4155 504 4212 ςΒ
522 4157 632 4205 accessit
651 4157 675 4204 in
697 4155 775 4205 heroo
796 4159 819 4207 A
894 4158 923 4206 15
942 4153 1110 4224 trahuntque]
1132 4158 1198 4208 Har.
1220 4158 1330 4208 carm]
1348 4162 1400 4218 1,2
1474 4161 1503 4208 tt
1524 4159 1573 4207 iarn
1593 4154 1669 4222 satis]

356 4227 422 4279 Hor.
441 4241 519 4274 carm.
539 4225 555 4274 l
574 4229 600 4289 2,
621 4229 635 4275 1
722 4227 750 4275 19
769 4227 899 4274 orceiacus
920 4229 944 4276 A
963 4226 1099 4276 arehlocns
1119 4239 1135 4282 ς
1217 4229 1247 4277 21
1269 4223 1393 4294 scribere]
1415 4227 1481 4279 Hor.
1500 4229 1576 4291 epod.
1595 4229 1635 4284 11,
1655 4229 1671 4276 2

440 4296 473 4345 23
493 4289 669 4360 occasionem]
691 4295 758 4346 Hor.
779 4297 855 4360 epod.
879 4298 925 4352 13,
946 4297 962 4344 1
1054 4295 1086 4344 cte
1104 4291 1158 4358 itte]
1179 4295 1249 4345 :ledii
1268 4310 1284 4352 ς
1376 4299 1409 4347 25
1428 4296 1465 4344 ret
1485 4309 1607 4357 ‹yrratrrtor
1624 4311 1672 4346 om.

259 4371 263 4380 ’
355 4365 378 4412 Α
393 4362 452 4426 Be,
470 4365 531 4412 odd.
552 4363 681 4428 Berplriue
704 4367 729 4413 in
753 4365 963 4413 commaculatione
981 4365 1130 4414 arrrdemira
1148 4365 1266 4428 beneficii
1278 4357 1502 4415 ¹Thielemamriarri
1524 4367 1579 4430 tepe
1602 4366 1672 4416 editu

355 4433 432 4482 Halia
451 4435 638 4495 a.18⁶3p.7
707 4435 739 4482 26
759 4434 850 4482 trabem
870 4431 931 4483 AB
941 4446 957 4488 ς
1028 4435 1061 4484 at
1080 4436 1129 4481 iarn
1149 4430 1276 4500 ctixinms]
1296 4451 1322 4498 p.
1337 4437 1397 4492 282,
1412 4437 1446 4482 27
1515 4433 1599 4482 cliente
1618 4433 1672 4482 sive

354 4520 402 4554 um.
423 4505 447 4552 A
459 4501 520 4564 Be,
538 4503 599 4551 arlrt.
621 4499 749 4564 Berqlrins
832 4504 864 4552 ’22
885 4503 932 4550 turc
952 4515 990 4552 est
1009 4503 1203 4568 mormstrophis
1223 4505 1316 4554 deleuit
1335 4501 1464 4568 Berghtue
1481 4509 1608 4569 tamarcem
1626 4503 1671 4551 art·

354 4573 455 4637 scripta
474 4571 506 4621 nb
525 4572 644 4635 imperito
663 4572 785 4626 librario,
812 4575 872 4638 ‘qni
893 4573 1050 4623 existimavit
1072 4571 1136 4622 laer
1159 4589 1271 4638 meoque,
1295 4589 1361 4636 qnae
1387 4573 1480 4622 ,tritine
1502 4573 1534 4622 cle
1557 4572 1673 4635 epodicir

355 4641 509 4690 carminibus
522 4639 571 4702 (ita
582 4644 645 4691 euim
656 4641 747 4704 praeci
759 4643 875 4707 nangietri
887 4645 1029 4706 ayrpctlant.
1045 4645 1094 4692 ott.
1104 4643 1247 4708 Hephnert.
1259 4645 1343 4704 ρ.122
1356 4637 1457 4707 [68,11
1470 4642 1511 4692 ert.
1523 4639 1562 4689 W
1560 4641 1643 4705 estph.
1643 4636 1660 4707 J
1661 4644 1672 4704 l

355 4711 458 4768 adiecit,
478 4711 514 4758 art
531 4711 714 4774 :reonaetroptm
732 4714 847 4761 carnaim:
861 4713 1003 4776 pertinere,
1024 4712 1112 4778 quibua
1130 4715 1192 4762 rotie
1207 4711 1335 4761 Horatiae
1354 4725 1414 4760 usus
1431 4713 1495 4759 eet’.
1512 4710 1674 4760 scribendum

357 4786 415 4827 erut
432 4782 518 4843 potins
537 4781 562 4826 nt
583 4793 621 4828 est
642 4781 864 4846 irronopericopis‚
885 4780 919 4842 rs.
941 4781 1014 4831 ntra.
1036 4782 1136 4835 Victor,
1155 4798 1181 4843 p.
1202 4783 1248 4836 52,
1269 4783 1319 4830 13.·
1344 4781 1394 4829 nisi
1411 4781 1499 4830 errori
1514 4781 1676 4844 prantmatt'rt'

356 4847 403 4896 hoc
421 4847 581 4898 tribuendum
599 4855 650 4910 est,
676 4851 745 4916 qaod
761 4849 945 4914 monaatrupha
963 4852 1077 4898 rarrrnina
1096 4851 1163 4898 dicit
1185 4865 1235 4914 pro
1259 4851 1473 4914 morropericopt'e,
1497 4851 1563 4898 sieut
1579 4855 1674 4913 postea

357 4919 416 4972 2¹95,
436 4918 452 4966 a
471 4917 593 4981 periodos
613 4933 662 4981 pro
681 4921 812 4984 pericope.
832 4935 889 4970 nam
906 4921 1047 4983 pericopae
1067 4919 1165 4969 norrrine
1184 4935 1243 4968 aeras
1262 4933 1312 4969 non
1330 4925 1370 4968 eat
