<?xml version="1.0" encoding="UTF-8"?>
<!DOCTYPE html PUBLIC "-//W3C//DTD XHTML 1.0 Transitional//EN"
    "http://www.w3.org/TR/xhtml1/DTD/xhtml1-transitional.dtd">
<html xmlns="http://www.w3.org/1999/xhtml" xml:lang="en" lang="en">
 <head>
  <title>
</title>
<meta http-equiv="Content-Type" content="text/html;charset=utf-8" />
  <meta name='ocr-system' content='tesseract 3.04.00' />
  <meta name='ocr-capabilities' content='ocr_page ocr_carea ocr_par ocr_line ocrx_word'/>
</head>
<body>
  <div class='ocr_page' id='page_1' title='image "./grammaticilatin05hagagoog_0608.png"; bbox 0 0 3850 5560; ppageno 0'>
   <div class='ocr_carea' id='block_1_1' title="bbox 365 404 1703 560">
    <p class='ocr_par' dir='ltr' id='par_1_1' title="bbox 365 404 1703 560">
     <span class='ocr_line' id='line_1_1' title="bbox 365 404 1460 472; baseline -0.007 0"><span class='ocrx_word' id='word_1_1' title='bbox 365 404 431 472; x_wconf 81' lang='grc'>578</span> <span class='ocrx_word' id='word_1_2' title='bbox 683 413 1381 469; x_wconf 73' lang='lat' dir='ltr'>ttvrmtcoma1.1&gt;ttttvmtatsottar.4e</span> <span class='ocrx_word' id='word_1_3' title='bbox 1457 419 1460 426; x_wconf 94' lang='lat'>·</span> 
     </span>
     <span class='ocr_line' id='line_1_2' title="bbox 367 500 1703 560; baseline -0.006 -8"><span class='ocrx_word' id='word_1_4' title='bbox 367 519 391 560; x_wconf 70' lang='lat' dir='ltr'>p.</span> <span class='ocrx_word' id='word_1_5' title='bbox 405 509 457 552; x_wconf 80' lang='lat' dir='ltr'>mat</span> <span class='ocrx_word' id='word_1_6' title='bbox 469 509 496 550; x_wconf 76' lang='lat' dir='ltr'>a.</span> <span class='ocrx_word' id='word_1_7' title='bbox 699 523 712 546; x_wconf 64' lang='grc' dir='ltr'>ι</span> <span class='ocrx_word' id='word_1_8' title='bbox 1577 516 1599 556; x_wconf 67' lang='lat' dir='ltr'>p.</span> <span class='ocrx_word' id='word_1_9' title='bbox 1613 503 1656 546; x_wconf 81' lang='lat' dir='ltr'>ma</span> <span class='ocrx_word' id='word_1_10' title='bbox 1670 500 1703 544; x_wconf 78' lang='lat' dir='ltr'>o.</span> 
     </span>
    </p>
   </div>
   <div class='ocr_carea' id='block_1_2' title="bbox 335 593 1722 1381">
    <p class='ocr_par' dir='ltr' id='par_1_2' title="bbox 335 593 1722 1381">
     <span class='ocr_line' id='line_1_3' title="bbox 365 593 1698 675; baseline -0.005 -16"><span class='ocrx_word' id='word_1_11' title='bbox 365 597 456 660; x_wconf 76' lang='lat' dir='ltr'>totius</span> <span class='ocrx_word' id='word_1_12' title='bbox 478 595 647 658; x_wconf 84' lang='lat' dir='ltr'>sententiae</span> <span class='ocrx_word' id='word_1_13' title='bbox 670 595 939 666; x_wconf 78' lang='lat' dir='ltr'>demonstratione,</span> <span class='ocrx_word' id='word_1_14' title='bbox 970 613 1049 675; x_wconf 87' lang='lat' dir='ltr'>quae</span> <span class='ocrx_word' id='word_1_15' title='bbox 1072 594 1173 658; x_wconf 84' lang='lat' dir='ltr'>denua</span> <span class='ocrx_word' id='word_1_16' title='bbox 1197 593 1256 657; x_wconf 84' lang='lat' dir='ltr'>alie</span> <span class='ocrx_word' id='word_1_17' title='bbox 1279 593 1417 658; x_wconf 80' lang='lat' dir='ltr'>membro</span> <span class='ocrx_word' id='word_1_18' title='bbox 1441 597 1586 658; x_wconf 84' lang='lat' dir='ltr'>matianis</span> <span class='ocrx_word' id='word_1_19' title='bbox 1610 595 1698 656; x_wconf 82' lang='lat' dir='ltr'>exei-</span> 
     </span>
     <span class='ocr_line' id='line_1_4' title="bbox 364 696 1696 783; baseline -0.002 -20"><span class='ocrx_word' id='word_1_20' title='bbox 364 703 455 783; x_wconf 82' lang='lat' dir='ltr'>pitur,</span> <span class='ocrx_word' id='word_1_21' title='bbox 480 699 537 760; x_wconf 86' lang='lat' dir='ltr'>hoc</span> <span class='ocrx_word' id='word_1_22' title='bbox 553 706 651 780; x_wconf 84' lang='lat' dir='ltr'>patto,</span> <span class='ocrx_word' id='word_1_23' title='bbox 676 701 727 761; x_wconf 82' lang='lat' dir='ltr'>‘et</span> <span class='ocrx_word' id='word_1_24' title='bbox 749 699 904 762; x_wconf 83' lang='lat' dir='ltr'>inimico</span> <span class='ocrx_word' id='word_1_25' title='bbox 928 697 1138 778; x_wconf 78' lang='lat' dir='ltr'>proderae¹,</span> <span class='ocrx_word' id='word_1_26' title='bbox 1163 698 1192 760; x_wconf 88' lang='lat' dir='ltr'>id</span> <span class='ocrx_word' id='word_1_27' title='bbox 1216 707 1262 762; x_wconf 84' lang='lat' dir='ltr'>est</span> <span class='ocrx_word' id='word_1_28' title='bbox 1281 715 1385 766; x_wconf 88' lang='lat' dir='ltr'>unum.</span> <span class='ocrx_word' id='word_1_29' title='bbox 1403 699 1483 779; x_wconf 82' lang='lat' dir='ltr'><strong>quod</strong></span> <span class='ocrx_word' id='word_1_30' title='bbox 1504 696 1696 780; x_wconf 75' lang='lat' dir='ltr'><strong>appellamus</strong></span> 
     </span>
     <span class='ocr_line' id='line_1_5' title="bbox 364 800 1692 886; baseline -0.003 -19"><span class='ocrx_word' id='word_1_31' title='bbox 364 801 549 867; x_wconf 77' lang='lat' dir='ltr'>membrum:</span> <span class='ocrx_word' id='word_1_32' title='bbox 573 800 684 865; x_wconf 88' lang='lat' dir='ltr'>deinde</span> <span class='ocrx_word' id='word_1_33' title='bbox 700 803 757 865; x_wconf 84' lang='lat' dir='ltr'>hoc</span> <span class='ocrx_word' id='word_1_34' title='bbox 773 801 940 884; x_wconf 79' lang='lat' dir='ltr'><strong>excipiatur</strong></span> <span class='ocrx_word' id='word_1_35' title='bbox 956 810 1076 886; x_wconf 78' lang='lat' dir='ltr'><strong>oportet</strong></span> <span class='ocrx_word' id='word_1_36' title='bbox 1091 800 1196 880; x_wconf 79' lang='lat' dir='ltr'>altero,</span> <span class='ocrx_word' id='word_1_37' title='bbox 1214 803 1269 865; x_wconf 73' lang='lat' dir='ltr'>‘et</span> <span class='ocrx_word' id='word_1_38' title='bbox 1292 803 1453 866; x_wconf 87' lang='lat' dir='ltr'>amicum</span> <span class='ocrx_word' id='word_1_39' title='bbox 1477 800 1692 864; x_wconf 83' lang='lat' dir='ltr'>laedebas’.</span> 
     </span>
     <span class='ocr_line' id='line_1_6' title="bbox 363 903 1691 989; baseline -0.002 -21"><span class='ocrx_word' id='word_1_40' title='bbox 363 925 400 969; x_wconf 86' lang='lat' dir='ltr'>ex</span> <span class='ocrx_word' id='word_1_41' title='bbox 424 903 543 969; x_wconf 84' lang='lat' dir='ltr'>duobus</span> <span class='ocrx_word' id='word_1_42' title='bbox 566 904 711 968; x_wconf 80' lang='lat' dir='ltr'>membris</span> <span class='ocrx_word' id='word_1_43' title='bbox 734 905 809 969; x_wconf 87' lang='lat' dir='ltr'>ltaec</span> <span class='ocrx_word' id='word_1_44' title='bbox 825 907 982 969; x_wconf 75' lang='lat' dir='ltr'>exornatio</span> <span class='ocrx_word' id='word_1_45' title='bbox 1006 914 1105 989; x_wconf 84' lang='lat' dir='ltr'>potest</span> <span class='ocrx_word' id='word_1_46' title='bbox 1128 916 1283 978; x_wconf 63' lang='lat' dir='ltr'>conatum</span> <span class='ocrx_word' id='word_1_47' title='bbox 1307 905 1360 968; x_wconf 84' lang='lat' dir='ltr'>sati</span> <span class='ocrx_word' id='word_1_48' title='bbox 1389 903 1634 968; x_wconf 82' lang='lat' dir='ltr'>commodissima</span> <span class='ocrx_word' id='word_1_49' title='bbox 1657 915 1691 967; x_wconf 84' lang='lat' dir='ltr'>et</span> 
     </span>
     <span class='ocr_line' id='line_1_7' title="bbox 362 1007 1722 1091; baseline -0.001 -20"><span class='ocrx_word' id='word_1_50' title='bbox 362 1007 583 1072; x_wconf 85' lang='lat' dir='ltr'>absolutissima</span> <span class='ocrx_word' id='word_1_51' title='bbox 608 1018 661 1081; x_wconf 82' lang='lat' dir='ltr'>eat,</span> <span class='ocrx_word' id='word_1_52' title='bbox 686 1027 763 1090; x_wconf 83' lang='lat' dir='ltr'>quae</span> <span class='ocrx_word' id='word_1_53' title='bbox 787 1027 822 1072; x_wconf 85' lang='lat' dir='ltr'>ex</span> <span class='ocrx_word' id='word_1_54' title='bbox 846 1010 944 1074; x_wconf 81' lang='lat' dir='ltr'>tribus</span> <span class='ocrx_word' id='word_1_55' title='bbox 968 1018 1088 1074; x_wconf 80' lang='lat' dir='ltr'>constat</span> <span class='ocrx_word' id='word_1_56' title='bbox 1117 1009 1172 1071; x_wconf 85' lang='lat' dir='ltr'>itoc</span> <span class='ocrx_word' id='word_1_57' title='bbox 1195 1019 1298 1090; x_wconf 87' lang='lat' dir='ltr'>pacta,</span> <span class='ocrx_word' id='word_1_58' title='bbox 1327 1010 1381 1072; x_wconf 80' lang='lat' dir='ltr'>‘et</span> <span class='ocrx_word' id='word_1_59' title='bbox 1410 1010 1568 1072; x_wconf 85' lang='lat' dir='ltr'>inimico</span> <span class='ocrx_word' id='word_1_60' title='bbox 1599 1021 1722 1091; x_wconf 74' lang='lat' dir='ltr'><strong>pra-⁵</strong></span> 
     </span>
     <span class='ocr_line' id='line_1_8' title="bbox 364 1110 1692 1178; baseline 0 -3"><span class='ocrx_word' id='word_1_61' title='bbox 364 1113 475 1175; x_wconf 82' lang='lat' dir='ltr'>datas</span> <span class='ocrx_word' id='word_1_62' title='bbox 497 1119 534 1174; x_wconf 85' lang='lat' dir='ltr'>et</span> <span class='ocrx_word' id='word_1_63' title='bbox 555 1113 714 1176; x_wconf 83' lang='lat' dir='ltr'>amicum</span> <span class='ocrx_word' id='word_1_64' title='bbox 736 1111 919 1177; x_wconf 79' lang='lat' dir='ltr'>laedebas</span> <span class='ocrx_word' id='word_1_65' title='bbox 942 1122 977 1177; x_wconf 83' lang='lat' dir='ltr'>et</span> <span class='ocrx_word' id='word_1_66' title='bbox 1000 1113 1069 1178; x_wconf 87' lang='lat' dir='ltr'>tibi</span> <span class='ocrx_word' id='word_1_67' title='bbox 1093 1131 1168 1174; x_wconf 84' lang='lat' dir='ltr'>nott</span> <span class='ocrx_word' id='word_1_68' title='bbox 1192 1110 1464 1176; x_wconf 72' lang='lat' dir='ltr'>consulebas’:</span> <span class='ocrx_word' id='word_1_69' title='bbox 1488 1115 1578 1175; x_wconf 85' lang='lat' dir='ltr'>item</span> <span class='ocrx_word' id='word_1_70' title='bbox 1602 1113 1692 1175; x_wconf 79' lang='lat' dir='ltr'>‘nec</span> 
     </span>
     <span class='ocr_line' id='line_1_9' title="bbox 335 1209 1692 1297; baseline 0.001 -19"><span class='ocrx_word' id='word_1_71' title='bbox 335 1217 418 1279; x_wconf 86' lang='lat' dir='ltr'>&#39;rei</span> <span class='ocrx_word' id='word_1_72' title='bbox 452 1209 631 1297; x_wconf 85' lang='lat' dir='ltr'>pttbiicae</span> <span class='ocrx_word' id='word_1_73' title='bbox 664 1215 901 1281; x_wconf 83' lang='lat' dir='ltr'>consuluisti</span> <span class='ocrx_word' id='word_1_74' title='bbox 930 1235 999 1280; x_wconf 84' lang='lat' dir='ltr'>nea</span> <span class='ocrx_word' id='word_1_75' title='bbox 1030 1216 1166 1280; x_wconf 82' lang='lat' dir='ltr'>amicis</span> <span class='ocrx_word' id='word_1_76' title='bbox 1199 1215 1384 1297; x_wconf 74' lang='lat' dir='ltr'>profuisti</span> <span class='ocrx_word' id='word_1_77' title='bbox 1420 1235 1486 1278; x_wconf 85' lang='lat' dir='ltr'>nee</span> <span class='ocrx_word' id='word_1_78' title='bbox 1519 1216 1692 1280; x_wconf 85' lang='lat' dir='ltr'>inimicis</span> 
     </span>
     <span class='ocr_line' id='line_1_10' title="bbox 366 1319 1006 1381; baseline 0.003 -2"><span class='ocrx_word' id='word_1_79' title='bbox 366 1319 552 1381; x_wconf 57' lang='lat' dir='ltr'>restietist</span> <span class='ocrx_word' id='word_1_80' title='bbox 1004 1335 1006 1340; x_wconf 87' lang='grc'><em>·</em></span> 
     </span>
    </p>
   </div>
   <div class='ocr_carea' id='block_1_3' title="bbox 364 1442 573 1454">
    <p class='ocr_par' dir='ltr' id='par_1_3' title="bbox 364 1442 573 1454">
     <span class='ocr_line' id='line_1_11' title="bbox 364 1442 573 1454; baseline -0.01 0"><span class='ocrx_word' id='word_1_81' title='bbox 364 1442 573 1454; x_wconf 55' lang='lat' dir='ltr'>nnn—n*—</span> 
     </span>
    </p>
   </div>
   <div class='ocr_carea' id='block_1_4' title="bbox 361 1501 1691 1650">
    <p class='ocr_par' dir='ltr' id='par_1_4' title="bbox 361 1501 1691 1650">
     <span class='ocr_line' id='line_1_12' title="bbox 434 1501 1691 1580; baseline -0.001 -18"><span class='ocrx_word' id='word_1_82' title='bbox 434 1513 447 1562; x_wconf 90' lang='lat'>1</span> <span class='ocrx_word' id='word_1_83' title='bbox 468 1505 608 1578; x_wconf 82' lang='lat' dir='ltr'>excipitur]</span> <span class='ocrx_word' id='word_1_84' title='bbox 626 1501 777 1578; x_wconf 72' lang='lat' dir='ltr'>excipiatur&#39;</span> <span class='ocrx_word' id='word_1_85' title='bbox 789 1511 852 1563; x_wconf 75' lang='lat' dir='ltr'>Ata.</span> <span class='ocrx_word' id='word_1_86' title='bbox 942 1513 960 1562; x_wconf 79' lang='lat' dir='ltr'>t</span> <span class='ocrx_word' id='word_1_87' title='bbox 978 1511 1153 1580; x_wconf 64' lang='lat' dir='ltr'>exornatiope,</span> <span class='ocrx_word' id='word_1_88' title='bbox 1171 1507 1198 1559; x_wconf 88' lang='lat' dir='ltr'><em>B</em></span> <span class='ocrx_word' id='word_1_89' title='bbox 1283 1509 1495 1560; x_wconf 72' lang='lat' dir='ltr'>commodissima</span> <span class='ocrx_word' id='word_1_90' title='bbox 1513 1509 1555 1560; x_wconf 77' lang='lat' dir='ltr'>At</span> <span class='ocrx_word' id='word_1_91' title='bbox 1573 1523 1691 1561; x_wconf 86' lang='lat' dir='ltr'>eommo-</span> 
     </span>
     <span class='ocr_line' id='line_1_13' title="bbox 361 1594 1333 1650; baseline 0.002 -4"><span class='ocrx_word' id='word_1_92' title='bbox 361 1595 471 1648; x_wconf 80' lang='lat' dir='ltr'>tiiatime</span> <span class='ocrx_word' id='word_1_93' title='bbox 489 1595 515 1647; x_wconf 89' lang='lat' dir='ltr'><em>B</em></span> <span class='ocrx_word' id='word_1_94' title='bbox 585 1597 601 1648; x_wconf 85' lang='lat'>8</span> <span class='ocrx_word' id='word_1_95' title='bbox 620 1597 737 1649; x_wconf 71' lang='lat' dir='ltr'>restitisti</span> <span class='ocrx_word' id='word_1_96' title='bbox 758 1594 914 1649; x_wconf 78' lang='lat' dir='ltr'>EXPLICIT</span> <span class='ocrx_word' id='word_1_97' title='bbox 933 1595 958 1648; x_wconf 86' lang='lat' dir='ltr'><em>B</em></span> <span class='ocrx_word' id='word_1_98' title='bbox 976 1597 1113 1650; x_wconf 72' lang='lat' dir='ltr'>restituisti</span> <span class='ocrx_word' id='word_1_99' title='bbox 1132 1595 1289 1648; x_wconf 78' lang='lat' dir='ltr'>EXPLICIT</span> <span class='ocrx_word' id='word_1_100' title='bbox 1309 1598 1333 1648; x_wconf 79' lang='lat' dir='ltr'><em>A</em></span> 
     </span>
    </p>
   </div>
   <div class='ocr_carea' id='block_1_5' title="bbox 0 0 1930 5560">
    <p class='ocr_par' dir='ltr' id='par_1_5' title="bbox 0 0 1930 5560">
     <span class='ocr_line' id='line_1_14' title="bbox 0 0 1930 5560; baseline 0 7"><span class='ocrx_word' id='word_1_101' title='bbox 0 0 1930 5560; x_wconf 95' lang='lat' dir='ltr'> </span> 
     </span>
    </p>
   </div>
  </div>
 </body>
</html>
