3906 5564
363 340 405 406 82
863 339 971 394 uenat
994 337 1186 393 vteromm

391 456 412 498 p.
427 443 485 486 asar.
499 444 525 485 ae
540 441 562 486 r.
1495 451 1518 495 p.
1533 441 1578 480 ιιο.
1594 439 1617 480 ιι
1632 436 1658 479 e.

363 533 438 595 haec
466 531 546 615 apud
569 533 699 595 Graecos
729 533 819 593 metri
842 531 958 613 species
980 531 1126 610 frequens
1154 537 1201 592 est
1223 525 1280 589 sub
1303 525 1359 588 bac
1389 526 1578 591 condicionis
1600 527 1693 608 iege„

362 645 395 699 ut
424 655 484 698 non
512 636 622 698 heroas
652 642 704 698 aut
726 651 831 716 reges,
860 635 913 696 sed
937 633 1060 716 Satyros
1077 633 1207 700 ,inducat
1234 629 1358 694 hadendi
1381 630 1560 712 tacendique
1584 649 1684 700 causo,

365 759 424 822 quo
448 739 624 822 spectatoris
648 738 766 801 animus
789 737 867 802 inter
891 739 993 802 tristes
1016 757 1065 802 res
1082 740 1211 820 tragicas
1227 735 1402 818 Satyrorum
1427 736 1501 799 iocis
1525 745 1555 798 et
1570 734 1686 798 lusibus

362 842 529 914 relaxetur,
555 843 633 923 tyuod
657 841 798 904 Horatius
822 841 868 904 his
889 841 1025 906 versibus
1047 849 1188 912 testatur,

519 945 687 1009 carmine
711 947 774 1024 qui
797 946 945 1026 tragIco
969 945 1080 1009 ritem
1104 945 1277 1008 certavit
1299 943 1344 1007 oh
1368 943 1528 1015 hircum,

518 1068 600 1112 mox
623 1050 734 1112 etiam
758 1051 928 1131 agrestis
950 1049 1107 1132 Satyros
1131 1049 1289 1112 nudavit
1311 1057 1349 1110 et
1371 1065 1480 1130 asper

519 1151 698 1216 ineolumi
721 1155 910 1235 gravitate
933 1156 1056 1216 iocum
1081 1153 1286 1235 temptavit
1308 1169 1365 1223 co,
1391 1150 1488 1233 quod

518 1255 725 1320 illecebris
749 1267 833 1321 erat
857 1266 892 1320 et
915 1269 1020 1336 grata
1044 1259 1214 1321 novitate
1238 1254 1439 1319 morandus

519 1369 724 1442 spectator.

363 1465 441 1548 quod
466 1484 562 1546 genus
586 1467 681 1527 nostri
704 1467 734 1526 in
758 1465 902 1529 Atellanis
925 1461 1071 1548 babenti
1099 1465 1210 1545 gaudet
1238 1473 1337 1526 autem
1367 1461 1522 1544 trisyllaba
1550 1461 1627 1544 pede
1657 1470 1688 1523 et
1703 1480 1729 1518 ιο

365 1571 494 1632 maxime
517 1567 679 1651 tribrachy.
727 1567 897 1650 exemplum
925 1569 1014 1631 huius

634 1671 745 1745 blasae,
770 1671 869 1735 iorem
892 1671 1012 1736 laudate
1036 1681 1066 1734 et
1088 1672 1181 1753 agites
1204 1671 1272 1734 date
1294 1669 1414 1736 choros.

454 1777 535 1840 later
559 1775 634 1838 iaaec
657 1793 717 1838 non
742 1775 965 1858 supersederim
995 1794 1090 1858 pauca
1113 1775 1203 1838 etiam
1231 1775 1268 1837 de
1292 1773 1432 1838 eboriaco
1456 1779 1551 1836 metro
1576 1772 1687 1841 dicere,

369 1880 449 1964 quod
474 1893 520 1944 est
543 1880 688 1959 frequens
710 1881 742 1942 in
765 1878 937 1961 tragoediis.
982 1881 1088 1961 incipit
1110 1886 1209 1941 autem
1234 1895 1250 1938 a
1273 1879 1418 1949 dimetro,
1443 1883 1596 1959 tamquam

867 2003 927 2046 uon
949 1982 1037 2046 labor
1059 1986 1135 2054 iam,
1152 1981 1163 2064 d
1702 1995 1730 2036 ιο

367 2087 448 2171 quod
473 2089 530 2150 erit
553 2095 583 2148 et
606 2098 834 2159 monometren,
858 2089 899 2160 si,
923 2095 957 2149 ut
979 2087 1105 2156 Graeci,
1128 2105 1184 2168 per
1207 2088 1342 2169 syzygias
1364 2084 1504 2148 scandas.
1544 2103 1594 2148 aas
1616 2102 1688 2146 rero

368 2192 469 2262 sedes,
506 2209 580 2272 quas
609 2189 728 2252 iambus
755 2191 785 2252 in
816 2209 871 2253 suo
900 2190 1048 2272 possidet,
1082 2189 1137 2252 has
1165 2191 1196 2251 in
1226 2189 1376 2252 eboriacis
1405 2188 1566 2253 trochaeus
1595 2196 1688 2250 tenet.

367 2296 533 2378 porrigitur
557 2302 656 2358 autem
680 2313 775 2378 usque
799 2295 835 2357 ad
859 2303 1069 2358 tetrametrum
1091 2311 1228 2366 versum,
1252 2302 1404 2373 tamquam

619 2417 698 2462 nunc
721 2399 783 2462 lori
806 2398 940 2471 litemus,
965 2415 1125 2462 exoremus
1147 2413 1248 2460 omnes
1270 2396 1432 2479 supplices.

293 2569 301 2588 ⁶
368 2505 480 2584 recipit
502 2501 668 2584 spondeum
700 2507 891 2566 econtrario
919 2501 1058 2566 iambicis
1084 2501 1232 2564 versibus.
1279 2511 1360 2564 amat
1395 2507 1495 2562 autem
1511 2497 1629 2581 ‘longas
1659 2501 1732 2561 inao

371 2607 477 2670 breves
505 2604 638 2676 solvere.
670 2618 709 2669 ·ut
743 2624 803 2669 non
833 2617 895 2670 tam
925 2607 1020 2688 spatia
1051 2615 1222 2687 temporum
1252 2623 1342 2688 quam
1372 2621 1533 2666 numerum
1557 2603 1691 2686 duplicet

370 2709 568 2793 syllabarum,
597 2709 725 2791 ideoque
756 2709 891 2774 trochaei
914 2729 968 2772 seu
999 2709 1126 2791 spondei
1149 2707 1326 2790 regionibus
1348 2709 1476 2790 recipiet
1505 2707 1690 2789 tribrachyn,

370 2824 403 2878 ut
1287 2861 1291 2871 .

708 2933 831 2980 nemore
855 2915 877 2998 †
900 2915 1071 2980 dulcisanes
1093 2924 1184 2980 cantu
1208 2925 1359 2998 personat.

457 3020 663 3084 Admonemur
691 3018 741 3083 bic
772 3019 852 3101 quod
876 3021 954 3102 apud
978 3017 1110 3084 Graecos
1140 3019 1312 3083 celebratur
1341 3039 1400 3083 noa
1429 3021 1735 3102 praetermittemus

373 3127 512 3190 Boiscuaa
536 3125 715 3206 Cyzicenum
744 3142 974 3205 supergressum
997 3124 1166 3188 hexametri
1195 3123 1291 3205 legem
1321 3111 1481 3186 iambicum
1504 3132 1635 3186 metrum
1659 3126 1691 3184 in

373 3241 571 3295 octametrum
595 3246 713 3290 versum
737 3228 907 3292 extendisse
930 3226 986 3292 sub
1010 3228 1204 3292 huiusmodi
1228 3229 1459 3310 epigrammate,

549 3329 694 3406 Βοΐσκος
716 3324 785 3393 ἀπὸ
807 3330 974 3412 Κυζίκου,
998 3325 1126 3406 παντὸς
1147 3323 1301 3413 γραφεὺς
1323 3325 1522 3414 ποιήματος,

550 3429 610 3499 τὸν
633 3427 809 3498 ὀκτάπουν
833 3427 942 3515 adpoip
965 3436 1092 3516 στίχον,
1117 3433 1234 3518 Φοίβῳ
1255 3432 1373 3514 τίθησι
1397 3431 1521 3514 δῶρον.

373 3542 453 3626 cyuod
476 3543 501 3603 si
524 3538 702 3602 imitandum
726 3548 785 3608 est,
811 3539 889 3619 apud
914 3555 970 3600 nus
994 3541 1051 3600 erit
1076 3545 1106 3600 et
1128 3537 1275 3600 iambicus
1298 3535 1380 3612 talis,

646 3644 752 3706 beatus
775 3640 826 3704 ille.
849 3643 900 3722 qui
925 3640 1029 3723 procui
1053 3644 1184 3720 negotiis
1207 3639 1380 3704 forensibus

535 3742 557 3768 ‘'
645 3747 726 3810 ruris
748 3746 804 3808 sub
827 3745 935 3809 umbra
959 3743 1063 3824 frigidi
1084 3745 1174 3807 vitam
1198 3747 1300 3826 quiete
1323 3745 1436 3828 placem

377 3887 581 3899 .-............-—-—

445 3976 476 4025 12
497 3973 586 4023 birsae
603 3972 671 4022 Ptot.
692 3973 761 4021 2646

445 4200 461 4249 3
479 4197 545 4246 iat-er
563 4196 688 4260 tragicum
707 4202 732 4256 et
749 4194 874 4257 cornicum
894 4195 984 4243 tristes
1000 4193 1022 4241 A
1093 4193 1108 4242 5
1127 4187 1251 4258 carmine]
1273 4191 1341 4244 Hor.
1359 4210 1383 4242 a.
1401 4209 1428 4258 p.
1449 4195 1501 4244 220
1575 4192 1694 4262 certaria]

377 4263 758 4317 obcertauitcorm'cercsnitA
778 4264 918 4312 obcertaarit
935 4261 994 4312 Vni.
1050 4263 1082 4311 10
1094 4259 1303 4326 gaudeatABe
1357 4262 1696 4315 ttatechortoeoltean'as

375 4337 407 4388 de
419 4335 524 4386 chorico
539 4331 627 4389 Aac.
650 4333 785 4382 eboriacus
799 4333 893 4382 dicitur
905 4337 1054 4382 tetrameter
1064 4331 1209 4382 trochaicae
1221 4333 1387 4383 catalecticus
1395 4331 1492 4398 freyen.
1505 4333 1538 4384 de
1550 4339 1623 4383 metr.
1633 4343 1696 4398 post

377 4407 543 4458 Censorinum
562 4405 633 4468 tae
654 4418 680 4467 p.
700 4403 771 4459 95,6
789 4402 828 4452 ed.
848 4401 924 4460 laha,
944 4400 1063 4450 eboricus
1082 4407 1232 4452 tetranreter
1250 4400 1370 4452 iaaadicus
1388 4401 1612 4468 hypercatalectus
1624 4402 1696 4454 Ptot.

375 4518 402 4567 p.
413 4503 484 4551 2645
538 4497 748 4550 aestimares
767 4479 910 4559 adimetrifp‘
930 4496 954 4546 A
974 4510 989 4544 a
1008 4493 1131 4545 dimetaos
1149 4493 1176 4544 B
1192 4495 1252 4547 Vei.
1317 4495 1348 4546 1ss
1367 4495 1437 4556 quod
1456 4498 1541 4560 querit
1558 4507 1583 4546 et
1601 4497 1626 4548 A
1638 4495 1696 4554 Βς

447 4565 481 4633 si]
502 4566 583 4618 sicB
656 4567 686 4616 17
705 4565 731 4614 ia
750 4563 860 4615 eborieis
881 4563 972 4619 ΑΒς
1044 4563 1287 4616 laodicenorum
1306 4563 1399 4620 Aue
1471 4567 1502 4616 ts
1522 4581 1589 4616 rruue
1608 4567 1695 4616 iouem

376 4639 479 4690 litemus
498 4647 522 4686 et
541 4633 582 4700 (ac
600 4634 628 4700 ς)
649 4649 752 4685 oremus
770 4633 901 4700 supplices
921 4636 945 4685 Α
959 4631 1014 4688 Be
1032 4647 1099 4683 narnc
1118 4633 1171 4684 iovi
1190 4633 1291 4684 litemus
1311 4631 1423 4684 hostiam
1441 4648 1471 4684 ac
1489 4649 1611 4702 rogemus
1631 4649 1696 4702 sup-

377 4706 458 4775 plices
476 4708 587 4757 coniecit
604 4704 793 4758 Stademundnc
855 4705 887 4754 21
908 4715 960 4752 ιοιιι
979 4718 1025 4753 orn.
1040 4704 1064 4752 Α
1079 4701 1112 4760 B,
1130 4704 1228 4758 adds
1292 4703 1325 4751 24
1345 4703 1613 4756 nemereduicisonos
1632 4717 1697 4754 caa-

378 4790 419 4828 tns
438 4783 562 4842 personat
574 4787 599 4830 ς.
625 4775 742 4838 sortasse
762 4786 866 4823 nemora
884 4772 1020 4822 dulcisono
1034 4768 1160 4821 Camenae
1178 4786 1257 4838 saepe
1269 4781 1345 4821 canta
1359 4783 1500 4838 personant
1552 4775 1586 4824 26
1605 4771 1699 4826 Boieci

377 4846 498 4912 Cyziceni
515 4859 604 4896 uersus
624 4843 689 4895 Irata
708 4848 813 4893 erectore
832 4842 920 4906 adfert
940 4839 1045 4904 Itafiarrc
1068 4842 1099 4890 de
1118 4848 1190 4892 metr.
1209 4856 1271 4892 com.
1290 4857 1316 4906 p.
1336 4843 1405 4892 2712
1494 4858 1696 4910 supergressum

378 4915 433 4971 ςΒ
452 4928 637 4980 anpcgressnm
657 4915 696 4964 A*
753 4913 786 4962 30
805 4912 826 4958 si
845 4929 892 4962 om.
907 4912 939 4972 Α,
959 4911 1021 4960 add.
1036 4926 1051 4958 a
1068 4909 1126 4962 Vnt.
