<?xml version="1.0" encoding="UTF-8"?>
<!DOCTYPE html PUBLIC "-//W3C//DTD XHTML 1.0 Transitional//EN"
    "http://www.w3.org/TR/xhtml1/DTD/xhtml1-transitional.dtd">
<html xmlns="http://www.w3.org/1999/xhtml" xml:lang="en" lang="en">
 <head>
  <title>
</title>
<meta http-equiv="Content-Type" content="text/html;charset=utf-8" />
  <meta name='ocr-system' content='tesseract 3.04.00' />
  <meta name='ocr-capabilities' content='ocr_page ocr_carea ocr_par ocr_line ocrx_word'/>
</head>
<body>
  <div class='ocr_page' id='page_1' title='image "./grammaticilatin05hagagoog_0067.png"; bbox 0 0 3904 5556; ppageno 0'>
   <div class='ocr_carea' id='block_1_1' title="bbox 142 387 1576 4085">
    <p class='ocr_par' dir='ltr' id='par_1_1' title="bbox 142 387 1576 4085">
     <span class='ocr_line' id='line_1_1' title="bbox 647 387 1560 459; baseline 0.009 -21"><span class='ocrx_word' id='word_1_1' title='bbox 647 388 725 442; x_wconf 68' lang='grc' dir='ltr'>ΛΒΤ.</span> <span class='ocrx_word' id='word_1_2' title='bbox 746 387 858 441; x_wconf 73' lang='lat' dir='ltr'><strong>censat.</strong></span> <span class='ocrx_word' id='word_1_3' title='bbox 879 387 949 444; x_wconf 81' lang='lat' dir='ltr'><strong>Ltn.</strong></span> <span class='ocrx_word' id='word_1_4' title='bbox 971 391 982 440; x_wconf 92' lang='lat'><em>1</em></span> <span class='ocrx_word' id='word_1_5' title='bbox 1002 393 1025 446; x_wconf 81' lang='lat' dir='ltr'><strong>a.</strong></span> <span class='ocrx_word' id='word_1_6' title='bbox 1047 393 1147 442; x_wconf 80' lang='lat' dir='ltr'><strong>rt-ee</strong></span> <span class='ocrx_word' id='word_1_7' title='bbox 1518 393 1560 459; x_wconf 77' lang='lat'><strong>37</strong></span> 
     </span>
     <span class='ocr_line' id='line_1_2' title="bbox 267 485 1533 549; baseline 0.009 -21"><span class='ocrx_word' id='word_1_8' title='bbox 267 499 286 542; x_wconf 74' lang='lat' dir='ltr'><strong>p.</strong></span> <span class='ocrx_word' id='word_1_9' title='bbox 301 489 360 530; x_wconf 76' lang='lat' dir='ltr'><strong>sans.</strong></span> <span class='ocrx_word' id='word_1_10' title='bbox 376 490 400 528; x_wconf 80' lang='lat' dir='ltr'><strong>ro</strong></span> <span class='ocrx_word' id='word_1_11' title='bbox 415 485 438 531; x_wconf 86' lang='lat' dir='ltr'><strong>r.</strong></span> <span class='ocrx_word' id='word_1_12' title='bbox 1384 505 1406 549; x_wconf 80' lang='lat' dir='ltr'><strong>p.</strong></span> <span class='ocrx_word' id='word_1_13' title='bbox 1420 497 1453 539; x_wconf 82' lang='lat' dir='ltr'><strong>oe.</strong></span> <span class='ocrx_word' id='word_1_14' title='bbox 1468 497 1494 538; x_wconf 79' lang='lat' dir='ltr'><strong>ra</strong></span> <span class='ocrx_word' id='word_1_15' title='bbox 1507 495 1533 540; x_wconf 83' lang='lat' dir='ltr'><strong>u.</strong></span> 
     </span>
     <span class='ocr_line' id='line_1_3' title="bbox 398 576 1393 664; baseline 0.005 -26"><span class='ocrx_word' id='word_1_16' title='bbox 398 579 434 638; x_wconf 91' lang='lat' dir='ltr'><strong>oi</strong></span> <span class='ocrx_word' id='word_1_17' title='bbox 463 576 604 658; x_wconf 89' lang='lat' dir='ltr'><strong>palmas</strong></span> <span class='ocrx_word' id='word_1_18' title='bbox 627 587 745 660; x_wconf 89' lang='lat' dir='ltr'><strong>ponto</strong></span> <span class='ocrx_word' id='word_1_19' title='bbox 769 577 930 642; x_wconf 89' lang='lat' dir='ltr'><strong>tendens</strong></span> <span class='ocrx_word' id='word_1_20' title='bbox 954 589 1143 664; x_wconf 90' lang='lat' dir='ltr'><strong>utrasque</strong></span> <span class='ocrx_word' id='word_1_21' title='bbox 1166 580 1393 655; x_wconf 76' lang='lat' dir='ltr'><strong>Cloanthus,</strong></span> 
     </span>
     <span class='ocr_line' id='line_1_4' title="bbox 240 679 405 757; baseline 0 -14"><span class='ocrx_word' id='word_1_22' title='bbox 240 683 269 743; x_wconf 90' lang='lat' dir='ltr'><strong>in</strong></span> <span class='ocrx_word' id='word_1_23' title='bbox 292 679 311 757; x_wconf 88' lang='grc'><strong>1,</strong></span> <span class='ocrx_word' id='word_1_24' title='bbox 335 681 405 743; x_wconf 89' lang='lat' dir='ltr'><strong>item</strong></span> 
     </span>
     <span class='ocr_line' id='line_1_5' title="bbox 310 783 1527 870; baseline 0.006 -23"><span class='ocrx_word' id='word_1_25' title='bbox 310 783 548 867; x_wconf 80' lang='lat' dir='ltr'><strong>Brontesque</strong></span> <span class='ocrx_word' id='word_1_26' title='bbox 572 787 836 868; x_wconf 79' lang='lat' dir='ltr'><strong>Steropesque</strong></span> <span class='ocrx_word' id='word_1_27' title='bbox 859 794 894 848; x_wconf 92' lang='lat' dir='ltr'><strong>et</strong></span> <span class='ocrx_word' id='word_1_28' title='bbox 917 785 1041 850; x_wconf 88' lang='lat' dir='ltr'><strong>nrrdus</strong></span> <span class='ocrx_word' id='word_1_29' title='bbox 1068 787 1233 852; x_wconf 89' lang='lat' dir='ltr'><strong>membra</strong></span> <span class='ocrx_word' id='word_1_30' title='bbox 1262 787 1486 870; x_wconf 86' lang='lat' dir='ltr'><strong>Pyracmon,</strong></span> <span class='ocrx_word' id='word_1_31' title='bbox 1526 865 1527 870; x_wconf 8' lang='grc' dir='ltr'>γ</span> 
     </span>
     <span class='ocr_line' id='line_1_6' title="bbox 238 889 1342 981; baseline 0.005 -31"><span class='ocrx_word' id='word_1_32' title='bbox 238 889 266 950; x_wconf 93' lang='lat' dir='ltr'><strong>iu</strong></span> <span class='ocrx_word' id='word_1_33' title='bbox 289 907 335 960; x_wconf 89' lang='lat' dir='ltr'><strong>m,</strong></span> <span class='ocrx_word' id='word_1_34' title='bbox 366 889 437 951; x_wconf 89' lang='lat' dir='ltr'><strong>item</strong></span> <span class='ocrx_word' id='word_1_35' title='bbox 545 925 548 932; x_wconf 92' lang='lat'>·</span> <span class='ocrx_word' id='word_1_36' title='bbox 582 960 585 966; x_wconf 47' lang='grc'><strong><em>,</em></strong></span> <span class='ocrx_word' id='word_1_37' title='bbox 1292 973 1295 978; x_wconf 26' lang='lat'><em>¹</em></span> <span class='ocrx_word' id='word_1_38' title='bbox 1338 974 1342 981; x_wconf 27' lang='grc' dir='ltr'>Ι</span> 
     </span>
     <span class='ocr_line' id='line_1_7' title="bbox 212 990 1417 1079; baseline 0.01 -30"><span class='ocrx_word' id='word_1_39' title='bbox 212 1009 224 1049; x_wconf 87' lang='grc' dir='ltr'><strong>ι</strong></span> <span class='ocrx_word' id='word_1_40' title='bbox 270 1025 276 1040; x_wconf 87' lang='lat'><strong>·</strong></span> <span class='ocrx_word' id='word_1_41' title='bbox 370 992 501 1055; x_wconf 87' lang='lat' dir='ltr'><strong>nescio</strong></span> <span class='ocrx_word' id='word_1_42' title='bbox 532 997 617 1075; x_wconf 86' lang='lat' dir='ltr'><strong>quis</strong></span> <span class='ocrx_word' id='word_1_43' title='bbox 647 1003 806 1057; x_wconf 89' lang='lat' dir='ltr'><strong>teneros</strong></span> <span class='ocrx_word' id='word_1_44' title='bbox 830 990 962 1056; x_wconf 89' lang='lat' dir='ltr'><strong>oculus</strong></span> <span class='ocrx_word' id='word_1_45' title='bbox 984 993 1074 1056; x_wconf 90' lang='lat' dir='ltr'><strong>mihi</strong></span> <span class='ocrx_word' id='word_1_46' title='bbox 1097 995 1263 1060; x_wconf 83' lang='lat' dir='ltr'><strong>fascinat</strong></span> <span class='ocrx_word' id='word_1_47' title='bbox 1286 1015 1417 1079; x_wconf 83' lang='lat' dir='ltr'><strong>agnos,</strong></span> 
     </span>
     <span class='ocr_line' id='line_1_8' title="bbox 235 1092 1556 1180; baseline 0.008 -25"><span class='ocrx_word' id='word_1_48' title='bbox 235 1095 264 1155; x_wconf 93' lang='lat' dir='ltr'><strong>in</strong></span> <span class='ocrx_word' id='word_1_49' title='bbox 281 1112 310 1156; x_wconf 92' lang='lat' dir='ltr'><strong>n.</strong></span> <span class='ocrx_word' id='word_1_50' title='bbox 341 1092 435 1158; x_wconf 86' lang='lat' dir='ltr'><strong>babes</strong></span> <span class='ocrx_word' id='word_1_51' title='bbox 458 1095 595 1180; x_wconf 82' lang='lat' dir='ltr'><strong>exempla</strong></span> <span class='ocrx_word' id='word_1_52' title='bbox 619 1109 761 1180; x_wconf 88' lang='lat' dir='ltr'><strong>quattuor</strong></span> <span class='ocrx_word' id='word_1_53' title='bbox 785 1095 977 1178; x_wconf 89' lang='lat' dir='ltr'><strong>liquidarum,</strong></span> <span class='ocrx_word' id='word_1_54' title='bbox 1001 1115 1077 1178; x_wconf 88' lang='lat' dir='ltr'><strong>quas</strong></span> <span class='ocrx_word' id='word_1_55' title='bbox 1099 1098 1281 1164; x_wconf 88' lang='lat' dir='ltr'><strong>ametabolas</strong></span> <span class='ocrx_word' id='word_1_56' title='bbox 1303 1101 1441 1164; x_wconf 81' lang='lat' dir='ltr'><strong>diximus.</strong></span> <span class='ocrx_word' id='word_1_57' title='bbox 1488 1121 1556 1165; x_wconf 90' lang='lat' dir='ltr'><strong>nam</strong></span> 
     </span>
     <span class='ocr_line' id='line_1_9' title="bbox 234 1197 1558 1290; baseline 0.009 -31"><span class='ocrx_word' id='word_1_58' title='bbox 234 1205 287 1259; x_wconf 83' lang='lat' dir='ltr'><strong>nul</strong></span> <span class='ocrx_word' id='word_1_59' title='bbox 307 1197 408 1262; x_wconf 79' lang='lat' dir='ltr'><strong>trans</strong></span> <span class='ocrx_word' id='word_1_60' title='bbox 430 1199 556 1282; x_wconf 87' lang='lat' dir='ltr'><strong>syllaba</strong></span> <span class='ocrx_word' id='word_1_61' title='bbox 572 1211 617 1265; x_wconf 86' lang='lat' dir='ltr'><strong>est</strong></span> <span class='ocrx_word' id='word_1_62' title='bbox 639 1201 706 1264; x_wconf 93' lang='lat' dir='ltr'><strong>loco</strong></span> <span class='ocrx_word' id='word_1_63' title='bbox 728 1203 841 1280; x_wconf 71' lang='lat' dir='ltr'><strong>tonnae</strong></span> <span class='ocrx_word' id='word_1_64' title='bbox 862 1205 968 1284; x_wconf 79' lang='lat' dir='ltr'><strong>pesile,</strong></span> <span class='ocrx_word' id='word_1_65' title='bbox 992 1209 1046 1264; x_wconf 77' lang='lat' dir='ltr'><strong>oca</strong></span> <span class='ocrx_word' id='word_1_66' title='bbox 1072 1203 1222 1283; x_wconf 79' lang='lat' dir='ltr'><strong>positione</strong></span> <span class='ocrx_word' id='word_1_67' title='bbox 1250 1203 1339 1286; x_wconf 79' lang='lat' dir='ltr'><strong>longa</strong></span> <span class='ocrx_word' id='word_1_68' title='bbox 1371 1209 1431 1270; x_wconf 85' lang='lat' dir='ltr'><strong>rim</strong></span> <span class='ocrx_word' id='word_1_69' title='bbox 1456 1203 1460 1290; x_wconf 92' lang='grc' dir='ltr'>Ι</span> <span class='ocrx_word' id='word_1_70' title='bbox 1484 1225 1558 1271; x_wconf 88' lang='lat' dir='ltr'><strong>suae</strong></span> 
     </span>
     <span class='ocr_line' id='line_1_10' title="bbox 233 1303 1558 1394; baseline 0.009 -31"><span class='ocrx_word' id='word_1_71' title='bbox 233 1303 423 1384; x_wconf 86' lang='lat' dir='ltr'><strong>proceritatis</strong></span> <span class='ocrx_word' id='word_1_72' title='bbox 460 1303 518 1368; x_wconf 89' lang='lat' dir='ltr'><strong>loci</strong></span> <span class='ocrx_word' id='word_1_73' title='bbox 549 1305 728 1368; x_wconf 90' lang='lat' dir='ltr'><strong>condicione</strong></span> <span class='ocrx_word' id='word_1_74' title='bbox 766 1323 825 1368; x_wconf 94' lang='lat' dir='ltr'><strong>non</strong></span> <span class='ocrx_word' id='word_1_75' title='bbox 855 1305 981 1368; x_wconf 89' lang='lat' dir='ltr'><strong>obtinet.</strong></span> <span class='ocrx_word' id='word_1_76' title='bbox 1012 1322 1084 1386; x_wconf 78' lang='lat' dir='ltr'><strong>ergo</strong></span> <span class='ocrx_word' id='word_1_77' title='bbox 1115 1305 1165 1368; x_wconf 90' lang='lat' dir='ltr'><strong>hic</strong></span> <span class='ocrx_word' id='word_1_78' title='bbox 1192 1324 1248 1387; x_wconf 91' lang='lat' dir='ltr'><strong>pro</strong></span> <span class='ocrx_word' id='word_1_79' title='bbox 1278 1305 1361 1372; x_wconf 88' lang='lat' dir='ltr'><strong>breri</strong></span> <span class='ocrx_word' id='word_1_80' title='bbox 1391 1311 1558 1394; x_wconf 87' lang='lat' dir='ltr'><strong>accipietur</strong></span> 
     </span>
     <span class='ocr_line' id='line_1_11' title="bbox 233 1403 1559 1495; baseline 0.008 -28"><span class='ocrx_word' id='word_1_81' title='bbox 233 1403 299 1486; x_wconf 83' lang='lat' dir='ltr'><strong>lege</strong></span> <span class='ocrx_word' id='word_1_82' title='bbox 321 1410 544 1479; x_wconf 88' lang='lat' dir='ltr'><strong>communium,</strong></span> <span class='ocrx_word' id='word_1_83' title='bbox 574 1426 631 1489; x_wconf 92' lang='lat' dir='ltr'><strong>qua</strong></span> <span class='ocrx_word' id='word_1_84' title='bbox 652 1409 744 1495; x_wconf 35' lang='lat' dir='ltr'><strong>prior,</strong></span> <span class='ocrx_word' id='word_1_85' title='bbox 759 1417 840 1472; x_wconf 89' lang='lat' dir='ltr'><strong>muta</strong></span> <span class='ocrx_word' id='word_1_86' title='bbox 864 1429 895 1482; x_wconf 84' lang='lat' dir='ltr'><strong>c,</strong></span> <span class='ocrx_word' id='word_1_87' title='bbox 922 1426 1053 1492; x_wconf 88' lang='lat' dir='ltr'><strong>sequens</strong></span> <span class='ocrx_word' id='word_1_88' title='bbox 1081 1407 1193 1491; x_wconf 89' lang='lat' dir='ltr'><strong>liquide</strong></span> <span class='ocrx_word' id='word_1_89' title='bbox 1222 1411 1261 1474; x_wconf 91' lang='lat' dir='ltr'><strong>sit</strong></span> <span class='ocrx_word' id='word_1_90' title='bbox 1283 1431 1307 1482; x_wconf 90' lang='lat' dir='ltr'><strong>r,</strong></span> <span class='ocrx_word' id='word_1_91' title='bbox 1337 1414 1378 1476; x_wconf 89' lang='lat' dir='ltr'><strong>ita</strong></span> <span class='ocrx_word' id='word_1_92' title='bbox 1401 1421 1500 1478; x_wconf 86' lang='lat' dir='ltr'><strong>tamen</strong></span> <span class='ocrx_word' id='word_1_93' title='bbox 1526 1423 1559 1478; x_wconf 92' lang='lat' dir='ltr'><strong>ut</strong></span> 
     </span>
     <span class='ocr_line' id='line_1_12' title="bbox 199 1511 1557 1596; baseline 0.01 -25"><span class='ocrx_word' id='word_1_94' title='bbox 199 1519 379 1592; x_wconf 78' lang='lat' dir='ltr'><strong>rouuaeque</strong></span> <span class='ocrx_word' id='word_1_95' title='bbox 420 1521 621 1574; x_wconf 80' lang='lat' dir='ltr'><strong>consonantes</strong></span> <span class='ocrx_word' id='word_1_96' title='bbox 658 1514 687 1574; x_wconf 91' lang='lat' dir='ltr'><strong>in</strong></span> <span class='ocrx_word' id='word_1_97' title='bbox 724 1531 783 1576; x_wconf 88' lang='lat' dir='ltr'><strong>una</strong></span> <span class='ocrx_word' id='word_1_98' title='bbox 820 1511 934 1596; x_wconf 80' lang='lat' dir='ltr'><strong>syllaba</strong></span> <span class='ocrx_word' id='word_1_99' title='bbox 968 1513 1145 1576; x_wconf 89' lang='lat' dir='ltr'><strong>coniunctae</strong></span> <span class='ocrx_word' id='word_1_100' title='bbox 1184 1513 1364 1579; x_wconf 83' lang='lat' dir='ltr'><strong>habeantur.</strong></span> <span class='ocrx_word' id='word_1_101' title='bbox 1422 1536 1491 1582; x_wconf 88' lang='lat' dir='ltr'><strong>nem</strong></span> <span class='ocrx_word' id='word_1_102' title='bbox 1531 1521 1557 1584; x_wconf 89' lang='lat' dir='ltr'><strong>si</strong></span> 
     </span>
     <span class='ocr_line' id='line_1_13' title="bbox 234 1611 1556 1700; baseline 0.01 -27"><span class='ocrx_word' id='word_1_103' title='bbox 234 1611 326 1677; x_wconf 89' lang='lat' dir='ltr'><strong>altera</strong></span> <span class='ocrx_word' id='word_1_104' title='bbox 363 1631 468 1678; x_wconf 89' lang='lat' dir='ltr'><strong>carum</strong></span> <span class='ocrx_word' id='word_1_105' title='bbox 503 1617 533 1678; x_wconf 93' lang='lat' dir='ltr'><strong>io</strong></span> <span class='ocrx_word' id='word_1_106' title='bbox 562 1616 695 1678; x_wconf 90' lang='lat' dir='ltr'><strong>secunda</strong></span> <span class='ocrx_word' id='word_1_107' title='bbox 729 1614 857 1700; x_wconf 86' lang='lat' dir='ltr'><strong>syllaba,</strong></span> <span class='ocrx_word' id='word_1_108' title='bbox 902 1634 1033 1699; x_wconf 90' lang='lat' dir='ltr'><strong>sequens</strong></span> <span class='ocrx_word' id='word_1_109' title='bbox 1074 1619 1104 1679; x_wconf 94' lang='lat' dir='ltr'><strong>in</strong></span> <span class='ocrx_word' id='word_1_110' title='bbox 1145 1619 1231 1680; x_wconf 87' lang='lat' dir='ltr'><strong>tertia</strong></span> <span class='ocrx_word' id='word_1_111' title='bbox 1264 1621 1450 1700; x_wconf 82' lang='lat' dir='ltr'><strong>reperiatur,</strong></span> <span class='ocrx_word' id='word_1_112' title='bbox 1496 1640 1556 1686; x_wconf 92' lang='lat' dir='ltr'><strong>non</strong></span> 
     </span>
     <span class='ocr_line' id='line_1_14' title="bbox 232 1717 1556 1807; baseline 0.008 -27"><span class='ocrx_word' id='word_1_113' title='bbox 232 1718 290 1780; x_wconf 87' lang='lat' dir='ltr'><strong>iam</strong></span> <span class='ocrx_word' id='word_1_114' title='bbox 314 1735 522 1790; x_wconf 87' lang='lat' dir='ltr'><strong>communem.</strong></span> <span class='ocrx_word' id='word_1_115' title='bbox 554 1717 607 1782; x_wconf 91' lang='lat' dir='ltr'><strong>sed</strong></span> <span class='ocrx_word' id='word_1_116' title='bbox 637 1717 757 1800; x_wconf 79' lang='lat' dir='ltr'><strong>longam</strong></span> <span class='ocrx_word' id='word_1_117' title='bbox 780 1719 924 1802; x_wconf 77' lang='lat' dir='ltr'><strong>syllabam</strong></span> <span class='ocrx_word' id='word_1_118' title='bbox 954 1719 1019 1783; x_wconf 92' lang='lat' dir='ltr'><strong>iure</strong></span> <span class='ocrx_word' id='word_1_119' title='bbox 1049 1719 1189 1784; x_wconf 88' lang='lat' dir='ltr'><strong>ciflcient.</strong></span> <span class='ocrx_word' id='word_1_120' title='bbox 1236 1722 1289 1784; x_wconf 90' lang='lat' dir='ltr'><strong>sed</strong></span> <span class='ocrx_word' id='word_1_121' title='bbox 1313 1733 1344 1786; x_wconf 91' lang='lat' dir='ltr'><strong>et</strong></span> <span class='ocrx_word' id='word_1_122' title='bbox 1369 1723 1446 1788; x_wconf 89' lang='lat' dir='ltr'><strong>duae</strong></span> <span class='ocrx_word' id='word_1_123' title='bbox 1467 1723 1556 1807; x_wconf 89' lang='lat' dir='ltr'><strong>liqui·</strong></span> 
     </span>
     <span class='ocr_line' id='line_1_15' title="bbox 233 1821 1555 1906; baseline 0.008 -24"><span class='ocrx_word' id='word_1_124' title='bbox 233 1821 339 1884; x_wconf 88' lang='lat' dir='ltr'><strong>daem</strong></span> <span class='ocrx_word' id='word_1_125' title='bbox 364 1830 392 1885; x_wconf 91' lang='lat' dir='ltr'><strong>et</strong></span> <span class='ocrx_word' id='word_1_126' title='bbox 415 1838 444 1894; x_wconf 89' lang='lat' dir='ltr'><strong>n,</strong></span> <span class='ocrx_word' id='word_1_127' title='bbox 469 1841 545 1903; x_wconf 86' lang='lat' dir='ltr'><strong>quae</strong></span> <span class='ocrx_word' id='word_1_128' title='bbox 568 1822 650 1886; x_wconf 85' lang='lat' dir='ltr'><strong>solae</strong></span> <span class='ocrx_word' id='word_1_129' title='bbox 674 1842 710 1885; x_wconf 86' lang='lat' dir='ltr'><strong>ex</strong></span> <span class='ocrx_word' id='word_1_130' title='bbox 739 1823 787 1886; x_wconf 89' lang='lat' dir='ltr'><strong>his</strong></span> <span class='ocrx_word' id='word_1_131' title='bbox 808 1823 867 1888; x_wconf 88' lang='lat' dir='ltr'><strong>sibi</strong></span> <span class='ocrx_word' id='word_1_132' title='bbox 895 1822 1138 1904; x_wconf 80' lang='lat' dir='ltr'><strong>subiunguntur,</strong></span> <span class='ocrx_word' id='word_1_133' title='bbox 1166 1843 1226 1888; x_wconf 91' lang='lat' dir='ltr'><strong>non</strong></span> <span class='ocrx_word' id='word_1_134' title='bbox 1249 1826 1450 1906; x_wconf 83' lang='lat' dir='ltr'><strong>praecedente</strong></span> <span class='ocrx_word' id='word_1_135' title='bbox 1474 1837 1555 1892; x_wconf 81' lang='lat' dir='ltr'><strong>macta</strong></span> 
     </span>
     <span class='ocr_line' id='line_1_16' title="bbox 142 1923 1555 2010; baseline 0.008 -25"><span class='ocrx_word' id='word_1_136' title='bbox 142 1951 146 1960; x_wconf 88' lang='lat'><strong>·</strong></span> <span class='ocrx_word' id='word_1_137' title='bbox 233 1925 263 1986; x_wconf 92' lang='lat' dir='ltr'><strong>in</strong></span> <span class='ocrx_word' id='word_1_138' title='bbox 291 1942 350 1988; x_wconf 91' lang='lat' dir='ltr'><strong>una</strong></span> <span class='ocrx_word' id='word_1_139' title='bbox 379 1923 492 2008; x_wconf 84' lang='lat' dir='ltr'><strong>syllaba</strong></span> <span class='ocrx_word' id='word_1_140' title='bbox 521 1925 639 2006; x_wconf 83' lang='lat' dir='ltr'><strong>longam</strong></span> <span class='ocrx_word' id='word_1_141' title='bbox 671 1925 815 2008; x_wconf 86' lang='lat' dir='ltr'><strong>syllabam</strong></span> <span class='ocrx_word' id='word_1_142' title='bbox 844 1927 945 1990; x_wconf 91' lang='lat' dir='ltr'><strong>iacere</strong></span> <span class='ocrx_word' id='word_1_143' title='bbox 968 1938 1109 2010; x_wconf 90' lang='lat' dir='ltr'><strong>possunt,</strong></span> <span class='ocrx_word' id='word_1_144' title='bbox 1139 1935 1172 1991; x_wconf 92' lang='lat' dir='ltr'><strong>ut</strong></span> <span class='ocrx_word' id='word_1_145' title='bbox 1200 1929 1391 1995; x_wconf 79' lang='lat' dir='ltr'><strong>‘omnibus</strong></span> <span class='ocrx_word' id='word_1_146' title='bbox 1420 1950 1555 1996; x_wconf 86' lang='lat' dir='ltr'><strong>erran·</strong></span> 
     </span>
     <span class='ocr_line' id='line_1_17' title="bbox 198 2031 1553 2111; baseline 0.011 -26"><span class='ocrx_word' id='word_1_147' title='bbox 198 2037 304 2091; x_wconf 82' lang='lat' dir='ltr'><strong>setam</strong></span> <span class='ocrx_word' id='word_1_148' title='bbox 336 2031 475 2093; x_wconf 87' lang='lat' dir='ltr'><strong>terris’</strong></span> <span class='ocrx_word' id='word_1_149' title='bbox 505 2039 536 2092; x_wconf 89' lang='lat' dir='ltr'><strong>et</strong></span> <span class='ocrx_word' id='word_1_150' title='bbox 563 2033 647 2093; x_wconf 76' lang='lat' dir='ltr'><strong>‘aut</strong></span> <span class='ocrx_word' id='word_1_151' title='bbox 674 2032 988 2111; x_wconf 76' lang='lat' dir='ltr'><strong>Agamemnonius</strong></span> <span class='ocrx_word' id='word_1_152' title='bbox 1016 2033 1206 2096; x_wconf 88' lang='lat' dir='ltr'><strong>scaenls’.</strong></span> <span class='ocrx_word' id='word_1_153' title='bbox 1250 2035 1339 2096; x_wconf 82' lang='lat' dir='ltr'><strong>tortia</strong></span> <span class='ocrx_word' id='word_1_154' title='bbox 1369 2052 1455 2108; x_wconf 82' lang='lat' dir='ltr'><strong>vcro,</strong></span> <span class='ocrx_word' id='word_1_155' title='bbox 1484 2055 1553 2102; x_wconf 87' lang='lat' dir='ltr'><strong>cum</strong></span> 
     </span>
     <span class='ocr_line' id='line_1_18' title="bbox 232 2131 1555 2222; baseline 0.007 -26"><span class='ocrx_word' id='word_1_156' title='bbox 232 2137 262 2196; x_wconf 85' lang='lat' dir='ltr'><strong>in</strong></span> <span class='ocrx_word' id='word_1_157' title='bbox 291 2133 396 2196; x_wconf 87' lang='lat' dir='ltr'><strong>eodem</strong></span> <span class='ocrx_word' id='word_1_158' title='bbox 427 2131 544 2214; x_wconf 76' lang='lat' dir='ltr'><strong>dactylo</strong></span> <span class='ocrx_word' id='word_1_159' title='bbox 572 2135 667 2214; x_wconf 90' lang='lat' dir='ltr'><strong>prima</strong></span> <span class='ocrx_word' id='word_1_160' title='bbox 695 2132 825 2217; x_wconf 86' lang='lat' dir='ltr'><strong>syllaba,</strong></span> <span class='ocrx_word' id='word_1_161' title='bbox 856 2152 934 2216; x_wconf 91' lang='lat' dir='ltr'><strong>quae</strong></span> <span class='ocrx_word' id='word_1_162' title='bbox 960 2153 1083 2218; x_wconf 90' lang='lat' dir='ltr'><strong>semper</strong></span> <span class='ocrx_word' id='word_1_163' title='bbox 1109 2144 1216 2199; x_wconf 91' lang='lat' dir='ltr'><strong>natura</strong></span> <span class='ocrx_word' id='word_1_164' title='bbox 1245 2145 1292 2199; x_wconf 91' lang='lat' dir='ltr'><strong>est</strong></span> <span class='ocrx_word' id='word_1_165' title='bbox 1320 2137 1424 2222; x_wconf 84' lang='lat' dir='ltr'><strong>longe,</strong></span> <span class='ocrx_word' id='word_1_166' title='bbox 1454 2140 1555 2205; x_wconf 87' lang='lat' dir='ltr'><strong>brevls</strong></span> 
     </span>
     <span class='ocr_line' id='line_1_19' title="bbox 231 2236 1553 2318; baseline 0.007 -21"><span class='ocrx_word' id='word_1_167' title='bbox 231 2237 383 2299; x_wconf 86' lang='lat' dir='ltr'><strong>invenitur</strong></span> <span class='ocrx_word' id='word_1_168' title='bbox 407 2236 465 2298; x_wconf 89' lang='lat' dir='ltr'><strong>boc</strong></span> <span class='ocrx_word' id='word_1_169' title='bbox 487 2237 592 2309; x_wconf 92' lang='lat' dir='ltr'><strong>modo,</strong></span> <span class='ocrx_word' id='word_1_170' title='bbox 620 2239 647 2301; x_wconf 87' lang='lat' dir='ltr'><strong>si</strong></span> <span class='ocrx_word' id='word_1_171' title='bbox 669 2246 808 2318; x_wconf 85' lang='lat' dir='ltr'><strong>correpta</strong></span> <span class='ocrx_word' id='word_1_172' title='bbox 832 2239 860 2299; x_wconf 92' lang='lat' dir='ltr'><strong>in</strong></span> <span class='ocrx_word' id='word_1_173' title='bbox 885 2257 919 2300; x_wconf 87' lang='lat' dir='ltr'><strong>ea</strong></span> <span class='ocrx_word' id='word_1_174' title='bbox 948 2236 1057 2303; x_wconf 89' lang='lat' dir='ltr'><strong>vocalis</strong></span> <span class='ocrx_word' id='word_1_175' title='bbox 1078 2239 1195 2304; x_wconf 88' lang='lat' dir='ltr'><strong>desinat</strong></span> <span class='ocrx_word' id='word_1_176' title='bbox 1217 2241 1248 2303; x_wconf 91' lang='lat' dir='ltr'><strong>in</strong></span> <span class='ocrx_word' id='word_1_177' title='bbox 1271 2258 1362 2304; x_wconf 89' lang='lat' dir='ltr'><strong>unam</strong></span> <span class='ocrx_word' id='word_1_178' title='bbox 1384 2237 1553 2306; x_wconf 81' lang='lat' dir='ltr'><strong>consonan-</strong></span> 
     </span>
     <span class='ocr_line' id='line_1_20' title="bbox 231 2339 1553 2426; baseline 0.008 -26"><span class='ocrx_word' id='word_1_179' title='bbox 231 2346 299 2411; x_wconf 85' lang='lat' dir='ltr'><strong>tem,</strong></span> <span class='ocrx_word' id='word_1_180' title='bbox 323 2349 357 2402; x_wconf 89' lang='grc' dir='ltr'><strong>ιιι</strong></span> <span class='ocrx_word' id='word_1_181' title='bbox 380 2339 471 2402; x_wconf 85' lang='lat' dir='ltr'><strong>‘hoc</strong></span> <span class='ocrx_word' id='word_1_182' title='bbox 496 2348 578 2403; x_wconf 89' lang='lat' dir='ltr'><strong>erat</strong></span> <span class='ocrx_word' id='word_1_183' title='bbox 600 2339 693 2404; x_wconf 91' lang='lat' dir='ltr'><strong>alma</strong></span> <span class='ocrx_word' id='word_1_184' title='bbox 717 2343 885 2424; x_wconf 87' lang='lat' dir='ltr'><strong>parens’.</strong></span> <span class='ocrx_word' id='word_1_185' title='bbox 931 2343 989 2406; x_wconf 89' lang='lat' dir='ltr'><strong>erit</strong></span> <span class='ocrx_word' id='word_1_186' title='bbox 1008 2359 1080 2423; x_wconf 83' lang='lat' dir='ltr'><strong>ergo</strong></span> <span class='ocrx_word' id='word_1_187' title='bbox 1096 2346 1267 2408; x_wconf 90' lang='lat' dir='ltr'><strong>communis</strong></span> <span class='ocrx_word' id='word_1_188' title='bbox 1288 2341 1400 2426; x_wconf 88' lang='lat' dir='ltr'><strong>syllaba</strong></span> <span class='ocrx_word' id='word_1_189' title='bbox 1421 2365 1457 2410; x_wconf 90' lang='lat' dir='ltr'><strong>ea</strong></span> <span class='ocrx_word' id='word_1_190' title='bbox 1480 2365 1553 2411; x_wconf 91' lang='lat' dir='ltr'><strong>con·</strong></span> 
     </span>
     <span class='ocr_line' id='line_1_21' title="bbox 231 2442 1552 2531; baseline 0.008 -27"><span class='ocrx_word' id='word_1_191' title='bbox 231 2442 363 2515; x_wconf 90' lang='lat' dir='ltr'><strong>dicione,</strong></span> <span class='ocrx_word' id='word_1_192' title='bbox 393 2461 450 2526; x_wconf 89' lang='lat' dir='ltr'><strong>qua</strong></span> <span class='ocrx_word' id='word_1_193' title='bbox 482 2445 721 2526; x_wconf 77' lang='lat' dir='ltr'><strong>persecutionis</strong></span> <span class='ocrx_word' id='word_1_194' title='bbox 749 2445 871 2508; x_wconf 86' lang='lat' dir='ltr'><strong>liniatur</strong></span> <span class='ocrx_word' id='word_1_195' title='bbox 901 2455 930 2508; x_wconf 87' lang='lat' dir='ltr'><strong>et</strong></span> <span class='ocrx_word' id='word_1_196' title='bbox 952 2463 1084 2528; x_wconf 90' lang='lat' dir='ltr'><strong>sequens</strong></span> <span class='ocrx_word' id='word_1_197' title='bbox 1105 2465 1121 2510; x_wconf 91' lang='lat' dir='ltr'><strong>a</strong></span> <span class='ocrx_word' id='word_1_198' title='bbox 1145 2444 1240 2510; x_wconf 84' lang='lat' dir='ltr'><strong>vocali</strong></span> <span class='ocrx_word' id='word_1_199' title='bbox 1263 2449 1396 2531; x_wconf 84' lang='lat' dir='ltr'><strong>incipiat,</strong></span> <span class='ocrx_word' id='word_1_200' title='bbox 1425 2468 1462 2516; x_wconf 92' lang='lat' dir='ltr'><strong>ne</strong></span> <span class='ocrx_word' id='word_1_201' title='bbox 1485 2450 1552 2515; x_wconf 91' lang='lat' dir='ltr'><strong>loco</strong></span> 
     </span>
     <span class='ocr_line' id='line_1_22' title="bbox 195 2534 1549 2634; baseline 0.007 -25"><span class='ocrx_word' id='word_1_202' title='bbox 195 2555 262 2610; x_wconf 83' lang='lat' dir='ltr'><strong>aret</strong></span> <span class='ocrx_word' id='word_1_203' title='bbox 282 2545 354 2610; x_wconf 87' lang='lat' dir='ltr'><strong>sede</strong></span> <span class='ocrx_word' id='word_1_204' title='bbox 377 2534 682 2630; x_wconf 81' lang='lat' dir='ltr'><strong>daccytt&#39;ntbracnus</strong></span> <span class='ocrx_word' id='word_1_205' title='bbox 710 2550 826 2630; x_wconf 84' lang='lat' dir='ltr'><strong>positus</strong></span> <span class='ocrx_word' id='word_1_206' title='bbox 849 2567 916 2613; x_wconf 86' lang='lat' dir='ltr'><strong>esse</strong></span> <span class='ocrx_word' id='word_1_207' title='bbox 938 2549 1084 2614; x_wconf 83' lang='lat' dir='ltr'><strong>videatur.</strong></span> <span class='ocrx_word' id='word_1_208' title='bbox 1132 2567 1229 2634; x_wconf 90' lang='lat' dir='ltr'><strong>neque</strong></span> <span class='ocrx_word' id='word_1_209' title='bbox 1253 2553 1334 2616; x_wconf 87' lang='lat' dir='ltr'><strong>enim</strong></span> <span class='ocrx_word' id='word_1_210' title='bbox 1357 2553 1407 2616; x_wconf 94' lang='lat' dir='ltr'><strong>blc</strong></span> <span class='ocrx_word' id='word_1_211' title='bbox 1429 2553 1549 2619; x_wconf 85' lang='lat' dir='ltr'><strong>linalern</strong></span> 
     </span>
     <span class='ocr_line' id='line_1_23' title="bbox 231 2649 1550 2736; baseline 0.005 -22"><span class='ocrx_word' id='word_1_212' title='bbox 231 2649 374 2733; x_wconf 85' lang='lat' dir='ltr'><strong>syllabam</strong></span> <span class='ocrx_word' id='word_1_213' title='bbox 398 2661 538 2716; x_wconf 88' lang='lat' dir='ltr'><strong>causatus</strong></span> <span class='ocrx_word' id='word_1_214' title='bbox 560 2653 616 2716; x_wconf 85' lang='lat' dir='ltr'><strong>sis:</strong></span> <span class='ocrx_word' id='word_1_215' title='bbox 640 2669 709 2715; x_wconf 91' lang='lat' dir='ltr'><strong>nam</strong></span> <span class='ocrx_word' id='word_1_216' title='bbox 733 2649 814 2715; x_wconf 92' lang='lat' dir='ltr'><strong>nulla</strong></span> <span class='ocrx_word' id='word_1_217' title='bbox 837 2651 879 2715; x_wconf 89' lang='lat' dir='ltr'><strong>ibi</strong></span> <span class='ocrx_word' id='word_1_218' title='bbox 895 2655 1063 2736; x_wconf 85' lang='lat' dir='ltr'><strong>proceritas</strong></span> <span class='ocrx_word' id='word_1_219' title='bbox 1086 2662 1189 2726; x_wconf 88' lang='lat' dir='ltr'><strong>sonat,</strong></span> <span class='ocrx_word' id='word_1_220' title='bbox 1214 2653 1266 2717; x_wconf 89' lang='lat' dir='ltr'><strong>ubl</strong></span> <span class='ocrx_word' id='word_1_221' title='bbox 1282 2673 1352 2719; x_wconf 84' lang='lat' dir='ltr'><strong>rere</strong></span> <span class='ocrx_word' id='word_1_222' title='bbox 1367 2655 1464 2720; x_wconf 83' lang='lat' dir='ltr'><strong>dualis</strong></span> <span class='ocrx_word' id='word_1_223' title='bbox 1488 2676 1550 2722; x_wconf 91' lang='lat' dir='ltr'><strong>noa</strong></span> 
     </span>
     <span class='ocr_line' id='line_1_24' title="bbox 231 2754 1576 2844; baseline 0.007 -28"><span class='ocrx_word' id='word_1_224' title='bbox 231 2763 288 2826; x_wconf 84' lang='lat' dir='ltr'><strong>est,</strong></span> <span class='ocrx_word' id='word_1_225' title='bbox 312 2754 392 2818; x_wconf 81' lang='lat' dir='ltr'><strong>velut</strong></span> <span class='ocrx_word' id='word_1_226' title='bbox 418 2757 537 2818; x_wconf 89' lang='lat' dir='ltr'><strong>‘arma</strong></span> <span class='ocrx_word' id='word_1_227' title='bbox 561 2758 756 2838; x_wconf 82' lang='lat' dir='ltr'><strong>atrumque</strong></span> <span class='ocrx_word' id='word_1_228' title='bbox 786 2759 907 2820; x_wconf 90' lang='lat' dir='ltr'><strong>cano’.</strong></span> <span class='ocrx_word' id='word_1_229' title='bbox 954 2758 1089 2838; x_wconf 80' lang='lat' dir='ltr'><strong>quamvis</strong></span> <span class='ocrx_word' id='word_1_230' title='bbox 1112 2758 1192 2820; x_wconf 88' lang='lat' dir='ltr'><strong>enlm</strong></span> <span class='ocrx_word' id='word_1_231' title='bbox 1216 2777 1264 2821; x_wconf 91' lang='lat' dir='ltr'><strong>ma</strong></span> <span class='ocrx_word' id='word_1_232' title='bbox 1292 2757 1405 2842; x_wconf 87' lang='lat' dir='ltr'><strong>syllaba</strong></span> <span class='ocrx_word' id='word_1_233' title='bbox 1433 2769 1576 2844; x_wconf 89' lang='lat' dir='ltr'><strong>partem·</strong></span> 
     </span>
     <span class='ocr_line' id='line_1_25' title="bbox 228 2856 1549 2947; baseline 0.008 -27"><span class='ocrx_word' id='word_1_234' title='bbox 228 2859 373 2921; x_wconf 86' lang='lat' dir='ltr'><strong>orationis</strong></span> <span class='ocrx_word' id='word_1_235' title='bbox 390 2856 550 2940; x_wconf 87' lang='lat' dir='ltr'><strong>compleat,</strong></span> <span class='ocrx_word' id='word_1_236' title='bbox 575 2867 685 2931; x_wconf 73' lang='lat' dir='ltr'><strong>umen,</strong></span> <span class='ocrx_word' id='word_1_237' title='bbox 710 2857 722 2942; x_wconf 78' lang='grc' dir='ltr'><strong>ιι</strong></span> <span class='ocrx_word' id='word_1_238' title='bbox 746 2860 814 2940; x_wconf 88' lang='lat' dir='ltr'><strong>qnia</strong></span> <span class='ocrx_word' id='word_1_239' title='bbox 838 2857 905 2922; x_wconf 92' lang='lat' dir='ltr'><strong>loco</strong></span> <span class='ocrx_word' id='word_1_240' title='bbox 927 2857 1034 2941; x_wconf 79' lang='lat' dir='ltr'><strong>longae</strong></span> <span class='ocrx_word' id='word_1_241' title='bbox 1057 2862 1155 2944; x_wconf 87' lang='lat' dir='ltr'><strong>posita</strong></span> <span class='ocrx_word' id='word_1_242' title='bbox 1177 2880 1238 2924; x_wconf 91' lang='lat' dir='ltr'><strong>non</strong></span> <span class='ocrx_word' id='word_1_243' title='bbox 1262 2870 1316 2934; x_wconf 88' lang='lat' dir='ltr'><strong>est,</strong></span> <span class='ocrx_word' id='word_1_244' title='bbox 1341 2863 1398 2927; x_wconf 81' lang='lat' dir='ltr'><strong>dm</strong></span> <span class='ocrx_word' id='word_1_245' title='bbox 1413 2869 1549 2947; x_wconf 90' lang='lat' dir='ltr'><strong>procert-</strong></span> 
     </span>
     <span class='ocr_line' id='line_1_26' title="bbox 229 2962 1550 3050; baseline 0.006 -26"><span class='ocrx_word' id='word_1_246' title='bbox 229 2964 297 3026; x_wconf 89' lang='lat' dir='ltr'><strong>tatis</strong></span> <span class='ocrx_word' id='word_1_247' title='bbox 320 2981 430 3045; x_wconf 87' lang='lat' dir='ltr'><strong>capere</strong></span> <span class='ocrx_word' id='word_1_248' title='bbox 454 2980 515 3025; x_wconf 92' lang='lat' dir='ltr'><strong>non</strong></span> <span class='ocrx_word' id='word_1_249' title='bbox 539 2971 648 3046; x_wconf 89' lang='lat' dir='ltr'><strong>potest.</strong></span> <span class='ocrx_word' id='word_1_250' title='bbox 695 2979 763 3026; x_wconf 85' lang='lat' dir='ltr'><strong>cum</strong></span> <span class='ocrx_word' id='word_1_251' title='bbox 786 2969 886 3025; x_wconf 89' lang='lat' dir='ltr'><strong>autem</strong></span> <span class='ocrx_word' id='word_1_252' title='bbox 910 2962 1010 3027; x_wconf 90' lang='lat' dir='ltr'><strong>locum</strong></span> <span class='ocrx_word' id='word_1_253' title='bbox 1025 2962 1143 3026; x_wconf 89' lang='lat' dir='ltr'><strong>obtinet</strong></span> <span class='ocrx_word' id='word_1_254' title='bbox 1164 2964 1272 3046; x_wconf 78' lang='lat' dir='ltr'><strong>longae</strong></span> <span class='ocrx_word' id='word_1_255' title='bbox 1287 2964 1418 3050; x_wconf 88' lang='lat' dir='ltr'><strong>syllabae</strong></span> <span class='ocrx_word' id='word_1_256' title='bbox 1440 2971 1550 3034; x_wconf 89' lang='lat' dir='ltr'><strong>etllnlt</strong></span> 
     </span>
     <span class='ocr_line' id='line_1_27' title="bbox 192 3067 1549 3151; baseline 0.008 -27"><span class='ocrx_word' id='word_1_257' title='bbox 192 3080 216 3124; x_wconf 80' lang='lat' dir='ltr'><strong>aa</strong></span> <span class='ocrx_word' id='word_1_258' title='bbox 228 3076 342 3146; x_wconf 87' lang='lat' dir='ltr'><strong>partem</strong></span> <span class='ocrx_word' id='word_1_259' title='bbox 366 3067 528 3139; x_wconf 88' lang='lat' dir='ltr'><strong>orationis,</strong></span> <span class='ocrx_word' id='word_1_260' title='bbox 553 3074 625 3129; x_wconf 92' lang='lat' dir='ltr'><strong>tunc</strong></span> <span class='ocrx_word' id='word_1_261' title='bbox 649 3073 693 3129; x_wconf 89' lang='lat' dir='ltr'><strong>est</strong></span> <span class='ocrx_word' id='word_1_262' title='bbox 709 3068 876 3130; x_wconf 86' lang='lat' dir='ltr'><strong>communis</strong></span> <span class='ocrx_word' id='word_1_263' title='bbox 900 3077 929 3131; x_wconf 92' lang='lat' dir='ltr'><strong>et</strong></span> <span class='ocrx_word' id='word_1_264' title='bbox 946 3067 1075 3131; x_wconf 85' lang='lat' dir='ltr'><strong>allicitur</strong></span> <span class='ocrx_word' id='word_1_265' title='bbox 1090 3068 1194 3151; x_wconf 78' lang='lat' dir='ltr'><strong>longa,</strong></span> <span class='ocrx_word' id='word_1_266' title='bbox 1218 3068 1298 3150; x_wconf 90' lang='lat' dir='ltr'><strong>quod</strong></span> <span class='ocrx_word' id='word_1_267' title='bbox 1314 3071 1404 3134; x_wconf 81' lang='lat' dir='ltr'><strong>edam</strong></span> <span class='ocrx_word' id='word_1_268' title='bbox 1419 3071 1549 3137; x_wconf 89' lang='lat' dir='ltr'><strong>naturali</strong></span> 
     </span>
     <span class='ocr_line' id='line_1_28' title="bbox 227 3169 1547 3258; baseline 0.004 -25"><span class='ocrx_word' id='word_1_269' title='bbox 227 3172 344 3233; x_wconf 88' lang='lat' dir='ltr'><strong>ratione</strong></span> <span class='ocrx_word' id='word_1_270' title='bbox 367 3169 517 3232; x_wconf 86' lang='lat' dir='ltr'><strong>dinoscas.</strong></span> <span class='ocrx_word' id='word_1_271' title='bbox 551 3188 619 3232; x_wconf 88' lang='lat' dir='ltr'><strong>nam</strong></span> <span class='ocrx_word' id='word_1_272' title='bbox 644 3188 711 3232; x_wconf 88' lang='lat' dir='ltr'><strong>cum</strong></span> <span class='ocrx_word' id='word_1_273' title='bbox 728 3186 829 3232; x_wconf 84' lang='lat' dir='ltr'><strong>sermo</strong></span> <span class='ocrx_word' id='word_1_274' title='bbox 846 3172 1026 3234; x_wconf 90' lang='lat' dir='ltr'><strong>terminatur</strong></span> <span class='ocrx_word' id='word_1_275' title='bbox 1042 3178 1072 3233; x_wconf 90' lang='lat' dir='ltr'><strong>et</strong></span> <span class='ocrx_word' id='word_1_276' title='bbox 1086 3181 1238 3254; x_wconf 88' lang='lat' dir='ltr'><strong>postrema</strong></span> <span class='ocrx_word' id='word_1_277' title='bbox 1258 3171 1409 3238; x_wconf 89' lang='lat' dir='ltr'><strong>clauditur</strong></span> <span class='ocrx_word' id='word_1_278' title='bbox 1423 3173 1547 3258; x_wconf 85' lang='lat' dir='ltr'><strong>syllaba,</strong></span> 
     </span>
     <span class='ocr_line' id='line_1_29' title="bbox 228 3272 1548 3358; baseline 0.006 -23"><span class='ocrx_word' id='word_1_279' title='bbox 228 3272 262 3335; x_wconf 90' lang='lat' dir='ltr'><strong>ad</strong></span> <span class='ocrx_word' id='word_1_280' title='bbox 286 3274 404 3336; x_wconf 90' lang='lat' dir='ltr'><strong>initium</strong></span> <span class='ocrx_word' id='word_1_281' title='bbox 432 3273 559 3338; x_wconf 87' lang='lat' dir='ltr'><strong>alterius</strong></span> <span class='ocrx_word' id='word_1_282' title='bbox 582 3275 740 3336; x_wconf 88' lang='lat' dir='ltr'><strong>transitum</strong></span> <span class='ocrx_word' id='word_1_283' title='bbox 769 3275 834 3338; x_wconf 87' lang='lat' dir='ltr'><strong>fleri</strong></span> <span class='ocrx_word' id='word_1_284' title='bbox 864 3276 1053 3338; x_wconf 76' lang='lat' dir='ltr'><strong>manifestum</strong></span> <span class='ocrx_word' id='word_1_285' title='bbox 1078 3283 1137 3347; x_wconf 89' lang='lat' dir='ltr'><strong>est,</strong></span> <span class='ocrx_word' id='word_1_286' title='bbox 1166 3275 1245 3358; x_wconf 91' lang='lat' dir='ltr'><strong>quod</strong></span> <span class='ocrx_word' id='word_1_287' title='bbox 1275 3276 1464 3342; x_wconf 83' lang='lat' dir='ltr'><strong>intervallum</strong></span> <span class='ocrx_word' id='word_1_288' title='bbox 1495 3278 1548 3344; x_wconf 89' lang='lat' dir='ltr'><strong>ali·</strong></span> 
     </span>
     <span class='ocr_line' id='line_1_30' title="bbox 229 3377 1546 3461; baseline 0.005 -22"><span class='ocrx_word' id='word_1_289' title='bbox 229 3378 328 3460; x_wconf 91' lang='lat' dir='ltr'><strong>quanti</strong></span> <span class='ocrx_word' id='word_1_290' title='bbox 352 3379 498 3456; x_wconf 86' lang='lat' dir='ltr'><strong>temporis</strong></span> <span class='ocrx_word' id='word_1_291' title='bbox 526 3378 785 3459; x_wconf 86' lang='lat' dir='ltr'><strong>intercapedinem</strong></span> <span class='ocrx_word' id='word_1_292' title='bbox 809 3379 915 3442; x_wconf 88' lang='lat' dir='ltr'><strong>sumit:</strong></span> <span class='ocrx_word' id='word_1_293' title='bbox 944 3381 987 3442; x_wconf 90' lang='lat' dir='ltr'><strong>sic</strong></span> <span class='ocrx_word' id='word_1_294' title='bbox 1014 3377 1146 3461; x_wconf 89' lang='lat' dir='ltr'><strong>syllabae</strong></span> <span class='ocrx_word' id='word_1_295' title='bbox 1175 3377 1319 3444; x_wconf 87' lang='lat' dir='ltr'><strong>naturalis</strong></span> <span class='ocrx_word' id='word_1_296' title='bbox 1344 3380 1472 3446; x_wconf 81' lang='lat' dir='ltr'><strong>brevitas</strong></span> <span class='ocrx_word' id='word_1_297' title='bbox 1495 3383 1546 3448; x_wconf 89' lang='lat' dir='ltr'><strong>ed·</strong></span> 
     </span>
     <span class='ocr_line' id='line_1_31' title="bbox 229 3481 698 3562; baseline 0.006 -20"><span class='ocrx_word' id='word_1_298' title='bbox 229 3481 391 3544; x_wconf 87' lang='lat' dir='ltr'><strong>ditamento</strong></span> <span class='ocrx_word' id='word_1_299' title='bbox 415 3482 558 3562; x_wconf 88' lang='lat' dir='ltr'><strong>temporis</strong></span> <span class='ocrx_word' id='word_1_300' title='bbox 581 3482 698 3545; x_wconf 88' lang='lat' dir='ltr'><strong>crescit.</strong></span> 
     </span>
     <span class='ocr_line' id='line_1_32' title="bbox 191 3583 1546 3671; baseline 0.01 -31"><span class='ocrx_word' id='word_1_301' title='bbox 191 3599 215 3640; x_wconf 84' lang='lat' dir='ltr'><strong>eo</strong></span> <span class='ocrx_word' id='word_1_302' title='bbox 310 3584 391 3646; x_wconf 87' lang='lat' dir='ltr'><strong>ilaec</strong></span> <span class='ocrx_word' id='word_1_303' title='bbox 420 3586 498 3647; x_wconf 89' lang='lat' dir='ltr'><strong>ratic</strong></span> <span class='ocrx_word' id='word_1_304' title='bbox 528 3587 732 3648; x_wconf 91' lang='lat' dir='ltr'><strong>communium</strong></span> <span class='ocrx_word' id='word_1_305' title='bbox 755 3583 939 3667; x_wconf 88' lang='lat' dir='ltr'><strong>syllabarum</strong></span> <span class='ocrx_word' id='word_1_306' title='bbox 968 3605 1035 3650; x_wconf 87' lang='lat' dir='ltr'><strong>curn</strong></span> <span class='ocrx_word' id='word_1_307' title='bbox 1059 3589 1090 3650; x_wconf 91' lang='lat' dir='ltr'><strong>in</strong></span> <span class='ocrx_word' id='word_1_308' title='bbox 1113 3587 1267 3671; x_wconf 90' lang='lat' dir='ltr'><strong>dactylicis</strong></span> <span class='ocrx_word' id='word_1_309' title='bbox 1295 3597 1357 3652; x_wconf 95' lang='lat' dir='ltr'><strong>tum</strong></span> <span class='ocrx_word' id='word_1_310' title='bbox 1381 3591 1411 3652; x_wconf 93' lang='lat' dir='ltr'><strong>in</strong></span> <span class='ocrx_word' id='word_1_311' title='bbox 1436 3595 1546 3656; x_wconf 86' lang='lat' dir='ltr'><strong>ceteris</strong></span> 
     </span>
     <span class='ocr_line' id='line_1_33' title="bbox 229 3685 1544 3774; baseline 0.006 -24"><span class='ocrx_word' id='word_1_312' title='bbox 229 3697 391 3750; x_wconf 88' lang='lat' dir='ltr'><strong>metrorum</strong></span> <span class='ocrx_word' id='word_1_313' title='bbox 422 3685 585 3767; x_wconf 82' lang='lat' dir='ltr'><strong>generibus</strong></span> <span class='ocrx_word' id='word_1_314' title='bbox 620 3688 676 3751; x_wconf 91' lang='lat' dir='ltr'><strong>sub</strong></span> <span class='ocrx_word' id='word_1_315' title='bbox 706 3687 811 3752; x_wconf 89' lang='lat' dir='ltr'><strong>eadem</strong></span> <span class='ocrx_word' id='word_1_316' title='bbox 842 3689 1052 3754; x_wconf 86' lang='lat' dir='ltr'><strong>observatione</strong></span> <span class='ocrx_word' id='word_1_317' title='bbox 1079 3691 1234 3756; x_wconf 87' lang='lat' dir='ltr'><strong>tractanda</strong></span> <span class='ocrx_word' id='word_1_318' title='bbox 1263 3701 1321 3764; x_wconf 88' lang='lat' dir='ltr'><strong>est,</strong></span> <span class='ocrx_word' id='word_1_319' title='bbox 1356 3711 1414 3774; x_wconf 88' lang='lat' dir='ltr'><strong>qua</strong></span> <span class='ocrx_word' id='word_1_320' title='bbox 1445 3705 1544 3757; x_wconf 86' lang='lat' dir='ltr'><strong>tamen</strong></span> 
     </span>
     <span class='ocr_line' id='line_1_34' title="bbox 228 3791 1540 3875; baseline 0.007 -24"><span class='ocrx_word' id='word_1_321' title='bbox 228 3791 415 3871; x_wconf 80' lang='lat' dir='ltr'><strong>frequentius</strong></span> <span class='ocrx_word' id='word_1_322' title='bbox 437 3800 576 3856; x_wconf 87' lang='lat' dir='ltr'><strong>auctores</strong></span> <span class='ocrx_word' id='word_1_323' title='bbox 600 3795 702 3873; x_wconf 80' lang='lat' dir='ltr'><strong>graeci</strong></span> <span class='ocrx_word' id='word_1_324' title='bbox 725 3811 815 3875; x_wconf 87' lang='lat' dir='ltr'><strong>quam</strong></span> <span class='ocrx_word' id='word_1_325' title='bbox 845 3795 942 3856; x_wconf 90' lang='lat' dir='ltr'><strong>nostri</strong></span> <span class='ocrx_word' id='word_1_326' title='bbox 963 3796 1011 3858; x_wconf 92' lang='lat' dir='ltr'><strong>usi</strong></span> <span class='ocrx_word' id='word_1_327' title='bbox 1034 3803 1112 3858; x_wconf 90' lang='lat' dir='ltr'><strong>sunt.</strong></span> <span class='ocrx_word' id='word_1_328' title='bbox 1159 3813 1219 3858; x_wconf 91' lang='lat' dir='ltr'><strong>non</strong></span> <span class='ocrx_word' id='word_1_329' title='bbox 1249 3798 1330 3859; x_wconf 91' lang='lat' dir='ltr'><strong>enim</strong></span> <span class='ocrx_word' id='word_1_330' title='bbox 1361 3799 1463 3861; x_wconf 88' lang='lat' dir='ltr'><strong>vitium</strong></span> <span class='ocrx_word' id='word_1_331' title='bbox 1486 3809 1540 3871; x_wconf 87' lang='lat' dir='ltr'><strong>est,</strong></span> 
     </span>
     <span class='ocr_line' id='line_1_35' title="bbox 228 3895 1541 3978; baseline 0.007 -24"><span class='ocrx_word' id='word_1_332' title='bbox 228 3896 334 3977; x_wconf 91' lang='lat' dir='ltr'><strong>qnippe</strong></span> <span class='ocrx_word' id='word_1_333' title='bbox 358 3913 426 3957; x_wconf 92' lang='lat' dir='ltr'><strong>cnm</strong></span> <span class='ocrx_word' id='word_1_334' title='bbox 451 3895 573 3958; x_wconf 85' lang='lat' dir='ltr'><strong>maximi</strong></span> <span class='ocrx_word' id='word_1_335' title='bbox 596 3903 736 3958; x_wconf 87' lang='lat' dir='ltr'><strong>auctores</strong></span> <span class='ocrx_word' id='word_1_336' title='bbox 764 3895 823 3960; x_wconf 92' lang='lat' dir='ltr'><strong>boc</strong></span> <span class='ocrx_word' id='word_1_337' title='bbox 845 3914 941 3978; x_wconf 80' lang='lat' dir='ltr'><strong>genus</strong></span> <span class='ocrx_word' id='word_1_338' title='bbox 963 3899 1190 3978; x_wconf 88' lang='lat' dir='ltr'><strong>compositionis</strong></span> <span class='ocrx_word' id='word_1_339' title='bbox 1212 3897 1294 3962; x_wconf 82' lang='grc' dir='ltr'>ιιιιιο</span> <span class='ocrx_word' id='word_1_340' title='bbox 1317 3899 1541 3964; x_wconf 86' lang='lat' dir='ltr'><strong>adiectaverint.</strong></span> 
     </span>
     <span class='ocr_line' id='line_1_36' title="bbox 228 3996 1541 4085; baseline 0.006 -27"><span class='ocrx_word' id='word_1_341' title='bbox 228 4016 292 4060; x_wconf 92' lang='lat' dir='ltr'><strong>nam</strong></span> <span class='ocrx_word' id='word_1_342' title='bbox 316 3997 396 4080; x_wconf 90' lang='lat' dir='ltr'><strong>apud</strong></span> <span class='ocrx_word' id='word_1_343' title='bbox 420 3998 585 4062; x_wconf 86' lang='lat' dir='ltr'><strong>Homerum</strong></span> <span class='ocrx_word' id='word_1_344' title='bbox 609 3996 749 4063; x_wconf 89' lang='lat' dir='ltr'><strong>notabilis</strong></span> <span class='ocrx_word' id='word_1_345' title='bbox 771 3997 822 4063; x_wconf 90' lang='lat' dir='ltr'><strong>illa</strong></span> <span class='ocrx_word' id='word_1_346' title='bbox 837 4019 940 4064; x_wconf 82' lang='lat' dir='ltr'><strong>versus</strong></span> <span class='ocrx_word' id='word_1_347' title='bbox 964 4000 1106 4074; x_wconf 90' lang='lat' dir='ltr'><strong>babetur,</strong></span> <span class='ocrx_word' id='word_1_348' title='bbox 1131 4003 1161 4064; x_wconf 93' lang='lat' dir='ltr'><strong>in</strong></span> <span class='ocrx_word' id='word_1_349' title='bbox 1185 4021 1245 4085; x_wconf 92' lang='lat' dir='ltr'><strong>quo</strong></span> <span class='ocrx_word' id='word_1_350' title='bbox 1269 4011 1411 4085; x_wconf 88' lang='lat' dir='ltr'><strong>quattuor</strong></span> <span class='ocrx_word' id='word_1_351' title='bbox 1433 4003 1541 4085; x_wconf 78' lang='lat' dir='ltr'><strong>longae</strong></span> 
     </span>
    </p>
   </div>
   <div class='ocr_carea' id='block_1_2' title="bbox 294 4196 1193 4265">
    <p class='ocr_par' dir='ltr' id='par_1_2' title="bbox 294 4196 1193 4265">
     <span class='ocr_line' id='line_1_37' title="bbox 294 4196 1193 4265; baseline 0.008 -19"><span class='ocrx_word' id='word_1_352' title='bbox 294 4199 325 4247; x_wconf 80' lang='lat' dir='ltr'><strong>te</strong></span> <span class='ocrx_word' id='word_1_353' title='bbox 343 4197 417 4248; x_wconf 84' lang='lat' dir='ltr'><strong>tertia</strong></span> <span class='ocrx_word' id='word_1_354' title='bbox 437 4212 499 4248; x_wconf 84' lang='lat' dir='ltr'><strong>vero</strong></span> <span class='ocrx_word' id='word_1_355' title='bbox 518 4223 551 4234; x_wconf 93' lang='lat'><em>-</em></span> <span class='ocrx_word' id='word_1_356' title='bbox 572 4196 604 4248; x_wconf 88' lang='lat'><strong>18</strong></span> <span class='ocrx_word' id='word_1_357' title='bbox 622 4211 717 4265; x_wconf 85' lang='lat' dir='ltr'><strong>parens</strong></span> <span class='ocrx_word' id='word_1_358' title='bbox 735 4214 763 4263; x_wconf 85' lang='lat' dir='ltr'><strong>p.</strong></span> <span class='ocrx_word' id='word_1_359' title='bbox 782 4200 880 4258; x_wconf 86' lang='grc'><strong><em>22,17.</em></strong></span> <span class='ocrx_word' id='word_1_360' title='bbox 899 4201 941 4258; x_wconf 87' lang='grc'><strong><em>27,</em></strong></span> <span class='ocrx_word' id='word_1_361' title='bbox 954 4202 979 4250; x_wconf 79' lang='lat' dir='ltr'><strong>d.</strong></span> <span class='ocrx_word' id='word_1_362' title='bbox 1000 4200 1043 4259; x_wconf 77' lang='grc'><strong><em>20,</em></strong></span> <span class='ocrx_word' id='word_1_363' title='bbox 1057 4203 1100 4250; x_wconf 88' lang='grc'><strong><em>27.</em></strong></span> <span class='ocrx_word' id='word_1_364' title='bbox 1121 4202 1193 4261; x_wconf 65' lang='lat' dir='ltr'><strong>dm</strong></span> 
     </span>
    </p>
   </div>
   <div class='ocr_carea' id='block_1_3' title="bbox 226 4384 1589 4950">
    <p class='ocr_par' dir='ltr' id='par_1_3' title="bbox 226 4384 1589 4950">
     <span class='ocr_line' id='line_1_38' title="bbox 304 4384 1589 4458; baseline 0.006 -22"><span class='ocrx_word' id='word_1_365' title='bbox 304 4389 317 4436; x_wconf 94' lang='lat'>1</span> <span class='ocrx_word' id='word_1_366' title='bbox 342 4386 368 4436; x_wconf 89' lang='lat' dir='ltr'><strong>ni</strong></span> <span class='ocrx_word' id='word_1_367' title='bbox 388 4385 488 4452; x_wconf 85' lang='lat' dir='ltr'><strong>palmas</strong></span> <span class='ocrx_word' id='word_1_368' title='bbox 527 4387 606 4454; x_wconf 69' lang='lat' dir='ltr'><strong>Ver-p.</strong></span> <span class='ocrx_word' id='word_1_369' title='bbox 627 4387 694 4440; x_wconf 81' lang='lat' dir='ltr'><strong>Aen.</strong></span> <span class='ocrx_word' id='word_1_370' title='bbox 718 4384 747 4436; x_wconf 82' lang='lat' dir='ltr'><em>V</em></span> <span class='ocrx_word' id='word_1_371' title='bbox 760 4387 818 4437; x_wconf 83' lang='grc'><strong><em>233</em></strong></span> <span class='ocrx_word' id='word_1_372' title='bbox 899 4385 1107 4458; x_wconf 84' lang='lat' dir='ltr'><strong>3Brontesque]</strong></span> <span class='ocrx_word' id='word_1_373' title='bbox 1132 4389 1211 4458; x_wconf 79' lang='lat' dir='ltr'><strong>Verp.</strong></span> <span class='ocrx_word' id='word_1_374' title='bbox 1232 4393 1297 4444; x_wconf 81' lang='lat' dir='ltr'><strong>Aea.</strong></span> <span class='ocrx_word' id='word_1_375' title='bbox 1322 4391 1400 4443; x_wconf 87' lang='lat' dir='ltr'><em>VIII</em></span> <span class='ocrx_word' id='word_1_376' title='bbox 1418 4394 1470 4443; x_wconf 77' lang='grc'><strong><em>425</em></strong></span> <span class='ocrx_word' id='word_1_377' title='bbox 1584 4389 1589 4398; x_wconf 80' lang='grc'><em>“</em></span> 
     </span>
     <span class='ocr_line' id='line_1_39' title="bbox 226 4450 1540 4528; baseline 0.005 -22"><span class='ocrx_word' id='word_1_378' title='bbox 226 4450 357 4522; x_wconf 78' lang='lat' dir='ltr'><strong>bnescio]</strong></span> <span class='ocrx_word' id='word_1_379' title='bbox 383 4455 464 4520; x_wconf 78' lang='lat' dir='ltr'><strong>Ver-p.</strong></span> <span class='ocrx_word' id='word_1_380' title='bbox 531 4457 565 4508; x_wconf 91' lang='lat' dir='ltr'><strong>ol.</strong></span> <span class='ocrx_word' id='word_1_381' title='bbox 586 4457 685 4521; x_wconf 80' lang='grc'><strong><em>3,103</em></strong></span> <span class='ocrx_word' id='word_1_382' title='bbox 757 4453 846 4505; x_wconf 87' lang='lat' dir='ltr'><strong>oculos</strong></span> <span class='ocrx_word' id='word_1_383' title='bbox 865 4455 891 4506; x_wconf 89' lang='lat' dir='ltr'><em>B</em></span> <span class='ocrx_word' id='word_1_384' title='bbox 910 4455 1000 4507; x_wconf 87' lang='lat' dir='ltr'><strong>oculos</strong></span> <span class='ocrx_word' id='word_1_385' title='bbox 1019 4457 1043 4508; x_wconf 80' lang='lat' dir='ltr'><em>A</em></span> <span class='ocrx_word' id='word_1_386' title='bbox 1063 4459 1180 4516; x_wconf 76' lang='grc' dir='ltr'>οιιιιιες</span> <span class='ocrx_word' id='word_1_387' title='bbox 1254 4463 1269 4510; x_wconf 89' lang='lat' dir='ltr'><strong>e</strong></span> <span class='ocrx_word' id='word_1_388' title='bbox 1293 4475 1350 4510; x_wconf 89' lang='lat' dir='ltr'><strong>nam</strong></span> <span class='ocrx_word' id='word_1_389' title='bbox 1376 4462 1462 4512; x_wconf 89' lang='lat' dir='ltr'><strong>breuis</strong></span> <span class='ocrx_word' id='word_1_390' title='bbox 1486 4461 1540 4528; x_wconf 90' lang='lat' dir='ltr'><strong>syl-</strong></span> 
     </span>
     <span class='ocr_line' id='line_1_40' title="bbox 226 4522 1538 4595; baseline 0.008 -23"><span class='ocrx_word' id='word_1_391' title='bbox 226 4522 281 4573; x_wconf 85' lang='lat' dir='ltr'><strong>laba</strong></span> <span class='ocrx_word' id='word_1_392' title='bbox 298 4535 337 4575; x_wconf 86' lang='lat' dir='ltr'><strong>est</strong></span> <span class='ocrx_word' id='word_1_393' title='bbox 358 4524 416 4574; x_wconf 88' lang='lat' dir='ltr'><strong>loco</strong></span> <span class='ocrx_word' id='word_1_394' title='bbox 435 4525 523 4592; x_wconf 82' lang='lat' dir='ltr'><strong>posita</strong></span> <span class='ocrx_word' id='word_1_395' title='bbox 541 4523 672 4592; x_wconf 85' lang='lat' dir='ltr'><strong>positione</strong></span> <span class='ocrx_word' id='word_1_396' title='bbox 689 4522 769 4592; x_wconf 82' lang='lat' dir='ltr'><strong>longa</strong></span> <span class='ocrx_word' id='word_1_397' title='bbox 790 4523 881 4582; x_wconf 75' lang='lat' dir='ltr'><strong>AB5</strong></span> <span class='ocrx_word' id='word_1_398' title='bbox 961 4526 978 4578; x_wconf 82' lang='lat'><em>8</em></span> <span class='ocrx_word' id='word_1_399' title='bbox 1002 4527 1157 4586; x_wconf 68' lang='lat' dir='ltr'><strong>obtinenss&#39;</strong></span> <span class='ocrx_word' id='word_1_400' title='bbox 1225 4531 1241 4580; x_wconf 84' lang='lat'>9</span> <span class='ocrx_word' id='word_1_401' title='bbox 1264 4543 1316 4592; x_wconf 85' lang='lat' dir='ltr'><strong>que</strong></span> <span class='ocrx_word' id='word_1_402' title='bbox 1333 4530 1405 4595; x_wconf 88' lang='lat' dir='ltr'><strong>prior</strong></span> <span class='ocrx_word' id='word_1_403' title='bbox 1422 4543 1440 4586; x_wconf 81' lang='grc' dir='ltr'><strong>ς</strong></span> <span class='ocrx_word' id='word_1_404' title='bbox 1461 4545 1538 4594; x_wconf 88' lang='lat' dir='ltr'><strong>quum</strong></span> 
     </span>
     <span class='ocr_line' id='line_1_41' title="bbox 226 4591 1537 4665; baseline 0.007 -23"><span class='ocrx_word' id='word_1_405' title='bbox 226 4595 290 4656; x_wconf 72' lang='lat' dir='ltr'><strong>(qni</strong></span> <span class='ocrx_word' id='word_1_406' title='bbox 308 4595 332 4644; x_wconf 83' lang='lat' dir='ltr'><em>A</em></span> <span class='ocrx_word' id='word_1_407' title='bbox 339 4591 351 4656; x_wconf 77' lang='grc'><strong>1</strong></span> <span class='ocrx_word' id='word_1_408' title='bbox 374 4593 447 4661; x_wconf 87' lang='lat' dir='ltr'><strong>prior</strong></span> <span class='ocrx_word' id='word_1_409' title='bbox 471 4594 496 4644; x_wconf 76' lang='lat' dir='ltr'><em>A</em></span> <span class='ocrx_word' id='word_1_410' title='bbox 511 4593 538 4643; x_wconf 87' lang='grc' dir='ltr'><em>Β</em></span> <span class='ocrx_word' id='word_1_411' title='bbox 560 4609 640 4658; x_wconf 88' lang='lat' dir='ltr'><strong>quum</strong></span> <span class='ocrx_word' id='word_1_412' title='bbox 663 4593 735 4660; x_wconf 90' lang='lat' dir='ltr'><strong>prior</strong></span> <span class='ocrx_word' id='word_1_413' title='bbox 759 4591 924 4658; x_wconf 73' lang='lat' dir='ltr'><strong>Gairfcrdtus</strong></span> <span class='ocrx_word' id='word_1_414' title='bbox 1001 4597 1032 4646; x_wconf 88' lang='grc'><strong>12</strong></span> <span class='ocrx_word' id='word_1_415' title='bbox 1055 4595 1122 4648; x_wconf 89' lang='lat' dir='ltr'><strong>dnae</strong></span> <span class='ocrx_word' id='word_1_416' title='bbox 1131 4634 1241 4650; x_wconf 89' lang='grc'><strong>.......</strong></span> <span class='ocrx_word' id='word_1_417' title='bbox 1251 4596 1366 4661; x_wconf 85' lang='lat' dir='ltr'><strong>liquidae</strong></span> <span class='ocrx_word' id='word_1_418' title='bbox 1387 4601 1479 4665; x_wconf 80' lang='lat' dir='ltr'><strong>paucis</strong></span> <span class='ocrx_word' id='word_1_419' title='bbox 1496 4603 1537 4651; x_wconf 88' lang='lat' dir='ltr'><strong>lit·</strong></span> 
     </span>
     <span class='ocr_line' id='line_1_42' title="bbox 227 4657 1538 4734; baseline 0.006 -22"><span class='ocrx_word' id='word_1_420' title='bbox 227 4663 287 4713; x_wconf 77' lang='lat' dir='ltr'><strong>terir</strong></span> <span class='ocrx_word' id='word_1_421' title='bbox 307 4671 367 4729; x_wconf 76' lang='lat' dir='ltr'><strong>port</strong></span> <span class='ocrx_word' id='word_1_422' title='bbox 389 4663 457 4712; x_wconf 89' lang='lat' dir='ltr'><strong>duae</strong></span> <span class='ocrx_word' id='word_1_423' title='bbox 480 4663 572 4715; x_wconf 83' lang='lat' dir='ltr'><strong>deletis</strong></span> <span class='ocrx_word' id='word_1_424' title='bbox 590 4665 615 4714; x_wconf 84' lang='grc' dir='ltr'><em>Α</em></span> <span class='ocrx_word' id='word_1_425' title='bbox 686 4663 719 4713; x_wconf 82' lang='lat'><strong>14</strong></span> <span class='ocrx_word' id='word_1_426' title='bbox 741 4657 874 4732; x_wconf 88' lang='lat' dir='ltr'><strong>omnibus]</strong></span> <span class='ocrx_word' id='word_1_427' title='bbox 906 4664 987 4730; x_wconf 81' lang='lat' dir='ltr'><strong>Verp.</strong></span> <span class='ocrx_word' id='word_1_428' title='bbox 1005 4665 1109 4718; x_wconf 83' lang='lat' dir='ltr'><strong>Aen.I</strong></span> <span class='ocrx_word' id='word_1_429' title='bbox 1133 4670 1183 4719; x_wconf 76' lang='grc'><strong><em>726</em></strong></span> <span class='ocrx_word' id='word_1_430' title='bbox 1258 4669 1290 4719; x_wconf 84' lang='grc'><strong>15</strong></span> <span class='ocrx_word' id='word_1_431' title='bbox 1308 4678 1353 4718; x_wconf 83' lang='lat' dir='ltr'><strong>aut</strong></span> <span class='ocrx_word' id='word_1_432' title='bbox 1370 4682 1538 4734; x_wconf 78' lang='lat' dir='ltr'><strong>agamemno-</strong></span> 
     </span>
     <span class='ocr_line' id='line_1_43' title="bbox 226 4730 1477 4800; baseline 0.007 -21"><span class='ocrx_word' id='word_1_433' title='bbox 226 4732 280 4781; x_wconf 83' lang='lat' dir='ltr'><strong>nias</strong></span> <span class='ocrx_word' id='word_1_434' title='bbox 299 4735 323 4783; x_wconf 81' lang='lat' dir='ltr'><em>A</em></span> <span class='ocrx_word' id='word_1_435' title='bbox 334 4731 359 4783; x_wconf 83' lang='lat' dir='ltr'><strong>Ii</strong></span> <span class='ocrx_word' id='word_1_436' title='bbox 374 4733 435 4784; x_wconf 85' lang='lat' dir='ltr'><strong>Vat.</strong></span> <span class='ocrx_word' id='word_1_437' title='bbox 453 4743 500 4782; x_wconf 81' lang='lat' dir='ltr'><strong>ant</strong></span> <span class='ocrx_word' id='word_1_438' title='bbox 517 4731 724 4798; x_wconf 82' lang='lat' dir='ltr'><strong>agamemnoniis</strong></span> <span class='ocrx_word' id='word_1_439' title='bbox 743 4730 781 4782; x_wconf 79' lang='lat' dir='ltr'><strong>a*</strong></span> <span class='ocrx_word' id='word_1_440' title='bbox 801 4744 830 4788; x_wconf 83' lang='grc' dir='ltr'><strong>ςι</strong></span> <span class='ocrx_word' id='word_1_441' title='bbox 853 4733 933 4800; x_wconf 80' lang='lat' dir='ltr'><strong>Verp.</strong></span> <span class='ocrx_word' id='word_1_442' title='bbox 946 4736 1015 4786; x_wconf 78' lang='lat' dir='ltr'><strong>Aac.</strong></span> <span class='ocrx_word' id='word_1_443' title='bbox 1026 4733 1097 4787; x_wconf 93' lang='lat' dir='ltr'><em>IIII</em></span> <span class='ocrx_word' id='word_1_444' title='bbox 1115 4738 1166 4787; x_wconf 77' lang='grc'><strong>471</strong></span> <span class='ocrx_word' id='word_1_445' title='bbox 1236 4738 1268 4786; x_wconf 86' lang='grc'><strong>16</strong></span> <span class='ocrx_word' id='word_1_446' title='bbox 1286 4737 1312 4786; x_wconf 92' lang='lat' dir='ltr'><strong>in</strong></span> <span class='ocrx_word' id='word_1_447' title='bbox 1324 4753 1372 4790; x_wconf 81' lang='lat' dir='ltr'><strong>orn.</strong></span> <span class='ocrx_word' id='word_1_448' title='bbox 1385 4739 1410 4788; x_wconf 83' lang='grc' dir='ltr'><em>Α</em></span> <span class='ocrx_word' id='word_1_449' title='bbox 1421 4737 1447 4788; x_wconf 87' lang='grc' dir='ltr'><em>Β</em></span> <span class='ocrx_word' id='word_1_450' title='bbox 1460 4749 1477 4793; x_wconf 84' lang='grc' dir='ltr'><strong><em>ς</em></strong></span> 
     </span>
     <span class='ocr_line' id='line_1_44' title="bbox 226 4799 1535 4877; baseline 0.008 -28"><span class='ocrx_word' id='word_1_451' title='bbox 226 4812 312 4850; x_wconf 86' lang='lat' dir='ltr'><strong>natura</strong></span> <span class='ocrx_word' id='word_1_452' title='bbox 324 4813 363 4852; x_wconf 84' lang='lat' dir='ltr'><strong>est</strong></span> <span class='ocrx_word' id='word_1_453' title='bbox 374 4801 464 4853; x_wconf 78' lang='lat' dir='ltr'><strong>breccis</strong></span> <span class='ocrx_word' id='word_1_454' title='bbox 478 4799 557 4870; x_wconf 75' lang='lat' dir='ltr'><strong>longa</strong></span> <span class='ocrx_word' id='word_1_455' title='bbox 575 4801 706 4852; x_wconf 87' lang='lat' dir='ltr'><strong>inuenitur</strong></span> <span class='ocrx_word' id='word_1_456' title='bbox 723 4799 812 4858; x_wconf 83' lang='grc' dir='ltr'><strong>ΑΒς</strong></span> <span class='ocrx_word' id='word_1_457' title='bbox 864 4804 897 4856; x_wconf 84' lang='grc'><strong>18</strong></span> <span class='ocrx_word' id='word_1_458' title='bbox 915 4803 965 4854; x_wconf 90' lang='lat' dir='ltr'><strong>boc</strong></span> <span class='ocrx_word' id='word_1_459' title='bbox 983 4799 1049 4871; x_wconf 83' lang='lat' dir='ltr'><strong>erat]</strong></span> <span class='ocrx_word' id='word_1_460' title='bbox 1074 4802 1153 4873; x_wconf 79' lang='lat' dir='ltr'><strong>Verp.</strong></span> <span class='ocrx_word' id='word_1_461' title='bbox 1169 4807 1235 4858; x_wconf 83' lang='lat' dir='ltr'><strong>Aen.</strong></span> <span class='ocrx_word' id='word_1_462' title='bbox 1248 4805 1283 4856; x_wconf 95' lang='lat' dir='ltr'><strong>II</strong></span> <span class='ocrx_word' id='word_1_463' title='bbox 1294 4809 1346 4858; x_wconf 69' lang='grc'><strong>661</strong></span> <span class='ocrx_word' id='word_1_464' title='bbox 1398 4807 1431 4856; x_wconf 87' lang='grc'><strong>22</strong></span> <span class='ocrx_word' id='word_1_465' title='bbox 1450 4805 1535 4877; x_wconf 88' lang='lat' dir='ltr'><strong>armo]</strong></span> 
     </span>
     <span class='ocr_line' id='line_1_45' title="bbox 230 4867 1486 4950; baseline 0.009 -33"><span class='ocrx_word' id='word_1_466' title='bbox 230 4867 404 4936; x_wconf 81' lang='lat' dir='ltr'><strong>Verp.Aen.I</strong></span> <span class='ocrx_word' id='word_1_467' title='bbox 418 4875 433 4922; x_wconf 88' lang='grc'><strong><em>2</em></strong></span> <span class='ocrx_word' id='word_1_468' title='bbox 489 4871 606 4935; x_wconf 75' lang='lat' dir='ltr'><strong>qaenam</strong></span> <span class='ocrx_word' id='word_1_469' title='bbox 625 4873 651 4922; x_wconf 81' lang='grc' dir='ltr'><em>Α</em></span> <span class='ocrx_word' id='word_1_470' title='bbox 669 4885 728 4921; x_wconf 88' lang='lat' dir='ltr'><strong>cum</strong></span> <span class='ocrx_word' id='word_1_471' title='bbox 746 4872 813 4921; x_wconf 89' lang='lat' dir='ltr'><strong>enim</strong></span> <span class='ocrx_word' id='word_1_472' title='bbox 833 4871 887 4927; x_wconf 69' lang='lat' dir='ltr'><strong>§B</strong></span> <span class='ocrx_word' id='word_1_473' title='bbox 940 4873 974 4926; x_wconf 84' lang='grc'><strong><em>23</em></strong></span> <span class='ocrx_word' id='word_1_474' title='bbox 992 4875 1134 4941; x_wconf 85' lang='lat' dir='ltr'><strong>proceritas</strong></span> <span class='ocrx_word' id='word_1_475' title='bbox 1151 4874 1178 4926; x_wconf 89' lang='lat' dir='ltr'><em>B</em></span> <span class='ocrx_word' id='word_1_476' title='bbox 1229 4876 1263 4928; x_wconf 83' lang='grc'><strong><em>25</em></strong></span> <span class='ocrx_word' id='word_1_477' title='bbox 1280 4889 1347 4938; x_wconf 88' lang='lat' dir='ltr'><strong>quae</strong></span> <span class='ocrx_word' id='word_1_478' title='bbox 1365 4876 1486 4950; x_wconf 62' lang='lat' dir='ltr'><strong>etinmd</strong></span> 
     </span>
    </p>
   </div>
   <div class='ocr_carea' id='block_1_4' title="bbox 226 4953 1497 5034">
    <p class='ocr_par' dir='ltr' id='par_1_4' title="bbox 226 4953 1497 5034">
     <span class='ocr_line' id='line_1_46' title="bbox 226 4953 1497 5034; baseline 0.009 -21"><span class='ocrx_word' id='word_1_479' title='bbox 226 4963 256 5014; x_wconf 89' lang='grc'><strong><em>27</em></strong></span> <span class='ocrx_word' id='word_1_480' title='bbox 273 4963 477 5034; x_wconf 85' lang='lat' dir='ltr'><strong>quod]qnaeB</strong></span> <span class='ocrx_word' id='word_1_481' title='bbox 547 4967 578 5018; x_wconf 79' lang='lat'><strong>31</strong></span> <span class='ocrx_word' id='word_1_482' title='bbox 598 4963 848 5024; x_wconf 73' lang='lat' dir='ltr'><strong>tractandaBa*s</strong></span> <span class='ocrx_word' id='word_1_483' title='bbox 864 4967 1017 5020; x_wconf 77' lang='lat' dir='ltr'><strong>tracudaA</strong></span> <span class='ocrx_word' id='word_1_484' title='bbox 1037 4979 1141 5020; x_wconf 84' lang='lat' dir='ltr'><strong>tractata</strong></span> <span class='ocrx_word' id='word_1_485' title='bbox 1159 4969 1216 5021; x_wconf 85' lang='lat' dir='ltr'><strong>Vol.</strong></span> <span class='ocrx_word' id='word_1_486' title='bbox 1288 4972 1321 5023; x_wconf 87' lang='grc'><strong>33</strong></span> <span class='ocrx_word' id='word_1_487' title='bbox 1340 4953 1454 5022; x_wconf 67' lang='lat' dir='ltr'><strong>maximni</strong></span> <span class='ocrx_word' id='word_1_488' title='bbox 1472 4973 1497 5024; x_wconf 87' lang='grc' dir='ltr'><em>Α</em></span> 
     </span>
    </p>
   </div>
   <div class='ocr_carea' id='block_1_5' title="bbox 0 0 1956 5556">
    <p class='ocr_par' dir='ltr' id='par_1_5' title="bbox 0 0 1956 5556">
     <span class='ocr_line' id='line_1_47' title="bbox 0 0 1956 5556; baseline 0 5"><span class='ocrx_word' id='word_1_489' title='bbox 0 0 1956 5556; x_wconf 95' lang='lat' dir='ltr'><strong> </strong></span> 
     </span>
    </p>
   </div>
  </div>
 </body>
</html>
