3906 5564
619 297 698 377 tna.
719 326 830 382 namt.
850 327 921 379 Ltn.
940 327 983 378 ιιι
1002 329 1026 391 s,
1045 331 1104 379 r-
1117 330 1147 380 rc
1487 327 1547 393 117

250 421 421 476 praester.
1358 441 1378 482 p.
1395 433 1438 473 roo.
1454 434 1478 472 tn
1493 429 1518 474 c.

529 527 596 579 ortt
618 517 791 596 Epheson
817 516 1022 581 bimarisve
1045 518 1236 592 Corinthi,

226 624 257 678 ot
279 615 419 688 diximus,
444 637 461 679 e
484 627 661 682 tetrametro
685 622 896 703 compositam:
927 622 1037 685 dehinc

355 724 504 785 moenia
528 720 586 786 vel
610 722 756 787 baccho
779 722 927 787 Thebas
950 725 1007 788 vel
1030 724 1206 807 Apolline
1230 726 1410 808 Delphos,

224 834 290 908 post

198 945 211 986 t
569 933 736 1012 insignis
760 940 821 994 aut
843 931 1026 996 Thessala
1050 932 1197 1015 Tempe.

224 1033 322 1115 itaque
349 1036 374 1096 si
405 1035 521 1115 primos
548 1033 625 1098 duos
653 1035 751 1119 epodo
779 1035 871 1117 pedes
900 1035 1026 1108 adicias,
1055 1037 1106 1100 llet
1135 1037 1308 1102 hexameter
1341 1039 1424 1112 talis,
1455 1047 1487 1102 ut
1516 1039 1545 1101 in

224 1137 328 1200 eodem

452 1239 617 1305 laudabunt
639 1241 689 1306 alii
713 1241 825 1308 claram
849 1243 977 1308 lihndon
1003 1251 1054 1306 ant
1076 1244 1248 1326 biitylenen,

450 1349 475 1409 si
498 1347 710 1430 proficisceris,
735 1357 786 1411 aut
808 1348 950 1430 Epheson
975 1347 1134 1410 bimarisve
1158 1347 1294 1412 Corinthi

189 1473 211 1513 n
455 1451 574 1512 moenia
598 1449 643 1512 tel
667 1452 787 1514 Baccho
810 1450 931 1514 'Thebas
954 1450 999 1514 tel
1021 1451 1159 1534 Apolline
1183 1451 1314 1535 Delphos

449 1555 579 1634 aspicies
603 1555 697 1635 magis
722 1557 847 1636 insignis
871 1565 922 1617 aut
943 1554 1087 1618 Thessala
1110 1555 1235 1636 Tempe.

306 1657 389 1744 idem
406 1655 605 1721 Archilochus
629 1657 820 1737 paenultimis
844 1659 930 1722 heroi
953 1657 1121 1721 hexametri
1145 1659 1281 1740 partibus
1298 1657 1413 1722 adiecta
1430 1659 1544 1742 syllaba

222 1761 414 1826 huiusmodi
439 1761 709 1834 versttmindttxit,
739 1765 789 1844 qui
819 1769 916 1825 metro
945 1761 1117 1844 phalaecio,
1147 1763 1176 1825 itl
1204 1772 1249 1825 est
1273 1760 1371 1826 tribus
1394 1763 1545 1826 trochaeis

223 1865 344 1938 ultimis,
367 1863 569 1937 clauderetur,
593 1873 626 1928 ut
649 1875 694 1927 est

188 1991 211 2030 n
480 1976 510 2030 at
533 1969 603 2031 tuba
628 1968 793 2032 terribilem
817 1973 947 2032 sonitum
973 1969 1057 2032 dedit
1079 1989 1148 2033 acre
1172 1987 1293 2033 canoro.

222 2073 337 2137 adiecta
356 2074 434 2134 enim
450 2072 530 2134 inter
551 2071 673 2135 ultimos
695 2071 789 2152 pedes
811 2071 889 2134 ‘sed’
912 2072 1024 2156 syllaba
1042 2073 1092 2136 det
1108 2071 1119 2158 ΙΙ
1137 2077 1219 2137 ‘aere
1235 2074 1288 2136 scd
1306 2079 1441 2144 canoro’,
1465 2073 1543 2156 qrtnd

222 2185 268 2240 est
290 2185 420 2239 metrum
444 2175 646 2258 phalaecium.
693 2178 795 2240 iuncto
820 2179 901 2240 omni
925 2177 976 2240 liet
999 2195 1103 2240 versus
1125 2177 1213 2241 huius
1237 2177 1328 2250 modi,

411 2336 415 2348 ,
439 2287 469 2341 at
491 2279 562 2343 tuba
586 2277 754 2342 terribilem
778 2281 909 2342 sonitum
933 2279 1015 2342 dedit
1038 2301 1109 2344 aere
1133 2280 1185 2344 sed
1209 2299 1336 2344 canoro:

211 2383 301 2466 quod
326 2383 445 2464 quidam
472 2382 682 2447 hexametrum
705 2384 832 2447 heroum
856 2379 1165 2467 περιττοσυλλαβὲς
1188 2385 1339 2447 dixerunt.
1374 2382 1445 2446 huic
1469 2403 1544 2464 quo·

185 2507 279 2572 toque
307 2487 389 2550 idem
418 2485 549 2570 epodnm
565 2485 711 2550 subdidit
737 2491 907 2552 trimetrum
933 2505 1051 2550 versum
1075 2488 1237 2552 iambicum
1261 2486 1483 2558 catalecticum,
1514 2487 1542 2550 ld

221 2601 267 2655 est
295 2591 401 2654 ultima
430 2599 515 2672 parte
545 2591 748 2654 imminutum.
799 2595 887 2656 cuius
916 2590 1088 2674 exemplum
1118 2601 1220 2655 noster
1249 2591 1393 2655 iloratius
1423 2599 1545 2654 secutus

222 2705 268 2759 est
290 2693 339 2758 illa
364 2694 430 2766 ode,
615 2689 624 2700 '
907 2757 912 2776 ,

375 2795 541 2861 solvitur
564 2799 664 2862 acris
687 2798 805 2862 hiems
829 2807 935 2880 grata
960 2801 1039 2861 rice
1064 2801 1163 2862 veris
1186 2809 1222 2862 et
1245 2799 1386 2871 latoni,

223 2902 331 2965 dehinc
354 2902 491 2965 trimeter
514 2900 708 2965 catalecticus
731 2905 794 2966 vice
821 2903 921 2986 epodl,

184 3027 209 3068 ts
492 3005 725 3086 trahuntque
747 3008 873 3070 siccas
897 3007 1090 3071 machinae
1115 3008 1276 3070 carinas.

222 3113 323 3194 itaque
355 3111 379 3171 si
410 3110 561 3190 superiori
591 3129 680 3172 unarn
710 3110 878 3192 dempseris
902 3123 932 3174 ot
954 3112 1091 3175 interiori
1116 3109 1277 3174 tradideris
1301 3109 1461 3192 syllabam,
1493 3111 1543 3173 het

222 3215 271 3277 hic
295 3215 432 3276 trimeter
455 3212 602 3276 iambicus
625 3214 816 3282 acatalectus.
840 3214 892 3277 ille
915 3215 1027 3280 herous
1049 3215 1223 3278 hexameter
1247 3213 1304 3277 hoc
1328 3209 1453 3297 model

490 3316 617 3379 solvitur
640 3319 717 3380 acris
740 3317 837 3381 hiems
859 3329 943 3399 grata
968 3321 1031 3381 tice
1055 3321 1133 3381 veris
1156 3329 1186 3380 et
1208 3320 1267 3389 oni,

493 3419 675 3504 trahuntque
698 3423 794 3484 siccas
818 3421 975 3502 machinae
996 3421 1157 3502 carimdes.

183 3532 331 3608 aoqttanta
361 3535 460 3586 autem
491 3533 520 3585 et
548 3539 637 3603 quam
668 3525 835 3606 proiundac
859 3529 932 3587 artis
954 3527 1077 3588 scientia
1101 3528 1131 3587 itt
1155 3507 1211 3588 ltac
1235 3526 1324 3606 epodi
1348 3524 1543 3588 conclusione

220 3626 425 3692 Archilochus
440 3645 513 3690 usus
527 3629 576 3698 sit,
600 3631 726 3692 interest
746 3629 857 3691 dicere.
904 3649 972 3692 nam
996 3649 1064 3693 curn
1089 3630 1189 3710 magni
1212 3630 1384 3692 aestimaret
1407 3631 1541 3712 priorem

221 3751 355 3802 tersum,
379 3732 464 3794 cuius
487 3733 584 3813 prima
606 3735 704 3814 portio
728 3743 846 3796 constat
870 3753 905 3794 et
930 3734 1022 3796 heroo
1046 3742 1232 3802 tetrametro,
1258 3731 1286 3792 id
1311 3740 1355 3792 est

609 3835 734 3899 solvitur
757 3839 835 3899 acris
860 3838 955 3900 lriems
978 3848 1061 3918 grata
1085 3837 1157 3906 vice,

221 3939 429 3952 w

275 4009 390 4062 lethem
404 4007 574 4060 Archilochus
584 4035 616 4046 -
629 4009 709 4069 tono
722 4021 867 4061 consonant
886 4007 987 4064 Terent.
1001 4009 1093 4066 Maur,
1109 4011 1291 4060 arto-2951.
1302 4011 1459 4075 ρ.112,28.
1473 4013 1541 4060 reta

219 4203 368 4243 tetrametro
392 4192 564 4258 compositam
588 4189 681 4242 dehinc
700 4189 725 4240 B
748 4187 806 4244 Vol.
829 4192 870 4240 cni
894 4201 1026 4240 exametro
1049 4190 1221 4256 compositam
1241 4189 1335 4240 dehinc
1353 4189 1378 4239 A
1402 4189 1443 4240 eni
1462 4188 1542 4240 hexa-

219 4276 303 4313 metro
315 4261 488 4328 compositnm
502 4272 650 4312 tetrametro
670 4259 772 4326 epodon
792 4259 873 4320 addit,
897 4273 942 4310 ant
960 4258 1090 4326 Ephesum
1112 4259 1252 4309 bimarisue
1270 4257 1396 4310 Corinthi.
1414 4257 1508 4310 dehinc
1526 4273 1542 4317 ς

289 4331 413 4394 ditetque
429 4331 452 4380 si
472 4330 571 4396 primus
590 4329 748 4395 dtto.epodo
767 4328 830 4394 (duo
850 4329 934 4396 epodo
960 4327 1031 4392 Vol.)
1055 4329 1135 4394 pedes
1155 4329 1179 4378 A
1198 4327 1256 4378 Vel.
1285 4328 1371 4391 itaque
1395 4328 1417 4378 sl
1443 4330 1540 4394 primus

217 4399 342 4467 duepodo
353 4399 433 4466 pedes
443 4398 470 4450 B
481 4399 569 4462 itaque
578 4397 688 4468 pedessi
700 4398 799 4464 primos
808 4399 875 4450 dnos
886 4397 971 4468 epodo
985 4409 1002 4454 ς
1053 4401 1069 4450 9
1081 4397 1252 4464 proticisceris
1266 4396 1314 4452 §B
1327 4395 1505 4463 proliciseeres
1517 4400 1541 4450 A

273 4471 304 4520 11
318 4467 458 4520 theselnA
514 4472 639 4520 iitmetro
653 4467 805 4536 phallicoet
820 4465 1125 4534 limetruntphallicnm
1141 4467 1306 4528 Gairsordiur
1360 4469 1392 4516 tt
1410 4465 1543 4518 claudere-

219 4577 261 4612 tur
280 4562 305 4614 B
317 4579 334 4614 a
351 4563 442 4620 Verte
458 4541 571 4614 elideret
588 4564 629 4615 A:
646 4562 762 4626 sortasse
780 4561 922 4613 claudetur.
1005 4564 1037 4614 15
1055 4573 1082 4612 at
1100 4557 1172 4630 tubo]
1197 4559 1276 4626 Verp.
1290 4561 1359 4612 Aea.
1377 4559 1474 4612 VIIIl
1488 4564 1541 4614 ⁵03

290 4647 348 4684 tere
366 4645 463 4683 canoro
481 4631 580 4682 adiecta
600 4633 667 4682 enirn
686 4629 796 4695 (adiecta
817 4631 877 4682 nihil
897 4631 935 4696 B)
961 4643 1020 4681 ente
1039 4631 1143 4682 ultimos
1162 4629 1218 4686 ςΒ
1236 4645 1325 4681 aercen
1344 4629 1441 4680 dicetne
1460 4629 1542 4694 (corr.

218 4715 279 4751 aere
295 4701 409 4762 adiecta)
428 4699 450 4758 iti
468 4713 528 4751 unte
546 4701 651 4753 ultimos
670 4701 695 4752 A
720 4711 787 4750 terea
806 4700 906 4751 adiecta
924 4699 946 4750 bl
966 4713 1024 4750 etue
1043 4700 1147 4750 ultimos
1171 4699 1229 4750 Vni.
1306 4701 1338 4750 19
1356 4693 1542 4764 rcapttrooo'i-

219 4767 312 4838 indua
330 4775 370 4823 aci
387 4761 657 4838 πεοιττοσυλλᾰβως
676 4771 786 4822 coniecit
805 4769 971 4836 Gaisforrlt'us
1057 4771 1090 4821 ‘23
1109 4764 1230 4834 solutum]
1257 4767 1325 4820 Hor.
1347 4785 1427 4824 certat,
1446 4769 1465 4819 1
1482 4771 1507 4832 al,
1527 4773 1541 4822 1

290 4839 378 4892 lunoni
398 4838 529 4896 eBVat.
549 4839 674 4890 lenonea
693 4837 826 4890 lnuoncA
897 4841 1022 4893 28atcms
1042 4837 1143 4904 hiemps
1163 4840 1188 4889 A
1259 4839 1328 4888 neris
1347 4851 1371 4888 et
1391 4839 1432 4888 oni
1453 4837 1541 4891 Come·

217 4908 308 4958 rarius
326 4911 396 4960 ueris
416 4907 547 4960 etichoni
570 4911 592 4960 A
609 4907 632 4958 B
650 4923 711 4958 nere
730 4907 818 4958 latroni
838 4919 855 4964 ς
924 4913 958 4962 30
977 4908 1054 4976 epodi
1072 4907 1273 4958 con..clusione
1292 4909 1318 4959 A
