3906 5564
662 335 743 387 aar.
762 333 874 392 essu.
892 334 964 388 ure.
983 335 1024 388 nr
1045 337 1086 400 rs,
1107 327 1166 388 r'-
1179 336 1210 388 re
1533 331 1594 398 125

298 450 320 492 p.
335 438 435 481 casnm
449 435 474 478 r.
1405 445 1427 490 p
1442 436 1488 478 ree.
1501 437 1529 478 ss
1542 435 1567 478 c.

271 526 407 609 longam,
431 545 510 607 quae
533 528 632 590 luerat
655 525 780 610 dactyli,
810 525 1016 608 occupabunt,
1045 535 1077 589 ut
1100 527 1152 589 llat
1173 535 1368 608 anapaestus,
1399 533 1429 586 et
1450 523 1594 605 deinceps

272 631 405 711 reliquae
417 631 498 695 idem
515 632 635 695 lacient.
674 633 704 694 in
721 649 862 712 snprerna
879 640 978 694 autem
996 639 1081 714 parte
1102 649 1216 702 versus,
1240 631 1268 693 id
1288 628 1292 713 l
1310 635 1439 693 estante
1456 628 1593 692 ultimum

272 735 455 818 spondeum,
486 753 545 817 quc
576 735 687 800 herous
710 733 875 806 clauditur,
900 744 931 796 et
956 743 1026 812 post
1052 737 1190 815 quintum
1220 734 1344 818 pedem.
1374 733 1595 814 interponimus

270 838 433 923 dactylum,
464 858 523 920 quo
552 858 606 922 pes
634 839 779 922 septimus
808 845 989 919 anapaestus
1017 837 1163 902 elliciatur
1196 838 1402 920 superfluente
1425 837 1593 917 semipede,
1710 916 1714 922 Ι

247 967 259 1008 s
272 944 364 1009 veluti

469 1046 626 1111 Peliaco
650 1045 835 1126 quotidem
860 1055 1071 1127 prognatae
1094 1046 1239 1109 vertice
1263 1046 1386 1129 pinus:

273 1151 369 1214 adicio
386 1153 483 1216 ramni
500 1153 630 1236 primam
645 1149 788 1232 syllabam
805 1149 925 1231 longam
949 1149 1022 1221 ‘ex’,
1046 1151 1117 1211 item
1133 1159 1203 1213 ante
1226 1148 1363 1213 ultimum
1388 1169 1468 1232 pono
1483 1149 1593 1233 pedem

272 1259 345 1337 ‘per
366 1257 472 1326 lreta’,
496 1256 548 1320 llet
569 1255 652 1327 talis,

441 1380 478 1424 ex
502 1358 623 1424 Peliaco
646 1358 799 1439 quondam
823 1367 988 1441 prognatae
1012 1359 1123 1422 vertice
1147 1376 1202 1440 per
1225 1358 1301 1421 lreta
1326 1358 1424 1440 pinus.

235 1465 343 1530 mitem

218 1581 220 1586 ·
462 1570 522 1631 lam
545 1569 630 1630 ierus
652 1566 829 1648 Hesperiam
853 1565 974 1631 dabitur
997 1569 1194 1650 capricornus
1217 1568 1247 1630 in
1272 1565 1400 1630 undam:

273 1673 363 1752 iunge
387 1671 423 1734 ad
446 1673 564 1735 initium
588 1673 653 1740 ‘et’.
676 1679 746 1734 anta
770 1670 911 1734 ultimum
935 1681 1034 1734 autem
1059 1690 1139 1754 pann
1162 1673 1313 1740 ‘amatus’,
1338 1669 1388 1732 liet

367 1787 396 1840 et
419 1777 478 1838 iam
502 1773 583 1838 lorus
608 1773 784 1855 llespcriam
809 1774 931 1837 dabitur
954 1775 1152 1857 capricornus
1176 1786 1290 1838 amatus
1313 1777 1344 1836 in
1368 1773 1496 1846 undam,

273 1891 305 1943 ut
332 1881 376 1943 sic
404 1881 519 1961 primus
547 1877 700 1960 spondeus
722 1881 774 1951 sit,
804 1880 998 1960 insequentes
1026 1877 1178 1962 anapaesti
1201 1898 1270 1950 sea,
1301 1877 1455 1961 semipede
1479 1876 1594 1940 ultimo.

236 1985 343 2048 saitem
1148 1985 1152 1994 '
1264 1994 1267 2000 ’

333 2145 334 2150 ,
427 2087 545 2150 admota
569 2085 662 2148 labris
685 2084 754 2148 tuba
780 2084 947 2150 terribilem
971 2089 1101 2150 sonitum
1126 2086 1208 2151 dedit
1232 2105 1301 2150 aere
1324 2103 1452 2150 cancro:

272 2187 322 2254 hic
346 2187 533 2271 versus'per
556 2189 754 2252 adiectionem
779 2199 920 2272 qrrattuer
943 2189 1125 2274 syllabarum
1147 2199 1217 2272 poet
1240 2191 1369 2280 primam
1398 2189 1472 2260 ‘ad’,
1501 2193 1593 2252 ‘mota

273 2295 387 2366 labris’,
411 2313 448 2357 ex
472 2295 566 2356 heron
590 2295 799 2376 anapaesticus
822 2294 947 2358 ellectus
970 2304 1025 2362 est.
1071 2304 1264 2358 tetrametrus
1292 2293 1485 2356 catalecticus
1507 2311 1593 2354 scan-

273 2398 353 2463 ditur
375 2417 431 2483 per
454 2397 591 2481 dipodias
614 2409 645 2459 et
667 2399 847 2461 terminatur
870 2418 925 2482 per
947 2399 1133 2482 semipedem
1157 2401 1210 2468 sic,

234 2526 260 2568 ao
423 2502 542 2564 admota
566 2499 661 2564 labris
683 2500 754 2564 tuba
777 2500 944 2565 terribilem
968 2505 1098 2566 sonitum
1123 2501 1206 2566 dedit
1227 2521 1296 2564 aere
1320 2520 1441 2566 canoro.

358 2606 431 2670 ltem
462 2604 519 2668 alia
549 2604 587 2668 de
615 2604 791 2677 laenamctrc
820 2607 886 2668 elus
914 2609 1031 2690 species
1054 2627 1089 2669 ex
1115 2604 1220 2669 eodem
1244 2606 1397 2668 dumtaxat
1427 2623 1531 2674 versu,
1561 2605 1592 2665 iu

273 2729 333 2793 quc
355 2719 477 2792 praeter
500 2709 639 2772 ultimum
662 2703 777 2773 o'mnes¹
792 2709 901 2792 dactyli
925 2709 1018 2794 pedes
1041 2713 1115 2782 sint,
1141 2719 1174 2773 ut

500 2799 538 2876 atv
553 2811 623 2876 iuba
648 2812 815 2876 terribilem
839 2815 971 2877 sonitum
994 2813 1076 2877 dedit
1099 2833 1171 2878 aere
1193 2831 1329 2877 recurvo.
1346 2811 1358 2898 ΙΙ

273 2919 411 3002 arlempta
435 2919 515 2980 euim
540 2917 636 2998 prima
659 2917 764 2979 initiali
788 2927 817 2980 ct
842 2918 927 2981 tertia
950 2919 989 2980 ab
1012 2917 1114 2982 ultima
1139 2913 1250 3001 syllaba
1274 2919 1325 2980 liet

236 3045 261 3086 as
567 3019 638 3083 tuba
662 3019 829 3084 terribilem
853 3024 983 3086 sonitum
1008 3020 1092 3086 dedit
1113 3041 1183 3086 aere
1206 3040 1313 3084 curro:

274 3127 459 3208 percutitur.
485 3134 518 3187 ut
534 3123 631 3198 nieles,
648 3127 818 3207 anapaestis
833 3133 990 3208 quattuor,
1008 3125 1115 3188 ultimo
1132 3105 1258 3188 bacelrio
1280 3142 1296 3187 a
1316 3125 1399 3188 brevi
1415 3125 1590 3206 incipiente.

273 3231 342 3292 ltern

522 3341 568 3396 ast
590 3351 646 3412 ego
669 3335 727 3396 iam
752 3333 873 3396 Bromio
897 3333 1009 3396 thiasos
1032 3331 1193 3397 celebrabo
1215 3341 1331 3403 renato,

274 3457 308 3500 ex
331 3457 391 3520 qrrn
414 3438 622 3518 anapaesticus
645 3435 727 3507 talis,

236 3564 261 3604 en
576 3557 632 3621 ego
655 3541 714 3604 iam
738 3539 860 3603 Bromio
884 3541 996 3603 thiasos
1019 3539 1181 3604 celebrabo
1204 3551 1284 3604 nato.

275 3663 379 3709 rursus
401 3645 610 3726 anapaesticus
632 3646 662 3707 in
686 3643 814 3708 bereum
838 3643 1049 3726 commigrabit
1072 3647 1128 3707 lroc
1152 3645 1257 3717 merlo,

522 3746 577 3812 tibi
600 3751 735 3811 nascitur
758 3766 848 3810 omne
872 3765 977 3828 pecrrs,
1002 3747 1056 3811 tibi
1080 3751 1189 3810 crescit
1213 3748 1342 3811 haedus:

278 3903 481 3916 q*-

340 4000 373 4050 et
394 3999 455 4050 ltern
474 3997 524 4049 alia
544 4023 576 4036 —
597 3997 654 4059 126,
675 3999 706 4050 ld
729 3995 807 4048 lter-ba
834 3997 938 4050 Terent.
957 3998 1045 4050 Maur.
1066 4001 1243 4050 wod-idid
1269 4001 1331 4050 Atii.
1351 3999 1458 4051 Fortun.
1477 4015 1504 4065 p.
1523 4001 1592 4050 2672

273 4084 312 4136 eq.
329 4067 413 4120 Diem.
432 4085 460 4136 p.
477 4071 539 4130 511,
558 4071 634 4120 1-5

342 4295 356 4344 1
375 4291 478 4344 lucrant
495 4291 550 4349 sn
606 4271 636 4344 ¹3
653 4301 716 4360 post
732 4307 782 4346 on.
795 4293 820 4343 A
833 4291 888 4350 ae
961 4295 979 4345 «l
996 4308 1049 4357 quo
1069 4309 1115 4360 pes
1134 4306 1151 4350 ς
1169 4293 1240 4359 qund
1258 4307 1305 4360 pes
1324 4295 1349 4345 A
1368 4293 1414 4358 qui
1432 4307 1479 4360 pes
1498 4292 1524 4343 B

274 4357 422 4429 dPeliaco]
442 4357 534 4414 cetur.
552 4364 595 4422 61,
611 4365 625 4412 1
701 4361 716 4412 7
735 4357 780 4428 ex]
799 4374 825 4412 et
843 4363 868 4414 A
881 4360 937 4419 Βς
1011 4375 1071 4414 ante
1089 4359 1220 4430 ultimum]
1241 4363 1347 4429 longana
1364 4377 1435 4416 corr.
1454 4373 1514 4413 ante
1532 4361 1591 4412 ulti·

274 4443 342 4482 mum
361 4431 386 4482 A
468 4433 499 4482 11
519 4431 639 4499 hesperia
657 4431 683 4482 A
696 4429 751 4487 Βς
829 4430 933 4482 dabitur
950 4431 1005 4488 §B
1024 4431 1117 4484 labitur
1136 4435 1161 4485 A
1241 4434 1310 4483 unda
1329 4433 1353 4482 A
1369 4429 1422 4488 Βς
1505 4433 1537 4482 12
1555 4427 1591 4497 et]

274 4498 454 4554 Metione
472 4499 527 4556 ςΒ
597 4502 630 4553 te
648 4499 742 4550 etiam
760 4497 830 4552 lerna
849 4499 903 4557 aB
924 4502 949 4551 ῑι
967 4499 1037 4551 ierus
1055 4502 1081 4553 A
1152 4501 1273 4569 hesperia
1291 4499 1385 4556 ABs
1455 4501 1593 4556 dabitnrc
1686 4538 1689 4546 .

274 4569 365 4621 labitur
384 4571 409 4620 A
420 4567 446 4620 B
520 4568 591 4620 unda
609 4571 634 4622 A
647 4568 704 4625 Ba
774 4571 806 4620 tt
825 4581 853 4620 ut
870 4565 921 4637 alc]
941 4583 986 4620 ant
1004 4571 1026 4620 si
1045 4569 1135 4628 ABe
1209 4571 1359 4636 anapaestis
1377 4585 1410 4620 ex
1429 4569 1548 4636 emipede
1568 4571 1592 4621 A

334 4637 365 4690 16
384 4639 445 4689 tuba
534 4637 671 4690 terribilem
690 4639 732 4690 A:
750 4639 785 4703 cf.
803 4637 884 4705 Verp.
898 4642 965 4690 Aen.
981 4637 1078 4690 VIIII
1089 4641 1152 4692 503.
1165 4657 1194 4706 p.
1209 4643 1251 4698 75,
1266 4641 1310 4691 32.
1323 4641 1399 4697 dm
1465 4641 1495 4690 tt
1514 4638 1594 4703 sylla-

276 4706 362 4758 barum
377 4708 519 4775 primarum
532 4707 637 4760 adnrota
650 4708 675 4759 A
688 4705 744 4762 Bs
762 4705 920 4772 syllabarum
940 4710 1050 4775 primam
1069 4709 1174 4760 admota
1196 4710 1254 4760 Vct.
1324 4709 1358 4760 23
1376 4719 1403 4758 at
1414 4704 1487 4774 tuba]
1511 4707 1592 4775 Verp.

275 4776 341 4828 Aen.
358 4775 454 4828 Vim
466 4778 578 4842 dobes.
589 4793 616 4842 p.
630 4779 690 4838 122,
704 4778 740 4828 32
793 4778 827 4828 21
845 4776 993 4844 adulempta
1012 4777 1038 4828 B
1090 4779 1122 4827 ab
1140 4794 1188 4830 om.
1201 4779 1225 4828 A
1241 4777 1295 4832 Βς
1347 4779 1381 4828 25
1399 4792 1458 4828 aere
1475 4792 1557 4828 carruc
1576 4791 1593 4834 ς

275 4857 332 4895 aere
349 4860 458 4897 recnruc
478 4845 542 4898 AB
611 4847 645 4900 28
663 4858 752 4897 reunto
771 4857 788 4902 ς
806 4857 866 4896 natu
885 4846 946 4898 AB
1016 4849 1049 4897 32
1068 4843 1126 4915 tibi]
1147 4847 1241 4900 Sereni
1254 4853 1352 4900 aarum
1370 4863 1427 4898 eree
1444 4849 1594 4914 suspicatur

282 4913 474 4980 ll'eraedorfine
490 4925 562 4982 poet.
581 4918 625 4969 lat.
643 4918 702 4968 nain.
721 4931 743 4966 a.
761 4915 796 4966 11
812 4932 840 4982 p.
858 4919 910 4966 291
