3874 5556
816 317 865 366 ns
889 307 1060 370 sinerum

284 415 306 454 p.
320 403 372 446 2102
385 403 411 447 Ρ.

353 507 425 552 ωε
442 491 578 575 dactylus
601 495 743 558 ellloitur:
769 511 837 556 nom
860 492 947 574 longa
973 505 1020 557 est
1043 494 1160 558 reddita
1186 497 1293 578 primo,

366 631 370 642 ·
437 611 467 662 et
490 598 620 662 mediam
646 597 686 661 nil
712 599 769 662 uda
793 599 889 666 iuvit,
914 617 991 680 quae
1014 599 1134 662 subdita
1159 604 1273 663 currit:
1312 589 1316 595 ’
1346 596 1350 604 ’

437 703 481 765 sie
505 715 606 767 monet
629 705 725 766 unde
749 703 864 773 brevis.
889 704 934 764 sio
959 711 987 764 et
1010 721 1201 785 percussa
1227 704 1401 768 tridenti.

437 805 550 889 syllaba
573 809 599 870 sl
622 816 728 870 eontra
751 807 901 887 fortisque
924 815 955 866 et
978 805 1073 868 vivida
1097 806 1196 879 detur,
1275 837 1276 842 1
1376 851 1380 858 -
1470 805 1473 810 ’

436 909 537 972 uude
559 912 666 972 soire
690 917 810 991 potes,
833 927 1018 991 percusso
1042 920 1190 989 spumat
1214 911 1370 992 harena,

372 1026 425 1094 120⁰
439 1011 546 1076 reddet
567 1013 720 1096 spondeos
743 1015 821 1076 iusta
846 1013 963 1075 ratione
986 1011 1107 1074 locatos.
1299 1093 1301 1096 ι

437 1135 495 1180 nee
517 1117 608 1180 modo
631 1118 701 1200 quia
725 1116 818 1179 verbo
841 1117 931 1178 linem
955 1117 1028 1178 lacit
1051 1115 1162 1187 unde,
1188 1125 1292 1198 putato

437 1223 482 1284 sio
505 1221 665 1284 cecidisse:
690 1221 784 1300 magis
807 1237 951 1283 sermono
974 1217 1093 1281 notaltls
1115 1221 1147 1280 in
1172 1237 1232 1282 utto
1305 1217 1310 1272 ἑ

437 1341 608 1404 congruere
631 1335 664 1387 ut
686 1343 789 1386 cassae
812 1327 928 1405 pariter
951 1325 1011 1385 siut
1034 1339 1165 1384 consona
1191 1333 1222 1386 et
1245 1324 1312 1398 uda,

436 1429 493 1512 ‘et
515 1425 633 1490 solem
656 1427 845 1508 geminum
870 1437 905 1488 ut
927 1425 1101 1515 duplices
1130 1445 1168 1488 se
1197 1428 1410 1490 ostendere
1429 1397 1608 1494 ‘Tireltasfi
1660 1501 1661 1504 Ἴ
1721 1479 1734 1486 ..

374 1545 425 1587 uos
441 1541 476 1593 et
500 1521 676 1612 duplices
701 1531 831 1592 mediam
856 1549 917 1593 uou
941 1531 1034 1610 possit
1059 1528 1188 1591 reddere
1212 1529 1340 1612 longam.
1386 1519 1389 1528 ’

438 1635 590 1716 perspicis
614 1632 742 1696 odarum
767 1651 856 1712 quarm
881 1637 925 1696 vis
949 1633 1039 1696 modo
1062 1635 1113 1697 liot
1135 1635 1246 1708 inanis,

439 1737 596 1800 subiectae
619 1740 761 1818 quotiens
785 1746 815 1798 et
838 1739 913 1800 iuris
935 1747 1006 1800 suut
1029 1737 1130 1798 alieni.
1309 1725 1310 1728 ¹

480 1839 546 1904 Hor
569 1851 599 1904 et
621 1841 738 1904 diverse
763 1839 870 1904 melius
894 1843 1011 1904 ratione
1033 1839 1160 1922 patebit.

439 1944 549 2008 vocalis
574 1947 691 2008 mediae
714 1963 783 2006 nam
807 1943 929 2025 quaudo
952 1943 1067 2006 residet
1089 1945 1120 2004 lu
1144 1943 1244 2014 udam,

358 2051 588 2130 mammisque
610 2048 759 2111 accedens
781 2047 911 2111 similem
935 2047 1135 2128 geminaverit
1157 2046 1257 2118 udam,

295 2136 300 2146 ¹
437 2153 591 2234 spondeus
615 2151 714 2233 plenis
738 2150 883 2213 reddetur
905 2149 1093 2232 temporibus
1115 2167 1179 2231 pes,

438 2254 685 2336 ‘attollitque
709 2257 870 2317 animos:
895 2253 1103 2316 Poenorum
1128 2251 1251 2332 qualis
1275 2257 1309 2316 in
1334 2256 1471 2318 orrls’:

438 2357 715 2440 ‘et'l'prrhena
739 2357 875 2440 pedum
899 2347 1317 2446 oiroumdout‘rirroulo
1341 2356 1517 2440 plantls’.

439 2481 495 2528 neo
516 2481 577 2526 nou
601 2461 711 2524 vocalis
735 2465 851 2544 primae
873 2465 900 2525 si
923 2459 1090 2544 quamlibet
1113 2459 1203 2523 udam

374 2581 425 2626 mo
440 2567 609 2637 contiueat,
634 2568 817 2648 veniensque
831 2565 929 2629 oliam
952 2564 1120 2629 subiecerit
1142 2564 1233 2626 udam
1304 2585 1305 2592 ¹

339 2657 346 2666 ’
372 2708 375 2716 ·
439 2671 640 2753 praepositam
664 2667 787 2750 longae,
810 2669 967 2754 spoudeon
990 2669 1144 2731 cernimus
1166 2667 1224 2736 edi,

439 2772 656 2836 ‘Pallenenz
681 2771 779 2835 lruuo
802 2785 838 2836 et
861 2770 1052 2854 Nymphae
1076 2789 1316 2843 veneremur,
1342 2781 1377 2834 et
1400 2776 1511 2852 ipse’.

439 2876 675 2956 ‘Tyrrhenas
697 2877 707 2937 l
732 2885 863 2939 sterne
887 2877 1004 2947 acies,
1029 2883 1114 2956 tege
1136 2891 1228 2954 paee
1253 2874 1437 2938 Latinos’.

439 2983 465 3043 si
487 2982 581 3043 luerit
603 2989 742 3061 correpta
769 2998 916 3062 sequens,
942 2989 971 3042 et
994 2981 1083 3042 tortia
1108 2976 1176 3042 talis

375 3083 593 3164 moiuugeuda
618 3092 679 3155 est,
704 3101 757 3164 pes
780 3086 824 3146 sio
846 3085 977 3164 geminis
999 3085 1033 3146 ut
1055 3083 1190 3164 ‹eloetplus
1214 3081 1290 3153 udis,

439 3187 608 3269 spondeum
633 3187 752 3268 qualem
776 3189 914 3267 genuinae
938 3189 1040 3250 lucere
1064 3188 1190 3268 priores,

346 3361 348 3364 ,
380 3359 385 3364 ,
438 3289 629 3354 ‘Palladia
654 3290 793 3369 gaudet
816 3289 915 3352 silva
940 3291 1082 3353 vivacis
1105 3281 1260 3360 olivae’‚

438 3394 664 3478 ‘Parrhasio
688 3393 830 3456 dictum
854 3393 976 3456 Panos
1000 3393 1043 3455 de
1066 3411 1171 3454 more
1194 3392 1362 3472 Lycaei’.

440 3516 493 3559 cur
518 3507 633 3560 tantum
659 3495 776 3559 valeant
799 3481 892 3568 udae,
918 3497 1007 3560 urodo
1030 3489 1260 3559 reddita'eausa
1285 3506 1347 3559 est:

320 3621 322 3630 ¹
379 3615 576 3664 rmoousoua
599 3603 670 3682 quia
696 3603 738 3663 ris
761 3610 807 3664 est
829 3600 897 3663 illis.
944 3621 1024 3664 nuuc
1048 3601 1144 3663 libera
1169 3619 1299 3683 numque

441 3715 571 3784 utraque
594 3703 755 3784 complexu
779 3705 905 3768 alterius
928 3724 985 3767 neo
1006 3703 1129 3768 subdita
1153 3705 1263 3768 currit:

441 3809 524 3870 inter
546 3807 664 3870 vocales
688 3809 800 3889 positas
824 3825 893 3870 uam
917 3811 1072 3872 cernimus
1094 3806 1208 3870 ambas.

485 3910 635 3984 Quattuor
657 3909 785 3973 uriarum
809 3913 938 3992 primam
963 3920 1161 4000 quartamque
1184 3911 1321 3974 videmus

441 4015 480 4078 ln·
495 4012 625 4096 pedibus
646 4015 744 4075 varias
766 4014 911 4094 ellingere
934 4033 1023 4096 posse
1046 4015 1174 4094 liguras:
1353 4003 1356 4010 ’

378 4133 428 4176 raso
443 4119 500 4181 uda
524 4115 657 4181 secunda
673 4117 734 4179 'sed
757 4115 804 4178 his
827 4127 858 4180 et
879 4120 968 4180 tertia
992 4117 1155 4180 dissimiles
1178 4126 1257 4191 sunt,

356 4327 526 4380 mos-mor
545 4343 567 4378 a.
585 4307 730 4379 eso-roo
843 4335 845 4338 ·

357 4504 423 4554 1204
445 4501 525 4566 Verp.
542 4499 610 4552 Aera.
622 4497 694 4550 IIII
713 4501 764 4549 470
834 4509 863 4550 ut
886 4499 968 4550 solem
986 4499 1116 4565 Micyllus·
1179 4500 1246 4551 1205
1264 4511 1289 4548 rt
1311 4498 1429 4565 duplices
1448 4501 1533 4552 Aldus
1551 4505 1612 4559 inst.

245 4589 254 4598 ⁶
286 4603 392 4654 promtu.
408 4604 437 4652 p.
455 4589 507 4638 281
527 4585 559 4635 Et
578 4581 734 4635 DVPLleem
755 4585 788 4635 Μ
855 4585 1069 4651 pessimarum
1139 4585 1206 4636 1206
1225 4599 1303 4651 quam
1323 4586 1363 4636 uis
1387 4589 1533 4652 squamus
1552 4589 1586 4640 Μ

288 4674 354 4725 1211
378 4672 462 4740 plenis
488 4671 631 4722 Sententia
654 4669 745 4737 plenus
771 4669 803 4721 Μ
871 4671 937 4721 1212
969 4671 1049 4736 Very.
1078 4672 1145 4724 Aen.
1172 4671 1232 4722 IIII
1254 4675 1272 4722 4
1342 4673 1410 4722 1213
1438 4673 1518 4738 Verp.
1546 4677 1613 4724 Aen.

291 4757 368 4810 VIII
386 4764 439 4812 ⁴58
512 4760 578 4810 1217
601 4761 680 4823 Verp.
699 4773 789 4823 peurp.
810 4755 945 4807 1111391
1017 4759 1090 4823 ipsus·
1111 4757 1142 4808 Μ
1212 4761 1278 4810 1218
1301 4759 1381 4825 Ver-p.
1402 4761 1471 4811 fleu.
1489 4761 1547 4810 VII
1563 4765 1615 4811 ild

324 4847 389 4896 tes-2
411 4847 490 4910 Verp.
508 4862 599 4911 peory.
622 4845 653 4894 II
673 4847 721 4896 181
794 4845 860 4894 1223
884 4841 964 4905 Verp.
985 4844 1053 4894 Aera.
1075 4845 1152 4896 VIII
1173 4849 1226 4896 dli
1378 4915 1380 4920 Ι

338 4954 491 5003 onmes-ror
504 4955 587 5012 uren
599 4955 632 4990 vr.
1426 4935 1459 4984 24
