3888 5550
362 324 427 390 472
525 369 528 374 -
658 339 763 388 naon
790 321 986 406 rnor11[o1.
1013 319 1420 403 cnavo11]sacnnoorrs
1450 387 1454 392 ,

362 427 511 478 mmmm

363 518 483 578 ‘sicut
505 514 606 578 lacte
629 512 767 575 lactis’.
815 513 934 596 quidam
959 523 1064 594 putant
1086 511 1145 572 hoc
1168 509 1227 572 lact
1249 509 1361 572 debere
1384 509 1454 571 dici.
1493 509 1555 571 sed
1573 517 1691 570 errant:

363 617 482 680 duabus
505 619 585 679 enlm
611 613 702 678 mutis
725 614 841 680 nullum
865 635 974 678 nomen
1000 615 1156 700 terminari
1179 621 1289 696 potest.
1336 611 1486 693 Vergilius

520 719 574 783 lac
599 720 690 783 mihi
714 739 782 784 non
806 726 959 782 aestate
984 736 1134 788 nornm,
1160 735 1231 780 non
1256 719 1402 797 frigore
1426 715 1536 777 delit.

364 833 395 887 ct
423 823 593 886 declinatur
622 842 750 886 nurnero
778 833 895 886 tantum
924 821 1013 884 modo
1042 819 1198 901 singulari.
1246 839 1314 882 nam
1342 819 1424 902 quod
1448 817 1569 902 Plautus
1601 818 1693 882 lactes

364 928 464 1006 posuit
486 944 599 1008 genere
616 927 781 990 masculino
798 944 925 988 numero
942 924 1066 1008 plurali,
1091 942 1185 986 nona
1209 925 1393 986 nominativo
1417 921 1474 984 loa
1497 921 1542 984 lac
1565 923 1611 985 rel
1634 920 1717 984 loco

309 1027 313 1033 ’
365 1029 458 1100 lacte,
483 1029 535 1093 sed
560 1029 593 1092 hi
616 1028 709 1092 lactes
726 1047 855 1092 numero
872 1031 993 1107 semper
1016 1026 1136 1111 plurali.
1182 1023 1376 1090 sunt'autem
1393 1026 1486 1088 lactes
1509 1035 1611 1108 partes
1626 1045 1694 1088 eor-

365 1135 449 1212 poris
473 1135 504 1194 in
527 1133 677 1194 intestinis
700 1133 931 1212 pinguissimae.
978 1149 1050 1193 sane
1075 1131 1253 1212 pronomina
1276 1132 1398 1210 generis
1422 1131 1520 1191 ononis
1544 1131 1690 1198 inuenies,

355 1237 416 1298 ‘hic
439 1236 513 1297 haec
531 1236 599 1308 hoc,
624 1238 765 1314 genetivo
781 1239 936 1312 sinpulurr'
956 1238 1004 1299 ius
1025 1235 1175 1305 facientia,
1202 1232 1304 1308 huius,
1329 1233 1468 1312 genetiuo
1486 1231 1595 1314 plurali
1612 1252 1690 1302 rum,

366 1337 487 1416 horum,
511 1337 610 1400 dativo
637 1347 668 1400 et
690 1336 820 1401 ablativo
844 1342 879 1406 is,
905 1338 953 1400 his
976 1348 1005 1400 et
1027 1335 1065 1399 ab
1088 1337 1144 1399 his.

454 1439 602 1504 llliltera
634 1439 749 1504 nullum
778 1460 889 1503 nomen
919 1441 1041 1524 repperi
1073 1441 1283 1510 terminatum;
1319 1440 1427 1504 doceat
1457 1438 1689 1503 declinationem
1705 1447 1728 1485 1⁰

366 1545 417 1628 qui
441 1546 598 1608 invenerit.
646 1561 719 1606 sane
741 1546 923 1627 pronomina
946 1545 1070 1624 generis
1091 1546 1192 1606 neutri
1216 1547 1348 1606 inuenies
1372 1547 1514 1620 cenerico
1541 1545 1695 1618 amputari

366 1649 413 1710 ius
428 1648 585 1718 facientia,
611 1645 680 1709 illud
698 1645 795 1718 illius,
820 1647 900 1710 istud
924 1649 1012 1710 istius
1036 1647 1114 1724 (nam
1131 1647 1230 1726 ipsum
1255 1647 1382 1718 dicitur,
1407 1665 1466 1708 non
1489 1645 1594 1728 ipsud:
1620 1647 1692 1707 ller-

334 1807 339 1814 .
366 1749 456 1830 gilius
479 1755 612 1829 ‘atque
635 1752 757 1831 ipsum
782 1769 920 1834 corpus
944 1751 1073 1813 amici’
1098 1757 1129 1811 et
1152 1750 1238 1811 ‘hoc
1261 1751 1387 1828 ipsum
1412 1756 1450 1810 ut
1472 1751 1692 1828 strueret')‚

367 1855 507 1933 genetivo
533 1853 655 1932 plurali
677 1872 761 1926 rum,
794 1853 914 1916 illorum
939 1855 1081 1924 istorum,
1107 1853 1206 1915 dativo
1229 1864 1259 1932 et
1281 1856 1413 1916 coturno
1435 1857 1476 1935 is,
1498 1857 1561 1916 illis
1581 1857 1646 1916 istis
1667 1861 1695 1914 et

367 1956 585 2021 mmws
1065 2042 1068 2046 .
1517 1975 1523 1984 ·
1705 1961 1729 2002 ss

425 2095 429 2100 -
459 2060 483 2122 E
508 2060 606 2124 littera
631 2063 790 2123 terminata
815 2063 939 2124 nomina
962 2065 1085 2142 generis
1109 2061 1267 2125 masculini
1293 2071 1323 2123 et
1346 2061 1483 2123 leminini
1512 2079 1571 2123 non
1594 2061 1694 2123 inreni

366 2162 476 2236 latina,
506 2164 557 2226 sed
587 2181 696 2244 graeca
721 2184 737 2226 e
762 2162 908 2243 producta
939 2166 1112 2238 terminata,
1142 2185 1219 2247 qnae
1255 2173 1304 2227 aut
1327 2181 1434 2244 graeca
1458 2167 1576 2226 ratione
1600 2163 1693 2226 decli·
1718 2168 1725 2175 '

299 2289 302 2296 ·
367 2266 522 2330 nabuntur
551 2265 631 2330 nulla
662 2269 783 2330 ratione
805 2266 976 2339 latinitatis.
1009 2277 1041 2331 ut
1065 2269 1139 2332 haec
1161 2267 1262 2330 Danae
1285 2267 1375 2329 huius
1398 2267 1530 2338 Danaes,
1554 2286 1611 2350 qua
1636 2264 1693 2347 spl-

368 2369 434 2432 laba
451 2368 552 2433 nullus
568 2373 724 2455 genetivus
747 2353 857 2432 latinus
879 2372 1071 2442 terminatur;
1097 2381 1148 2433 aut
1171 2389 1187 2432 e
1210 2372 1243 2432 in
1266 2389 1282 2432 a
1306 2379 1425 2432 mutans
1448 2371 1690 2448 invnomlnatiroj

287 2464 295 2472 ’
368 2471 571 2535 declinabitur
593 2474 711 2536 ratione
728 2475 844 2553 primae
869 2472 1087 2546 declinationis,
1113 2491 1147 2535 ae
1170 2473 1358 2556 diphthongo
1375 2475 1490 2536 taciens
1512 2473 1693 2554 genetivum,
1707 2477 1732 2520 ²⁰

367 2575 467 2639 Danaa
499 2577 633 2647 Danaae.
666 2575 945 2639 Helena-Helenae.
997 2579 1117 2657 generis
1154 2579 1255 2640 neutri
1284 2576 1375 2640 latina
1407 2579 1528 2638 nomina
1557 2579 1693 2658 reperies

369 2697 385 2741 e
409 2679 579 2750 terminata,
604 2679 658 2741 sed
682 2689 837 2761 correpta,
862 2697 941 2761 quae
964 2681 990 2744 is
1008 2681 1148 2743 lactentia
1171 2683 1312 2759 genetivo
1327 2678 1562 2742 decimabuntur
1584 2697 1692 2742 secun·

368 2781 439 2844 duru
463 2784 611 2845 rationem
637 2784 743 2844 tertiae
759 2779 987 2853 declinationis,
1012 2783 1163 2846 venientia
1187 2801 1203 2844 a
1227 2785 1382 2845 communi
1406 2800 1519 2863 genere
1542 2785 1567 2844 is
1590 2785 1692 2846 termi-

369 2895 439 2949 nato
462 2904 531 2949 cum
557 2884 656 2966 aliqua
680 2887 861 2948 consonanti
884 2889 1056 2967 praeposita
1080 2894 1109 2948 et
1132 2889 1249 2955 iuncta,
1280 2885 1338 2946 hoc
1360 2903 1451 2947 suase
1475 2885 1564 2948 huius
1586 2887 1692 2952 suasis.

370 2989 427 3052 hoe
450 2986 563 3051 mouile
588 2987 678 3050 oratus
701 2988 832 3052 monilis.
861 2989 936 3052 'lroc
959 3007 1105 3071 praesepe
1130 2989 1217 3051 liuius
1241 2991 1396 3070 praesepis
1426 2987 1483 3050 hoc
1505 3005 1618 3068 genere
1642 2989 1691 3048 rla·
1707 2994 1731 3034 ²³

283 3131 291 3136 -
370 3093 509 3156 alluatur.
556 3111 624 3154 nam
654 3091 735 3174 quod
759 3091 882 3156 Plautus
905 3093 1014 3156 ‘haec
1037 3111 1243 3174 praesepes
1267 3111 1344 3154 mea
1368 3093 1445 3154 est’
1468 3108 1581 3170 genere
1605 3091 1691 3153 lemi-

369 3199 455 3266 nlno,
485 3196 562 3258 sicut
585 3195 665 3277 apud
691 3195 839 3269 Graecos,
871 3199 1035 3260 auctoritas
1064 3206 1125 3266 est,
1157 3213 1217 3257 noar
1246 3197 1335 3258 ratio.
1381 3193 1433 3258 sed
1457 3212 1510 3275 pes
1533 3197 1692 3258 terminata

133 3349 136 3362 ,
239 3279 240 3282 ¹
325 3301 492 3362 nomina
521 3300 582 3361 sire
615 3309 755 3381 correpta
782 3301 848 3362 sive
877 3300 1024 3382 producta
1054 3308 1105 3363 aul
1134 3303 1174 3362 tis
1198 3299 1308 3362 lacient
1331 3301 1544 3378 genetiroaut
1574 3297 1620 3361 dis
1643 3307 1695 3360 aut

367 3404 425 3484 pis,
450 3411 482 3463 ut
505 3418 634 3482 praepes
650 3406 819 3484 praepetis,
843 3421 897 3484 pes
913 3402 1012 3484 pedis,
1037 3411 1173 3486 satrapes
1189 3404 1326 3482 satrapis.
1373 3419 1441 3464 nam
1458 3401 1551 3483 dapes
1568 3419 1692 3463 numero

189 3543 195 3550 -
288 3559 291 3570 ,
327 3507 330 3514 ’
368 3522 489 3586 semper
512 3502 620 3585 plurali
644 3503 832 3568 declinatur:
858 3505 965 3587 dapem
989 3513 1104 3568 tantum
1128 3507 1218 3569 modo
1242 3505 1301 3584 legi
1325 3521 1452 3567 numero
1475 3505 1630 3585 singulari.
1655 3508 1730 3564 sisa

368 3619 419 3670 out
436 3608 598 3670 multorum
615 3609 771 3671 nominum
788 3608 881 3690 aliqui
899 3629 985 3688 casus
1009 3611 1212 3682 inueniuntur,
1237 3617 1270 3670 ul
1285 3618 1403 3688 sponte,
1428 3607 1513 3669 laires
1528 3605 1599 3670 tabo
1616 3607 1692 3678 talu,

437 3745 516 3798 Prod.
535 3745 628 3796 cathol.
647 3749 671 3805 6,
691 3749 783 3808 25-8,
803 3749 819 3796 9

421 3871 432 3918 1
455 3867 522 3918 sicut
535 3865 598 3916 lacte
611 3865 670 3917 lacti
683 3866 767 3917 simile
782 3885 796 3918 a
809 3869 876 3918 sicut
889 3867 953 3919 lacte
964 3869 1022 3919 loeti
1035 3867 1119 3919 simile
1132 3869 1269 3918 estendere
1283 3867 1364 3918 Pr0di
1374 3883 1401 3932 p.
1418 3871 1440 3930 7,
1454 3871 1485 3918 8:
1498 3868 1585 3920 Plout.
1597 3867 1693 3920 Baead.

367 3969 391 4004 r.
406 3955 438 4003 19
449 3951 479 4004 lt.
493 3952 529 4015 cs.
543 3951 666 4003 liitaadel.
680 3969 769 4018 opusc.
781 3953 899 4018 philolo
916 3952 947 4004 11
957 3971 986 4020 p.
999 3955 1051 4004 570
1061 3969 1119 4020 sqq.
1181 3955 1197 4005 3
1216 3947 1266 4019 lac]
1291 3952 1370 4019 Verp.
1391 3953 1500 4012 ducol.2,
1514 3955 1549 4004 22
1619 3957 1635 4004 5
1654 3951 1694 4003 uel

368 4037 433 4088 haec
451 4037 515 4088 lacte
534 4037 580 4087 sed
601 4037 635 4088 lrii
654 4037 772 4089 lacaesB
824 4040 945 4105 lipertes
965 4039 1068 4090 Probus
1087 4041 1170 4105 partis
1187 4037 1238 4089 aB
1291 4037 1452 4104 Ssingulari
1471 4053 1518 4089 ora.
1537 4038 1563 4089 B
1615 4038 1695 4090 911-

369 4125 421 4175 tivo
441 4122 481 4174 his
501 4135 526 4173 et
543 4123 575 4174 ab
594 4121 635 4172 his
654 4121 768 4174 ublatiuo
780 4124 796 4174 d
809 4124 893 4174 littera
907 4124 932 4175 B
1004 4127 1033 4176 11
1055 4126 1138 4175 neutri
1156 4125 1273 4174 invenies
1286 4125 1406 4189 genetivo
1420 4123 1461 4174 lus
1474 4123 1595 4175 facientia
1607 4141 1622 4175 a
1634 4139 1694 4174 neu·

272 4259 277 4265 ,
369 4205 600 4285 triuslncientiaBx
659 4211 691 4260 13
709 4205 799 4276 atque]
825 4209 1080 4276 Verp.Aea.1486
1132 4207 1194 4277 hoc]
1219 4208 1299 4274 Verp.
1318 4211 1385 4267 Aen,
1404 4208 1440 4260 II
1457 4212 1491 4260 60
1550 4212 1582 4261 14
1601 4208 1694 4276 plurali

369 4311 416 4349 om.
430 4293 463 4351 B.
477 4297 566 4348 oddo
619 4294 708 4345 datiuo
726 4295 758 4344 ab
778 4294 902 4348 illisione
922 4312 935 4346 e
955 4293 1077 4345 litteraB
1144 4296 1173 4346 tt
1193 4311 1206 4344 e
1225 4294 1389 4361 prodnotcB
1441 4295 1694 4347 20declinauirurB

414 4381 612 4448 ascorreprofl
665 4383 699 4432 25
712 4381 761 4430 lroo
771 4382 838 4430 euim
852 4395 947 4445 genera
960 4397 995 4432 ex
1008 4383 1084 4432 editis
1097 4381 1177 4432 Prodi
1186 4381 1403 4446 exemplaribus-a
1461 4383 1494 4432 ¹26
1513 4381 1574 4431 haec
1589 4398 1694 4449 proese-

369 4483 416 4534 pes
431 4467 532 4519 Produc
544 4465 608 4516 lraec
621 4467 758 4532 praesepis
770 4465 806 4518 B.
831 4467 993 4517 scribendum
1009 4475 1049 4517 eal
1061 4472 1105 4516 unt
1118 4477 1177 4516 tram
1191 4467 1262 4530 qrrod
1275 4455 1383 4518 Plautus
1406 4469 1472 4518 dixit
1496 4467 1570 4518 ‘liaeo
1589 4483 1694 4534 praese-

369 4568 416 4620 pee
435 4567 492 4604 mea
511 4549 559 4603 est'
580 4566 674 4617 genere
694 4551 818 4602 feminino
837 4555 936 4604 incerto
955 4553 1044 4604 Plauti
1061 4555 1192 4618 exemplo,
1212 4561 1258 4602 out
1279 4568 1337 4602 nam
1358 4555 1428 4616 quod
1446 4553 1553 4603 Plautus
1573 4569 1636 4606 usus
1656 4567 1695 4605 est

369 4654 463 4704 genere
481 4637 606 4688 feminino
626 4637 689 4688 haec
707 4651 858 4706 praesepes,
877 4645 907 4688 ut
923 4638 1058 4703 reseratur
1080 4639 1117 4689 ad
1133 4653 1232 4689 neruum
1251 4655 1267 4688 α
1287 4639 1404 4690 Clarum
1426 4655 1453 4704 p.
1472 4641 1513 4698 59,
1533 4643 1569 4690 u
1591 4643 1695 4692 eitotron

372 4723 472 4776 Currul.
490 4724 525 4775 11
544 4726 567 4786 1,
587 4727 623 4776 1³
704 4725 736 4775 tt
756 4739 803 4791 pes
819 4726 891 4776 enim
911 4727 1047 4776 terminum
1066 4751 1098 4761 -
1117 4739 1161 4775 aur
1179 4725 1229 4786 dis,
1250 4739 1360 4791 praepes
1379 4724 1519 4792 praepetis,
1538 4739 1585 4792 pes
1606 4727 1694 4793 pedis:

370 4824 430 4860 narn
448 4811 530 4878 dapes
548 4809 652 4862 Probus
721 4813 753 4863 81
774 4812 844 4860 tobes
863 4819 890 4862 et
909 4811 965 4861 tabe
984 4827 1031 4862 ora.
1051 4810 1152 4862 Produc
