3904 5556
372 375 425 426 xu
702 353 704 358 ’
930 371 1134 444 ancarano

330 574 334 584 ·
370 551 414 616 ibi
437 551 574 616 relictam
599 550 759 632 supplerit.
805 561 943 613 ceterum
965 552 996 612 in
1020 551 1079 613 dne
1103 551 1206 632 ope'ris
1233 547 1309 611 nihii
1334 552 1466 626 mutarit,
1498 548 1550 612 sed
1576 549 1697 614 omissis

371 656 407 718 iis
441 674 519 738 quae
561 655 598 717 de
633 656 740 717 metris
774 653 891 715 Horatii
925 655 1039 734 scripta
1080 661 1150 716 suut
1182 673 1211 735 p.
1244 649 1307 714 174
1341 669 1407 733 sqq.
1446 655 1697 716 commentarium

370 760 538 842 Aphthonii
573 759 625 841 qui
659 755 817 820 dicebatur
858 776 926 820 curn
962 759 1176 837 inscriptione,
1218 775 1308 840 quam
1347 756 1461 820 iecerat
1494 757 1695 828 Camerarius,

370 865 520 945 repetivit.

456 967 560 1031 Redeo
584 966 620 1028 ad
643 963 740 1030 libros
763 985 852 1030 manu
877 969 1020 1049 scriptos,
1050 977 1084 1029 ut
1107 984 1165 1047 qua
1190 965 1309 1028 ratione
1332 964 1375 1025 iis·
1398 949 1473 1025 usus
1496 965 1553 1026 sim
1585 961 1693 1026 dicam.

369 1056 407 1133 ex
434 1069 532 1134 tribus
560 1069 648 1132 libris
676 1069 784 1150 igitur,
813 1069 923 1152 quibus
954 1071 1099 1132 Victorini
1127 1077 1222 1132 artem
1252 1069 1417 1131 memoriae
1447 1066 1597 1148 proditam
1628 1085 1694 1128 esse

370 1174 442 1244 dixi,
467 1171 604 1235 Palatino
621 1171 728 1244 codici,
754 1176 785 1236 in
802 1191 860 1255 quo
884 1172 1014 1255 plurima
1032 1173 1121 1255 paulo
1138 1175 1250 1236 rectius
1266 1191 1356 1254 quam
1373 1172 1403 1232 in
1428 1167 1553 1249 reliquis
1576 1168 1694 1232 duobus

369 1278 480 1358 scripta
508 1281 594 1348 sunt,
631 1278 763 1359 primum
794 1275 893 1338 iocum
924 1275 1027 1338 tribui.
1080 1295 1148 1338 curu
1177 1275 1236 1338 hnc
1267 1275 1463 1338 Valentiauus
1493 1273 1599 1336 eadem
1629 1275 1694 1335 iere

369 1388 467 1443 aetate
490 1381 622 1462 scriptus
644 1382 685 1442 ita
709 1383 871 1450 consentit,
903 1389 1018 1442 utnon
1048 1379 1186 1442 rideatur
1215 1378 1347 1443 dubitari
1376 1395 1465 1461 posse
1494 1377 1567 1458 quin
1597 1393 1633 1438 ex
1658 1393 1694 1438 eo

368 1485 445 1565 ipso,
470 1493 629 1566 postquam
653 1484 706 1554 sic,
723 1481 768 1544 fut
790 1501 872 1545 nunc
895 1501 964 1545 eum
995 1481 1157 1556 habemus,
1187 1483 1224 1545 ab
1255 1482 1350 1546 altero
1380 1481 1504 1545 librario
1535 1487 1693 1542 correctus

368 1595 442 1658 erat,
467 1587 638 1670 descriptus
659 1585 724 1649 sit·
757 1605 825 1648 nam
849 1603 909 1647 non
934 1585 1030 1648 solum
1054 1585 1133 1648 iiiios
1156 1589 1306 1670 scriptura
1334 1605 1403 1650 eum
1426 1585 1588 1648 leuissimis
1612 1583 1693 1644 vitiis

366 1697 427 1752 tam
451 1701 592 1753 accurate
615 1707 758 1772 expressa
783 1699 829 1753 est
850 1691 881 1751 in
906 1688 973 1760 hoo,
998 1699 1031 1752 ut
1055 1700 1084 1752 et
1101 1692 1132 1752 in
1157 1689 1372 1770 orthographia
1396 1698 1427 1750 et
1449 1685 1597 1750 raveriis
1620 1705 1693 1749 cort·

355 1776 528 1874 iungendis
544 1791 589 1856 vel
612 1793 789 1875 separandis
806 1792 910 1855 eadem
934 1795 1013 1856 ratio
1029 1803 1205 1856 constanter
1220 1801 1339 1856 servata
1362 1794 1411 1861 sit,
1436 1790 1488 1854 sed
1506 1809 1582 1852 nova
1599 1791 1689 1852 ctiam

366 1905 562 1959 accesserunt
584 1897 666 1967 vitia,
694 1899 726 1959 iu
750 1895 862 1979 quibus
885 1895 1042 1959 librarium
1067 1895 1112 1957 rei
1141 1895 1320 1977 compendia
1345 1897 1532 1976 scripturae,
1563 1912 1691 1975 quorum

366 1997 459 2061 inuita
482 2017 574 2080 saepe
590 2003 742 2081 repetivit,
768 2018 827 2062 non
844 2009 929 2063 recte
953 1998 1137 2062 inteliexisse
1155 2000 1199 2062 uei
1223 2001 1259 2061 iis
1282 2017 1359 2081 quae
1383 2000 1413 2060 in
1431 1996 1566 2060 Palatino
1587 1996 1691 2059 codice

365 2111 503 2166 correcta
538 2111 625 2166 erant
653 2107 684 2166 in
719 2121 855 2166 errorem
887 2104 1045 2167 inductum
1075 2123 1142 2166 esse
1175 2111 1312 2184 apparet.
1366 2103 1535 2166 Parisinnm
1571 2119 1691 2183 quoque

366 2206 503 2269 codicem
533 2225 549 2268 e
577 2207 712 2270 Palatino
743 2207 929 2287 descriptum
960 2225 1027 2270 esse
1055 2207 1211 2270 contendit
1241 2204 1455 2269 ii'iimaunsius
1485 2221 1563 2267 mus.
1594 2203 1688 2266 iihen.

365 2327 392 2370 r.
409 2306 489 2371 xxti
507 2328 535 2392 p.
552 2307 627 2372 401.
667 2320 696 2373 et
719 2313 839 2374 sanein
864 2311 922 2374 hoc
939 2328 1059 2392 quoque
1082 2310 1237 2392 complura
1255 2308 1389 2371 eiusdem
1407 2312 1529 2388 generis
1554 2305 1689 2389 exempla

364 2423 444 2484 sunt,
469 2412 635 2494 inquibus
664 2413 830 2477 nonnulla
858 2417 948 2478 etiam
976 2432 1102 2498 prorsus
1127 2415 1233 2477 codem
1262 2413 1352 2476 modo
1381 2421 1473 2491 atque
1496 2411 1691 2474 Valentianus

364 2517 478 2598 scripta
501 2515 639 2597 praebet.
686 2534 792 2579 rerum
823 2527 924 2582 tamon
954 2536 1052 2600 neque
1080 2528 1139 2579 tam
1169 2525 1309 2578 accurate
1336 2515 1387 2578 hic
1416 2515 1544 2578 Palatini
1573 2514 1690 2579 codicis

363 2622 548 2700 scripturam
576 2621 714 2700 seqnitur
741 2639 829 2702 quam
862 2619 927 2692 ilie,
958 2631 988 2684 ct
1018 2619 1180 2704 quaedam,
1210 2637 1288 2698 quae
1316 2621 1346 2680 in
1376 2638 1412 2681 eo
1442 2627 1584 2698 corrupta
1608 2629 1689 2685 sunt.

364 2731 447 2784 reete
470 2724 581 2804 scripta
605 2725 745 2794 serravit,
769 2724 906 2805 quamvis
923 2744 957 2787 ea
981 2733 1011 2786 et
1034 2742 1161 2786 numero
1178 2741 1272 2805 pauca
1298 2733 1329 2784 et
1351 2738 1464 2801 genere
1489 2724 1596 2802 exigua
1620 2723 1688 2784 sint.

335 2853 338 2859 ·
364 2825 482 2887 aceedit
512 2827 592 2908 quod
623 2829 685 2909 ipsa
715 2831 867 2910 scriptura
897 2828 1026 2890 Parisini
1057 2826 1184 2894 codicis.
1216 2825 1272 2888 nisi
1302 2825 1377 2888 iaiiit
1406 2829 1569 2897 memoria,
1600 2821 1689 2906 panio

364 2929 516 3011 antiquior
539 2929 614 2992 milti
638 2929 710 2993 oiim
735 2949 801 2993 esse
830 2930 998 3002 videbatur,
1026 2949 1114 3012 quam
1143 2928 1281 2991 Palatini.
1329 2947 1421 3010 quaro
1454 2929 1535 2992 huuc
1566 2929 1688 3010 quidem

364 3048 423 3092 non
449 3049 485 3093 cx
508 3029 644 3096 Palatino
667 3035 772 3097 codice
796 3034 997 3116 descriptum,
1026 3034 1079 3096 sed
1108 3042 1270 3114 utrumque
1300 3052 1315 3094 e
1341 3034 1495 3094 communi
1524 3032 1688 3115 archetypo

220 3203 221 3207 ,
311 3220 316 3226 Ι
364 3152 540 3217 expressum
566 3153 632 3199 esse
657 3133 867 3216 existimari*).
938 3198 942 3204 .

432 3323 457 3388 ⁸)
477 3323 639 3390 Quamquam
658 3341 689 3376 ea
712 3341 779 3389 qnae
801 3327 833 3377 de
857 3325 928 3377 libris
953 3341 1033 3377 manu
1055 3327 1160 3393 scriptis
1184 3327 1238 3376 disi
1264 3327 1355 3392 paucis
1380 3327 1507 3394 exemplis
1531 3341 1582 3378 non
1608 3340 1688 3393 posse

312 3443 318 3448 -
362 3411 512 3464 confirmari
530 3413 595 3472 scio,
615 3421 700 3462 temen
720 3425 770 3462 nou
792 3411 868 3472 naalia,
888 3427 955 3476 quae
973 3411 1087 3463 maxime
1105 3411 1155 3461 huc
1174 3412 1312 3480 pertinent,
1331 3412 1487 3473 adscribam,
1507 3412 1646 3475 inquibus
1665 3416 1684 3464 Α

362 3497 515 3560 Palatinum,
537 3495 556 3546 B
575 3496 731 3556 Parisinum‚
751 3497 775 3546 V
789 3497 971 3548 Valentianum
990 3498 1105 3548 codicem
1121 3497 1261 3564 signidem.
1292 3499 1315 3548 in
1329 3497 1486 3550 Valentinus
1506 3499 1585 3563 igitur
1597 3500 1687 3550 codice

361 3597 413 3648 qno
432 3581 510 3634 modo
530 3584 561 3634 iis
581 3583 654 3650 iocis,
675 3583 810 3646 inquibus
830 3583 938 3634 Paintini
954 3585 1082 3652 scriptura
1101 3599 1215 3636 correcta
1233 3597 1295 3648 erat,
1315 3595 1426 3635 erratum
1447 3585 1488 3647 sit,
1507 3583 1548 3634 his
1561 3585 1687 3650 probatur

361 3669 503 3735 exemplis:
533 3684 558 3736 p.
579 3671 620 3733 dd,
641 3671 673 3722 15
690 3671 739 3722 doc
757 3678 837 3722 rnetrn
860 3670 978 3723 homerus
1000 3671 1103 3724 deroam
1121 3677 1230 3722 uirtutes
1249 3677 1289 3721 est
1305 3677 1461 3737 prosecutus
1480 3669 1508 3725 Β.
1532 3671 1581 3721 doc
1605 3677 1686 3724 metro

360 3755 465 3859 mii·
484 3809 593 3858 uirtutes
611 3815 651 3857 est
667 3816 821 3872 prosecutas
840 3809 871 3869 Α,
890 3809 938 3860 ltoc
956 3818 1038 3860 metro
1056 3809 1175 3862 domem
1193 3811 1303 3859 air-intes
1322 3817 1363 3860 est
1378 3815 1532 3874 prosecutas
1550 3805 1653 3875 111158,
1670 3811 1686 3862 8

338 3957 340 3960 ·
361 3936 455 4011 τριάς]
476 3895 554 4000 ΤΡΙΕὸ
573 3945 604 4006 Α,
625 3939 729 3997 'snitu
744 3943 774 4008 Β,
795 3947 862 3998 trica
875 3947 896 3996 V
911 3945 921 4014 1
934 3949 977 4007 86,
990 3949 1024 3998 34
1042 3947 1251 4012 aphrodisiacam
1264 3945 1294 4010 B,
1313 3947 1524 4014 opimatidiacum
1537 3947 1569 4009 Α,
1589 3964 1685 4014 aprocr-

264 4159 277 4164 ..
360 4083 456 4133 sinnam
469 4082 492 4132 V
505 4079 516 4149 11
529 4083 571 4144 99,
587 4083 619 4132 14
637 4081 691 4133 adit
709 4085 827 4149 aeripedis
847 4083 875 4150 B,
896 4083 949 4135 adit
968 4043 1087 4150 azipedis
1107 4088 1139 4144 Α,
1158 4084 1229 4136 adita
1247 4083 1365 4151 adipcdt's
1379 4085 1403 4134 V
1417 4083 1427 4151 ΙΙ
1442 4087 1498 4147 123,
1520 4087 1551 4136 12
1570 4102 1686 4152 anapae-

358 4222 424 4272 stico
441 4237 495 4298 par
512 4220 637 4272 assimile
655 4219 721 4286 meal
743 4223 883 4288 anapaesti
893 4220 1032 4288 cuipariac
1049 4179 1204 4283 enarrenfsi,
1224 4225 1394 4290 anapaestico
1406 4225 1487 4274 sinite
1500 4241 1556 4276 mea
1569 4223 1599 4284 Β,
1619 4241 1685 4276 aaa·

289 4351 292 4358 ’
357 4358 541 4423 paestisimiIe
564 4355 809 4426 meoVss130,28
835 4361 920 4411 ionica
944 4368 971 4412 at
993 4369 1033 4412 est
1056 4369 1111 4413 tota
1134 4361 1234 4412 caduca
1254 4358 1284 4424 B,
1303 4361 1391 4413 ionica
1406 4361 1440 4412 ari
1457 4313 1631 4414 trittaugndaea
1651 4367 1684 4428 A,
1751 4397 1759 4412 ,ι

358 4496 444 4547 ionica
462 4473 489 4547 ui
506 4505 545 4547 eat
564 4493 796 4561 cadaeaVssitiP,
813 4497 844 4548 13
862 4497 1075 4550 hemistichiorum
1094 4497 1124 4562 B,
1142 4443 1339 4549 hermeniorum
1357 4501 1389 4562 Α,
1409 4500 1611 4552 demisticltorarn
1633 4501 1657 4550 V
1676 4499 1685 4566 {3
1770 4555 1772 4560 ,

364 4635 420 4693 181,
434 4636 465 4685 31
486 4591 770 4690 ὸΠΟΕΛὰὲΕΟΝΟΕ
785 4635 816 4693 ,1,
831 4625 1135 4691 ὰΠΟΕΛὰ(8(οΝ08
1150 4637 1183 4688 V.
1217 4651 1333 4687 errorum
1347 4653 1379 4687 ex
1392 4639 1553 4706 compendiis
1568 4651 1683 4691 ortorum

360 4717 423 4768 iraec
441 4731 501 4768 sum
520 4718 653 4785 exempla:
674 4735 699 4786 p.
713 4721 754 4778 20,
769 4721 800 4770 12
820 4717 835 4782 ξ
853 4729 879 4771 et
897 4733 921 4785 ψ
941 4720 994 4783 ΑΒ,
1016 4721 1030 4786 ξ
1050 4730 1076 4772 et
1094 4725 1162 4772 inter·
1182 4720 1228 4788 Vi
1241 4725 1284 4782 40,
1304 4724 1337 4775 23
1356 4731 1448 4776 contra
1469 4723 1497 4784 B,
1515 4725 1531 4771 5
1550 4727 1581 4785 Α,
1602 4724 1684 4792 put!

359 4803 401 4865 40,
416 4805 449 4855 29
468 4809 509 4855 aei
520 4811 613 4856 contra
626 4805 654 4868 Β,
675 4807 770 4868 ΓΗ,
789 4808 799 4855 i
816 4821 915 4873 qnoque
928 4805 1028 4874 Vidit,
1042 4809 1075 4858 25
1093 4809 1134 4857 aci
1153 4812 1212 4874 qnia
1229 4808 1256 4869 B,
1275 4815 1291 4862 ri
1310 4809 1372 4876 qut'a
1387 4813 1416 4873 A,
1437 4811 1527 4876 aquia
1539 4810 1572 4862 V.
1603 4813 1682 4862 exiis

311 4895 313 4898 ·
360 4903 426 4952 quae
451 4888 477 4938 iu
502 4889 621 4943 Parisino
644 4892 733 4943 codice
756 4892 850 4942 rectius
875 4907 953 4956 qnam
977 4895 1003 4944 iu
1028 4893 1144 4944 Palatino
1170 4905 1194 4944 et
1219 4896 1372 4947 Valentiano
1396 4895 1493 4964 scripta
1522 4907 1584 4948 sunt
1606 4899 1685 4966 paulo
