3874 5556
357 319 667 414 ffi''‚
909 360 1129 412 mmm

358 455 381 494 p.
395 443 455 488 2³8².
468 444 495 487 9³
508 445 533 489 P.
1010 461 1014 468 ·

566 537 645 600 ellici
668 535 875 620 diphthongon
899 555 990 601 unam
1014 557 1104 622 posse
1129 556 1185 603 nec
1208 537 1311 620 plures
1334 558 1417 614 reor;

564 621 694 715 vles-ut
716 639 823 704 dicunt
841 630 995 723 Ἀχαιῶν,
1018 650 1101 724 γυῖα
1122 650 1207 726 μυῖα
1230 650 1260 705 et
1284 639 1364 705 tolle.

607 743 710 807 Porro·
727 742 930 826 diphthongos
954 746 1053 810 Latini
1077 754 1219 827 quattuor
1242 745 1315 808 lires
1337 745 1465 808 hebent:

564 855 688 930 quattor
711 845 779 910 ideo
802 850 961 930 separeri,·
979 851 1082 932 quinta
1106 848 1185 932 quod
1210 849 1250 912 slt
1272 851 1403 934 rarior,-

511 966 550 1009 αο
565 970 601 1013 eu
625 950 735 1034 quihus
759 953 859 1015 statim
885 952 1002 1018 videbis
1025 973 1099 1026 uon,
1124 963 1158 1016 ut
1180 956 1212 1016 in
1235 953 1355 1032 graecis
1377 954 1463 1017 sonis
1495 977 1499 984 ·

564 1051 648 1118 ἰῶτα
671 1054 816 1136 subiungi
838 1074 962 1120 necesse
986 1065 1045 1129 est,
1069 1055 1195 1121 alteram
1218 1055 1266 1119 rel
1289 1075 1311 1118 υ
1334 1055 1411 1126 deri.

563 1177 685 1241 semper
707 1173 721 1221 1
744 1155 787 1220 rel
813 1173 835 1222 u
857 1141 965 1224 latinos
988 1179 1077 1244 posse
1100 1159 1187 1224 subdi
1211 1161 1332 1224 ceteris.

479 1329 481 1332 ,
563 1255 659 1344 ἄλφα
682 1281 802 1342 semper
825 1271 915 1346 etque
940 1259 1022 1326 ἰῶτα
1045 1283 1135 1348 quern
1159 1273 1265 1348 parent
1289 1263 1414 1327 Graecis
1436 1281 1554 1336 sonum,

562 1381 586 1428 Δ
610 1376 640 1429 et
661 1379 683 1428 s
707 1365 795 1429 nobis
818 1367 1005 1430 ministrent:
1030 1368 1076 1430 sic
1099 1369 1180 1430 euim
1204 1386 1259 1430 nos
1281 1365 1455 1430 scribimus.

511 1483 550 1528 us
564 1489 597 1533 οι
620 1469 758 1532 similiter
781 1483 842 1542 ou,
867 1479 898 1532 et
919 1484 941 1532 u
963 1471 1011 1544 lit,
1036 1467 1120 1534 ἰῶτα
1143 1470 1223 1554 quod
1247 1488 1388 1552 graecum
1411 1471 1478 1542 luit,

446 1571 448 1576 ⁴
562 1587 610 1636 uu
634 1583 668 1648 et
685 1585 731 1634 uu
754 1591 821 1636 cum
846 1571 1034 1655 copulamus,
1059 1587 1081 1636 u
1104 1575 1266 1637 secundem
1290 1575 1450 1654 iungimus.

562 1677 592 1738 in
617 1677 712 1738 vicem
735 1693 863 1756 graecae
887 1675 968 1760 quod
992 1695 1015 1739 v
1037 1678 1114 1740 boec
1136 1677 1257 1740 subdite
1279 1684 1325 1739 est
1349 1678 1460 1740 vocalis
1482 1691 1515 1740 υ.

563 1797 670 1860 graece
695 1777 899 1860 diphthongos
922 1778 974 1842 sed
998 1799 1041 1842 ov
1063 1783 1095 1842 in
1117 1778 1229 1844 litteris
1252 1783 1366 1844 nostris
1390 1788 1483 1853 vacet,

562 1881 625 1946 sole
651 1881 759 1945 vorslls
783 1883 863 1963 quod
886 1897 909 1945 u
931 1886 993 1945 ium
1017 1882 1148 1966 complet
1170 1882 1251 1947 lrunc
1274 1886 1348 1948 setis
1370 1903 1489 1947 sonum.

509 2002 597 2067 teos,
621 1985 729 2048 deinde
752 1983 851 2058 ἰῶτα,
875 2003 984 2066 graece
1009 1986 1088 2070 quod
1112 1984 1317 2068 diphthongos
1341 2008 1370 2051 ει
1393 1994 1489 2058 sonet,

563 2109 622 2154 non
646 2091 704 2153 erit
725 2108 847 2172 semper
870 2108 996 2154 neccsse
1020 2091 1175 2172 copulatas
1198 2088 1346 2163 scribere,

561 2213 615 2257 seu
638 2191 729 2257 letius
753 2212 808 2256 seu
832 2196 953 2274 lugetur
976 2211 1084 2274 graeca
1109 2192 1196 2274 longa
1220 2192 1342 2276 syllaba,

561 2295 646 2360 ἰῶτα
668 2296 763 2359 solum
787 2296 867 2379 quod
892 2298 1029 2359 videmus
1051 2315 1142 2378 saepe
1164 2295 1292 2378 produci
1316 2297 1360 2361 vel
1384 2313 1407 2360 1.

551 2394 659 2464 Ἴλιον
683 2417 750 2463 nam
774 2401 817 2463 sic
840 2400 980 2464 iubemur
1003 2399 1141 2462 scribere
1165 2408 1195 2460 et
1217 2400 1404 2481 producere:

508 2521 548 2562 cos
562 2503 647 2566 dico
670 2507 733 2566 sire
756 2501 855 2576 lido,
879 2502 986 2584 longae
1010 2511 1081 2566 sunt
1103 2503 1222 2584 priores
1244 2501 1392 2585 syllabae:

560 2626 617 2670 nec
640 2616 740 2670 temen
764 2626 820 2670 uos
843 2621 865 2669 u
889 2625 1013 2692 necesse
1036 2610 1082 2668 est
1104 2613 1190 2687 posta
1211 2615 1242 2666 et
1264 2619 1276 2668 1
1300 2604 1493 2671 subnectere.

444 2719 450 2726 '
560 2730 616 2775 nec
640 2719 740 2794 potest
762 2709 967 2793 diphthongus
990 2710 1077 2772 aliter
1101 2730 1117 2772 e
1141 2707 1258 2772 duabus
1281 2707 1391 2772 litteris

559 2818 616 2878 iste
639 2817 796 2898 componi,
821 2815 879 2878 nisi
902 2821 971 2877 ente
994 2811 1157 2896 principali
1179 2815 1211 2875 in
1236 2831 1366 2894 corpore

560 2933 581 2981 u
605 2903 732 2983 subesse
755 2921 831 2981 ratio
854 2905 1003 2981 monstret
1024 2927 1114 2999 etque
1137 2917 1223 2998 origo
1247 2916 1386 2981 nominis.

506 3041 546 3082 ιιο
560 3025 688 3105 Δεῖμος
709 3022 780 3086 ἰιιδο
803 3023 847 3085 sic
871 3030 1025 3092 notemus,
1050 3022 1119 3100 quie
1143 3017 1219 3094 δέος
1242 3019 1454 3101 deprenditur,

558 3127 628 3191 inde
652 3121 873 3211 Μήδειανοαο
895 3133 1016 3209 oportet
1038 3123 1176 3187 scribere
1200 3121 1295 3186 isdem
1319 3121 1438 3193 litteris,

559 3233 629 3314 quie
653 3227 729 3306 δέος
751 3250 812 3294 non
837 3232 937 3293 minus
959 3238 990 3291 et
1011 3231 1095 3298 istic,
1120 3236 1153 3290 ut
1175 3225 1279 3290 videre
1303 3225 1458 3310 propalam
1482 3235 1536 3298 est,

559 3334 623 3415 ipse
647 3333 834 3398 demonstret
855 3331 980 3396 subesse
1003 3335 1184 3412 compositio
1208 3331 1348 3395 nominis.
1436 3327 1439 3334 ’

559 3435 720 3500 scribimus
742 3441 769 3500 si
791 3437 910 3520 quando
934 3445 1044 3511 οἰκος,
1069 3433 1153 3499 ἰῶτα
1176 3434 1275 3518 solum
1300 3435 1420 3506 scilicit,

352 3593 557 3604 -u-—n—

420 3679 471 3731 417
491 3671 553 3740 υἷες
577 3690 604 3729 ut
622 3677 711 3730 dicunt
726 3669 856 3747 Ἀχαιῶν,
881 3685 953 3748 poia
970 3683 1044 3748 μυῖα
1062 3681 1244 3732 Locdmomuu
1267 3697 1329 3742 ιαες
1353 3689 1381 3732 ιιι
1403 3679 1492 3730 δίοιιαι
1510 3678 1673 3746 animum

352 3781 425 3831 μοια
445 3765 476 3816 M
494 3759 556 3825 vles·
574 3775 602 3815 ut
620 3765 709 3816 dicunt
723 3767 829 3832 Achaei,
846 3771 917 3834 puin
934 3770 1008 3834 μοία
1024 3767 1151 3834 Tapiorue
1169 3769 1229 3819 lect.
1243 3767 1306 3832 Lpe.
1324 3783 1351 3832 p.
1372 3769 1430 3818 333
1448 3767 1489 3819 erl.
1510 3765 1597 3817 Reislr.
1616 3766 1673 3816 coll.

351 3867 374 3902 τ.
394 3854 453 3904 458.
473 3853 531 3906 482.
551 3854 602 3902 658
672 3855 723 3904 tte
742 3851 868 3912 ernttuor
891 3854 949 3904 ideo
970 3853 1000 3904 Μ
1018 3867 1140 3916 ιμιιιιιιιοτ
1163 3867 1192 3903 eo
1219 3853 1398 3904 Locltnrcmutr
1468 3853 1519 3904 tun
1539 3849 1581 3906 01
1601 3852 1673 3902 simi·

353 3925 1672 4006 mfflmmmmmmmmmwiwm

250 4077 254 4082 ¹
352 4031 392 4071 est
410 4021 591 4074 Lachmannue
611 4021 633 4072 Y
651 4023 756 4075 subdite
779 4023 839 4086 (om.
857 4025 920 4076 hoec
939 4031 965 4076 et
985 4022 1035 4090 est)
1055 4025 1085 4075 M
1103 4041 1121 4076 α
1139 4020 1228 4088 deiris
1247 4025 1351 4076 subdite
1370 4034 1409 4074 est
1427 4021 1569 4075 Briscceuc
1591 4023 1616 4074 Τ
1636 4023 1673 4073 sic

352 4107 458 4158 subdite
480 4119 520 4159 est
541 4109 674 4161 Dcweeius
692 4113 761 4161 mise.
780 4115 838 4165 crit.
857 4129 882 4177 p.
904 4115 938 4163 13
961 4110 986 4162 Τ
1001 4111 1039 4160 sie
1058 4111 1177 4162 subditur
1195 4111 1316 4163 Eidilriur
1333 4111 1405 4175 oprtd
1422 4107 1571 4160 Suetonium
1622 4109 1673 4160 428

351 4194 397 4246 sed
418 4193 474 4248 ΟΤ
489 4195 514 4244 ln
534 4193 673 4246 Sontenius
692 4197 739 4246 sed
758 4195 802 4246 Οἳ
822 4197 854 4247 M
871 4197 917 4246 sed
941 4182 1113 4248 οὖιίἰαίιίοι
1129 4197 1236 4264 Lipsius
1258 4198 1290 4248 de
1308 4203 1382 4248 recto
1403 4201 1526 4262 ρτοιιιοιι.
1546 4197 1592 4245 lot.
1610 4195 1670 4259 tt'np.

352 4297 375 4332 c.
390 4282 423 4331 10
440 4288 466 4332 et
480 4281 661 4333 Lochnonnus
674 4281 720 4331 sed
733 4294 818 4331 sutem
834 4281 888 4334 OT
898 4283 1033 4334 Dmoest'uc
1045 4282 1092 4332 sed
1106 4283 1163 4333 ideo
1177 4283 1298 4334 Eldilciuc
1349 4283 1400 4332 429
1418 4280 1490 4343 quod
1503 4297 1519 4330 u
1531 4279 1582 4330 iem
1602 4294 1673 4329 eom·

352 4366 407 4432 piet
427 4367 547 4420 Eldilrr'ue
570 4365 642 4430 qtrod
661 4367 685 4415 V
704 4367 816 4434 complet
835 4367 868 4418 Μ
883 4368 953 4430 quod
973 4385 989 4418 u
1008 4383 1044 4420 οο
1062 4368 1175 4436 complet
1193 4369 1372 4420 Lucumonem
1395 4366 1465 4432 quod
1488 4367 1537 4417 iste
1560 4365 1674 4432 complet

353 4453 488 4504 llcwecinc
505 4455 574 4505 orire.
591 4454 650 4504 crit.
667 4470 697 4520 p.
712 4456 763 4504 491
781 4453 851 4517 quod
871 4453 939 4504 hunc
958 4471 974 4504 u
993 4455 1122 4522 compleat
1145 4456 1209 4505 sctis
1233 4468 1327 4504 sonum
1351 4451 1585 4518 Warsenberpbdte
1602 4453 1674 4518 apud

240 4593 285 4606 ,Ι
353 4539 502 4590 Santenium
570 4539 622 4592 430
639 4539 769 4606 diphonos
788 4540 821 4594 L.
842 4540 985 4593 Muellerus
1002 4543 1035 4593 cle
1053 4557 1082 4592 re
1100 4547 1173 4594 metr.
1198 4549 1268 4607 poet.
1287 4542 1332 4590 lat.
1350 4555 1375 4603 p.
1395 4541 1462 4590 ³1⁴.-
1480 4538 1516 4601 οἰ.
1535 4555 1558 4588 τ.
1577 4539 1628 4587 475

352 4627 404 4677 436
427 4641 473 4675 uec
496 4637 581 4676 temen
605 4611 665 4692 post
684 4625 704 4675 E
724 4642 829 4677 necesse
848 4637 887 4678 est
907 4642 954 4678 uos
972 4639 997 4677 et
1016 4627 1026 4676 l
1044 4627 1195 4678 subnectere
1219 4623 1451 4690 Wossenderpltt'us
1521 4635 1599 4690 postu
1617 4635 1641 4673 et
1664 4624 1672 4674 i

352 4711 503 4761 subnectere
516 4711 696 4764 Ιταοίιτιοτιιιατ
708 4723 780 4780 post.
793 4713 813 4763 l.
825 4713 975 4763 subnectere
990 4713 1021 4764 Μ
1034 4709 1106 4764 ἰῶτα
1125 4725 1188 4780 post
1201 4721 1351 4762 commolere
1364 4709 1504 4761 Santonico
1547 4711 1599 4760 tto
1612 4711 1674 4773 quie

354 4791 420 4856 δέος
433 4795 604 4863 deprenditur
617 4797 793 4850 Lachmannuc
803 4797 863 4862 quin
878 4797 967 4867 δεμος
981 4798 1196 4868 reprselrendirnr
1209 4797 1239 4848 M
1279 4799 1328 4848 441
1342 4788 1532 4862 Mrjdetoeuque
1542 4796 1576 4847 L.
1590 4795 1675 4847 Muel-

239 4943 245 4949 ι
284 4910 287 4915 -
353 4883 423 4952 leros
440 4883 472 4932 de
491 4899 520 4934 re
538 4891 611 4934 metr.
629 4893 699 4948 poet.
719 4887 762 4934 lot.
781 4901 810 4950 p.
829 4886 881 4935 288
898 4883 1026 4952 μηδειαν
1045 4885 1077 4935 Μ
1093 4881 1231 4950 Μήδειαν
1251 4894 1273 4932 te
1294 4881 1477 4959 Lochrrrnnnue
1529 4881 1622 4932 iisdem
1644 4881 1676 4946 Μ
